4492 6592
478 661 557 730 ’474

479 864 614 954 cecidit,
641 863 783 936 donavit
810 861 1022 934 monasterio
1049 862 1084 933 in
1112 851 1297 933 Xonsoh
1333 882 1436 952 agros
1464 860 1661 952 superiores
1689 861 1807 952 oppidi
1834 861 2025 950 Xanseh‚

480 1007 557 1056 oum
584 985 656 1055 suis
683 983 795 1073 pratis
822 1003 927 1073 penes
954 987 1100 1053 stratam
1118 981 1307 1072 publicam,
1336 1001 1405 1071 qua
1422 981 1495 1052 itur
1514 1003 1638 1052 versus
1657 981 1878 1074 Myeohov,
1904 989 1942 1054 et
1967 1005 2027 1074 per

480 1105 700 1195 privilegium
727 1126 825 1176 suom
854 1103 1074 1174 donationem
1102 1102 1300 1174 huiusmodi
1327 1102 1546 1174 confirmavit
1572 1123 1663 1174 anno
1691 1103 1831 1174 Domini
1863 1104 1970 1174 1381.

585 1223 677 1322 Apri
714 1223 933 1297 inferiores.
974 1222 1091 1294 Morte
1129 1222 1377 1314 Spitkonis
1413 1223 1456 1294 de
1493 1223 1689 1295 Melstin
1724 1225 1870 1314 palatini
1907 1224 2029 1296 Graan-

481 1346 624 1434 viensis,
651 1346 687 1416 in
713 1345 846 1436 proelio
874 1343 1055 1416 Tartarioo
1083 1343 1128 1416 ad
1154 1343 1277 1416 fluvios
1312 1343 1558 1416 Worszkla
1584 1351 1621 1416 et
1648 1329 1953 1437 zymnawo'ua
1979 1368 2030 1415 se·

481 1472 598 1556 quota,
626 1465 873 1538 Helisabath
899 1463 1024 1537 relicta
1041 1463 1189 1556 praelati
1217 1463 1431 1556 Spitkonis
1459 1465 1615 1556 palatini,
1641 1465 1713 1537 filia
1730 1465 2030 1557 Woydefiom·

480 1577 584 1657 rich
620 1587 763 1657 baronis
789 1585 833 1657 de
859 1584 1058 1676 Hungaria,
1096 1607 1200 1676 agros
1237 1585 1419 1658 inferiores
1455 1586 1572 1678 oppidi
1611 1587 1813 1677 Xausoh,
1848 1608 1926 1658 num
1962 1588 2030 1657 suis

482 1707 605 1796 pratis,
632 1713 713 1796 post
739 1707 860 1779 hortos
886 1708 1040 1778 civitatis
1067 1707 1250 1778 Xansoh
1279 1708 1439 1797 iacentes,
1467 1707 1678 1780 monasterio
1696 1706 1843 1778 fratrum
1870 1707 2029 1779 eremita

355 1882 356 1885 ,
481 1841 558 1898 rum
584 1827 687 1899 Beati
714 1827 902 1918 Augustini
929 1829 965 1931 in
992 1827 1176 1925 Xansoh
1203 1829 1390 1902 donatione
1417 1833 1584 1919 perpetua
1610 1828 1646 1900 in
1673 1828 1927 1920 eleemosynam
1955 1849 2030 1900 oon·

482 1948 567 2019 tulit
593 1955 630 2020 et
657 1949 905 2039 appropriavit.

589 2068 777 2142 Mediolon
798 2069 1006 2143 molendini
1026 2071 1063 2141 in
1083 2069 1254 2142 Xensslr.
1282 2049 1514 2143 considerans
1532 2071 1674 2163 insuper
1692 2073 1872 2174 praelatus
1890 2071 2030 2162 Spitlro

484 2189 528 2260 de
554 2189 783 2261 Melsthin
818 2190 994 2281 palatinus
1026 2189 1284 2291 Gronoviensis,
1321 2193 1572 2264 monasterium
1599 2193 1635 2264 in
1663 2193 1845 2266 Xansoh
1880 2197 2029 2285 egestate

482 2310 582 2399 gravi
618 2330 777 2401 pressum
814 2331 909 2400 esse,
946 2311 1132 2403 volensque
1170 2311 1255 2383 illud
1282 2319 1319 2384 et
1344 2312 1471 2385 fratres
1509 2313 1584 2386 eius
1610 2315 1769 2405 ampliori
1806 2315 2029 2408 eleemosyna

482 2451 547 2522 pro
586 2431 677 2503 eius·
696 2433 948 2504 sustentatione
982 2432 1143 2523 reficere,
1184 2433 1370 2506 molendini
1407 2434 1461 2506 sui
1487 2435 1711 2508 haereditarii
1755 2441 1792 2509 et
1831 2437 2028 2528 paterniin

484 2550 612 2642 oppido
639 2550 824 2622 Xansoh
851 2559 887 2623 et
913 2552 948 2623 in
976 2553 1115 2624 flumine
1134 2608 1141 2622 .
1161 2609 1168 2622 .
1188 2609 1194 2623 .
1214 2608 1248 2652 ·.·
1276 2553 1335 2625 siti
1362 2553 1586 2626 medietatem
1613 2562 1649 2627 et
1676 2557 1880 2646 portionem,
1909 2555 2028 2628 medie·
2132 2645 2133 2650 Ἰ

483 2675 558 2742 tate
586 2671 653 2743 sibi
679 2678 877 2762 reservata,
913 2673 1124 2745 monasterio
1152 2674 1187 2744 in
1215 2673 1399 2767 Xansoh
1434 2675 1580 2747 fratrum
1617 2677 1841 2748 eremitarum
1879 2676 2027 2756 eontulit

483 2790 644 2880 donavit,
680 2793 938 2883 appropriavit,
973 2799 1014 2865 ut
1039 2794 1210 2866 haberent
1228 2793 1363 2867 ¹fratres
1390 2797 1592 2869 monasterii
1628 2795 1795 2888 praefati,
1833 2818 1902 2888 quo
1929 2798 2028 2869 vitam

483 2910 717 2984 defenderent.
1385 2978 1388 2982 .

590 3029 749 3106 Hortus.
777 3031 959 3105 Praefatus
977 3035 1082 3105 etiarn
1110 3033 1278 3126 Spitlro
1306 3035 1348 3108 de
1367 3021 1561 3110 M'elstin
1589 3038 1764 3130 palatinus
1783 3037 2026 3128 cracoviensis,

484 3151 625 3240 pietatis
652 3173 735 3224 suae
761 3153 1006 3225 liberalitatem
1033 3161 1069 3226 et
1096 3155 1256 3227 ardorem
1284 3162 1486 3230 ostensurus
1504 3160 1537 3229 in
1559 3161 1805 3231 monasterium
1833 3159 2028 3251 praelatum,

485 3270 593 3342 donat
620 3271 731 3343 eidem
757 3274 968 3345 monasterio
994 3268 1135 3347 hortum
1162 3275 1376 3367 foecundum,
1403 3279 1468 3350 sub
1491 3281 1701 3352 monasterio
1728 3287 1765 3352 et
1782 3301 1906 3352 versus
1934 3301 2028 3371 agros
2131 3335 2134 3346 .

422 3383 426 3390 ’
486 3392 683 3480 superiores
719 3394 921 3465 monasterii
948 3395 1063 3466 situm.
1097 3395 1138 3468 In
1166 3417 1233 3488 quo
1261 3400 1507 3471 monasterium
1545 3401 1739 3474 huiusmodi
1776 3401 1874 3474 olera
1901 3401 2029 3492 singula

486 3533 614 3603 serens,
641 3513 774 3605 frugem
801 3515 1030 3588 necessariam
1057 3519 1207 3608 percipit
1234 3539 1276 3590 ex
1304 3519 1433 3591 eodem.
