4492 6592
1663 756 1736 827 421
1762 812 1764 819 ,

169 955 257 1039 ,lvo
295 957 416 1025 tamen
451 951 691 1025 (iracoviensis
728 955 928 1046 episcopus,
964 955 1117 1027 eiusdem
1154 954 1308 1027 Vislai
1342 957 1478 1029 comitis
1505 964 1674 1049 cognatus
1688 965 1739 1052 ,et

185 1074 417 1164 propinquus,
453 1078 489 1145 et
524 1094 566 1145 ex
602 1076 722 1147 eadem
757 1076 937 1147 nobilitate
973 1082 1011 1147 et
1045 1075 1176 1149 familia
1211 1075 1527 1151 Odrowanscb
1555 1066 1739 1169 ingenuam

185 1176 309 1263 ducens
347 1196 515 1285 stirpem,
542 1195 709 1278 antidono
745 1195 926 1285 excedenti
962 1196 1012 1266 illi
1048 1195 1281 1287 respondens,
1310 1197 1493 1288 dotemque
1530 1202 1740 1271 monasterio

186 1313 340 1404 praefato
371 1292 444 1405 'per
479 1316 575 1386 illurn
612 1317 729 1387 datum
766 1316 859 1387 villis
886 1316 957 1387 suis
993 1316 1311 1407 patrimonialibus,
1339 1316 1517 1389 videlicet:
1544 1318 1741 1409 Kouska,

186 1434 309 1505 Stari
339 1433 672 1527 Odrowansob,
701 1435 921 1525 Goszian,
948 1437 1314 1529 Nyssa-nyenye,
1341 1437 1741 1529 Modlyszowicze,

185 1554 416 1628 Kazanow
443 1564 480 1629 et
506 1557 678 1647 Popow,
706 1578 823 1629 crassa
849 1559 1086 1629 uicissitudine
1105 1578 1380 1659 recompensam,
1399 1559 1510 1649 ipsum
1530 1559 1741 1631 Vislaum

184 1659 351 1748 etlilium
382 1699 482 1749 snum
510 1678 747 1750 Dobeslau
758 1701 801 1768 nr,
829 1679 1063 1768 praelatarum
1091 1679 1251 1750 villarum
1277 1684 1479 1769 perpetuum
1500 1680 1641 1771 reliquit
1655 1674 1741 1753 hae-

184 1800 309 1889 redem,
337 1800 395 1870 ius
421 1798 652 1889 fundationis,
680 1800 870 1871 dotationis
897 1807 933 1871 et
960 1804 1185 1891 patronatus,
1213 1802 1471 1891 praemiumque
1499 1801 1741 1873 retributionis

185 1927 344 1991 aeternae
373 1908 576 1992 monasterii
614 1920 780 2011 praelati,
807 1922 883 2011 ipso
909 1921 1073 1992 Vislao
1110 1897 1406 1993 comite'cedente
1434 1927 1468 1991 et
1495 1922 1741 2010 consentiente,

184 2044 216 2113 in
244 2062 281 2111 se
309 2043 475 2131 suscepit,
503 2042 638 2132 sibique
674 2048 842 2133 perpetue
868 2043 1117 2134 appropriavit.
1152 2040 1221 2112 Hic
1249 2043 1366 2133 itaque
1394 2042 1473 2113 lvo
1501 2040 1740 2113 Gracoviensis

187 2164 368 2253 episcopus
397 2163 644 2233 monasterinm
672 2161 866 2254 praefatum
886 2164 922 2234 iu
940 2163 1243 2265 Prandoczina
1264 2164 1423 2253 ampliori
1442 2163 1532 2253 dote,
1551 2184 1626 2233 cum
1646 2164 1743 2253 prior

186 2304 305 2373 parum
343 2283 413 2353 sibi
449 2282 623 2355 sufficiens
650 2291 685 2355 et
712 2284 827 2355 tenuis
854 2283 1049 2373 videretur,
1078 2284 1321 2373 insigniturus,
1348 2304 1438 2353 anno
1465 2283 1603 2355 Domini
1635 2284 1742 2355 1222.

185 2404 408 2493 pontificatus
435 2404 488 2474 sui
516 2425 606 2473 anno
634 2411 767 2495 quarto,
795 2404 965 2494 quaedam
992 2404 1083 2476 bona
1110 2411 1146 2475 et
1173 2404 1336 2475 introitus
1354 2404 1389 2474 in
1409 2403 1495 2475 illud
1514 2402 1647 2475 confert
1665 2404 1741 2473 inre

186 2527 331 2615 patroni,
360 2524 530 2615 quaedam
558 2546 642 2596 vero
670 2527 744 2596 iure
772 2525 977 2615 episcopali,
995 2532 1041 2615 ,et
1077 2527 1152 2596 iure
1189 2525 1328 2615 quidem
1366 2525 1553 2619 episcopali
1588 2523 1740 2613 capitulo

188 2646 443 2736 consentiente,
480 2647 534 2735 dc,
559 2646 842 2736 quinquagesima
878 2646 1097 2736 episcopatus
1134 2646 1207 2736 sui,
1235 2644 1341 2716 donat
1377 2645 1427 2715 illi
1455 2644 1577 2735 viginti
1606 2664 1740 2715 marcas

187 2768 261 2855 puri
289 2768 438 2857 argenti,
475 2773 511 2837 et
547 2768 669 2857 viginti
705 2768 839 2839 modios
866 2767 1078 2857 episcopales
1105 2768 1140 2837 in
1167 2786 1297 2856 grano,
1325 2764 1368 2835 de
1396 2766 1520 2855 quibus
1547 2785 1590 2835 ne
1618 2764 1652 2865 in
1680 2784 1741 2852 po-

188 2894 315 2959 sterum
344 2893 465 2979 posset
491 2887 689 2961 differentia
715 2878 946 2959 cavillationis
974 2888 1134 2976 suboriri,
1162 2887 1285 2977 viginti
1313 2885 1446 2957 modios
1474 2884 1687 2976 episcopales
1707 2886 1742 2955 in

188 3030 306 3099 grana
334 3010 371 3080 in
399 3009 541 3080 decimis
568 3009 673 3080 certis
700 3016 736 3079 et
763 3008 851 3097 fixis,
878 3028 1018 3079 mensae
1046 3029 1130 3079 suae
1157 3007 1363 3098 episcopalis
1390 3008 1425 3077 in
1447 3007 1554 3095 villis,
1582 3005 1742 3077 videlicet

190 3128 892 3219 Januszowicze,Szmrokowa,
920 3128 1223 3235 Wanszirow,
1251 3126 1564 3216 Chelowicze,
1592 3126 1742 3217 quaein

189 3270 295 3338 grano
323 3250 367 3322 de
396 3251 519 3340 viginti
546 3249 671 3321 modiis
698 3250 951 3341 episcopalibus
979 3250 1077 3321 anuis
1104 3250 1249 3339 singulis
1272 3249 1460 3340 episcopali
1479 3268 1616 3319 mensae
1635 3247 1743 3317 ratio-

190 3392 230 3439 ne
256 3371 432 3463 decimae3
459 3372 542 3443 item
574 3372 724 3443 decimas
752 3351 984 3461 manipulares
1012 3372 1045 3441 in
1066 3372 1159 3441 villis
1177 3370 1622 3461 Monpaczlrowicze,
1642 3367 1744 3438 Lan-

193 3492 316 3562 lawa
342 3491 518 3582 Jacobi,
544 3492 774 3565 Lankena
801 3492 1019 3581 Martini,
1046 3491 1364 3581 Przysznyow,
1392 3482 1744 3561 Clemencz'icze
1836 3538 1839 3549 .

194 3617 227 3681 et
251 3611 632 3703 Koprzywnicze‚
660 3634 748 3703 quae
776 3613 818 3683 dc
847 3613 970 3703 viginti
997 3613 1125 3683 marcis
1143 3613 1222 3701 puri
1242 3612 1377 3700 argenti
1397 3610 1586 3700 episcopali
1604 3628 1743 3678 mensae

183 3753 253 3824 pro
289 3734 425 3805 decima
461 3735 561 3805 annis
597 3734 742 3823 singulis
778 3728 1055 3823 respondebant,
1082 3734 1117 3803 in
1145 3738 1273 3803 sortem
1311 3751 1414 3800 unam
1442 3730 1477 3799 in
1505 3735 1602 3799 terra
1627 3726 1745 3799 Sancti

194 3850 395 3927 Venczeslai
422 3855 580 3945 vicinam,
606 3855 758 3925 claustro
785 3853 960 3943 erigendo,
987 3852 1197 3952 assignabat,
1226 3853 1300 3921 iure
1328 3870 1410 3920 vero
1438 3848 1576 3938 patroni
1603 3846 1745 3917 invilla

194 3971 497 4065 Prandoczin,
524 3976 579 4046 ius
609 3981 817 4066 patronatus
841 3975 949 4047 trium
977 3972 1263 4064 praebendarum,
1289 3970 1421 4041 fructus
1449 3990 1531 4042 vero
1560 3973 1596 4038 et
1621 3952 1754 4037 introi-¹

193 4097 247 4165 tus
272 4117 392 4189 aarum
420 4098 495 4169 iure
523 4098 675 4187 episcopi
703 4097 738 4167 in
766 4096 894 4167 dictum
920 4095 1167 4166 monasterium
1187 4090 1362 4164 transfert.
1390 4090 1476 4162 ltern
1501 4089 1626 4195 villam,
1646 4106 1746 4179 prae-

196 4212 284 4287 dium
303 4224 339 4289 et
357 4219 610 4290 haereditatem
629 4222 806 4308 paternam
826 4216 1042 4306 Mugilam
1071 4235 1177 4305 supra
1194 4212 1334 4285 fluvium
1353 4212 1533 4301 Dlubny
1546 4230 1610 4280 arn
1634 4210 1746 4295 sitam,

196 4354 270 4407 cum
297 4340 391 4411 omni
418 4341 632 4431 proprietate
660 4349 696 4410 et
723 4338 892 4428 dominio,
919 4338 1000 4409 item
1037 4336 1166 4408 iontem
1196 4334 1279 4405 salis
1307 4334 1350 4405 ad
1379 4354 1455 4405 eum
1483 4333 1558 4401 iure
1585 4328 1745 4401 baeredi-

196 4458 284 4529 tario
311 4460 562 4551 pertinentem,
590 4467 758 4553 perpetua
788 4459 975 4531 donatione
1012 4458 1186 4547 resignat,
1214 4476 1276 4545 per
1303 4452 1549 4525 monasterium
1578 4456 1746 4540 perpetuo

197 4581 413 4665 possidenda
439 4580 508 4652 Pro
536 4581 703 4655 aedificiis
730 4601 813 4652 vero
840 4587 876 4651 et
904 4578 1059 4668 officinis,
1087 4578 1215 4667 quibus·
1238 4574 1359 4647 domus
1379 4572 1587 4645 coenobialis
1606 4570 1747 4660 indiget,

199 4696 286 4771 inira
311 4702 517 4794 triennium,
543 4706 717 4773 trecentas
745 4722 878 4772 marcas
905 4702 985 4791 puri
1012 4699 1166 4789 argenti,
1194 4695 1426 4787 quadraginta
1451 4695 1569 4783 boves,
1597 4692 1746 4783 quadra·
1837 4728 1841 4733 ·

198 4821 293 4909 ginta
319 4844 452 4915 vaccas,
478 4829 655 4895 trecentas
683 4843 782 4912 oves,
810 4843 886 4892 curn
913 4821 1060 4893 totidem
1087 4819 1256 4905 foetibus,
1284 4816 1406 4903 viginti
1434 4822 1507 4886 tres
1534 4814 1636 4903 salis,
1664 4833 1747 4901 qua-

142 4979 145 4986 *
176 4940 358 5033 'draginta
384 4966 490 5016 urnas
517 4944 638 5033 mellis,
665 4945 847 5033 sexaginta
874 4943 1008 5013 modios
1039 4939 1272 5031 episcopaleS,
1303 4943 1440 5007 centum
1469 4935 1638 5024 ligaturas
1665 4932 1748 5003 lerri
1788 4998 1793 5007 .

202 5066 432 5157 sedatorum,
461 5068 490 5137 si
517 5066 591 5137 vita
617 5066 757 5137 interim
785 5062 970 5154 frueretur,
998 5060 1184 5153 spopondit
1211 5064 1246 5129 et
1264 5057 1448 5147 inscripsit.
1476 5054 1609 5136 Videns
1628 5058 1761 5123 autem.

202 5203 304 5275 prope
331 5176 448 5258 villam
484 5186 703 5277 Mogilam
740 5186 852 5255 locum
889 5186 1058 5275 aptiorem
1086 5203 1150 5272 pro
1177 5178 1389 5251 monasterio
1415 5175 1510 5265 sore,
1537 5173 1646 5263 priori
1673 5172 1748 5241 loro
1841 5187 1845 5195 ’

202 5306 364 5399 neglecto,
391 5308 637 5379 monasterium
666 5328 791 5378 novum
819 5308 854 5376 iu
874 5306 983 5395 pratis
1003 5304 1104 5395 uillae
1123 5301 1301 5391 praefatae
1320 5296 1497 5387 Mogila
1524 5295 1625 5383 locat,
1644 5293 1749 5381 erigit

204 5430 236 5495 et
260 5450 349 5501 anno
376 5430 514 5501 Domini
547 5412 654 5499 labo.
682 5428 725 5497 de
752 5427 895 5497 consilio
923 5432 959 5496 et
986 5423 1236 5495 ratihabitione
1265 5421 1317 5492 sui
1337 5417 1480 5509 capituli
1500 5413 1749 5500 cracoviensis,

205 5550 445 5622 monasterium
481 5550 524 5619 de
559 5548 786 5619 Kaczicze
821 5544 1050 5633 transieram,
1078 5541 1324 5613 monasterium
1343 5536 1478 5609 *nevum
1507 5536 1541 5607 in
1569 5532 1748 5623 Megila

204 5687 304 5761 prope
330 5642 458 5743 fluenta
484 5670 646 5742 Vislae
673 5669 718 5739 ad
744 5669 857 5738 locum
883 5667 1026 5738 uberem
1053 5670 1088 5735 et
1116 5662 1232 5733 multis
1259 5658 1560 5731 commoditatibus
1579 5654 1747 5769 refertum
