4492 6592
444 915 450 929 ·
487 871 563 944 ael

486 1079 531 1150 ad
562 1079 678 1149 decem
715 1096 868 1165 marcas3
898 1077 980 1148 itam
1013 1077 1055 1148 dc
1083 1078 1230 1169 triginta
1259 1077 1369 1150 laneis
1400 1085 1438 1152 et
1464 1100 1533 1151 uuo
1565 1079 1754 1152 eorundem
1786 1082 2042 1172 suburbiorum

485 1199 633 1290 percipit
661 1199 962 1270 archidiaconatus
989 1199 1212 1270 Lubliuensis
1239 1199 1406 1276 danuam
1433 1201 1705 1292 manipularem
1741 1203 1824 1274 itam
1851 1221 1892 1274 ex
1921 1203 2041 1275 decem

485 1328 520 1392 et
544 1328 625 1393 acto
643 1321 820 1410 ¹plebanus
848 1319 1089 1408 Lubliuensis3
1129 1323 1211 1392 item
1239 1343 1282 1394 ex
1310 1324 1467 1396 undecim
1494 1325 1605 1396 laneis
1632 1325 1852 1428 episcopatus
1878 1324 2043 1397 &acori

485 1463 589 1516 eusre.
1040 1514 1046 1526 ,
1379 1518 1383 1526 .

488 1589 492 1600 ·
552 1625 556 1632 .
589 1563 673 1635 Wru
701 1565 775 1634 siva
804 1563 938 1652 Wrnr,
967 1565 1050 1634 villa
1077 1566 1143 1634 sub
1170 1566 1336 1653 parochia
1361 1567 1405 1638 de
1432 1567 1777 1660 Gzymyeruiky
1802 1568 1879 1639 sita

590 1686 861 1774 Wrrnosszru⁷
888 1685 972 1756 villa
999 1687 1062 1757 sub
1091 1686 1264 1776 parochia
1274 1689 1448 1758 'ecclcsiae
1476 1688 1520 1760 de
1547 1687 1777 1760 Gasimirz
1803 1689 1934 1779 oppido
1963 1689 2040 1780 sita

482 1809 583 1880 cuius
610 1807 806 1897 proprietas
840 1796 995 1896 'pertinet
1029 1807 1072 1877 ad
1100 1807 1233 1878 nobiles
1269 1807 1437 1880 Jacobum
1465 1816 1502 1882 et
1519 1783 1709 1881 ‘Nicolaum
1745 1810 1836 1881 filios
1872 1809 2043 1901 Stephani
2109 1881 2113 1886 .

486 1930 528 2001 de
557 1931 660 2002 domo
686 1925 967 2020 Wyeuyawa.
994 1929 1034 1998 Iu
1063 1949 1132 2018 qua
1159 1934 1240 2000 suut
1266 1930 1334 2000 duo
1361 1931 1453 2002 lanei
1481 1931 1725 2021 cmetlronales,
1751 1931 1796 2002 de
1823 1931 1951 2022 quibus
1975 1934 2041 2004 sol-

486 2052 581 2124 vitur
608 2057 645 2122 et
672 2050 875 2121 conducitur
902 2051 1035 2122 decima
1062 2051 1290 2140 manipularis
1325 2073 1389 2142 pro
1421 2054 1635 2125 monasterio
1663 2052 1811 2124 Sanctae
1838 2052 1982 2143 Gracia,
2009 2061 2043 2126 at

486 2173 685 2248 valarsius
714 2173 918 2244 aestimatur
946 2173 1119 2243 adunam
1149 2194 1309 2243 marcam.
1346 2174 1601 2246 Residui'vero
1627 2174 1719 2246 lanei
1746 2174 1901 2247 eiusdem
1929 2175 2042 2265 villae,

485 2297 568 2366 item
597 2301 633 2364 et
660 2293 803 2383 praedia
829 2293 897 2364 duo
926 2294 1107 2364 dictorum.
1121 2293 1245 2365 Jacobi
1272 2300 1309 2364 ct
1335 2295 1486 2383 nicolai,
1523 2296 1662 2369 solvunt
1688 2295 1858 2367 decimam
1885 2297 2040 2388 manipu-

485 2417 592 2496 larem
635 2415 798 2486 ecclesiae
836 2415 1025 2505 parochiali
1063 2416 1097 2485 in
1135 2415 1362 2486 Gasimirz
1398 2417 1546 2507 oppid03
1585 2419 1734 2489 taberna
1769 2439 1839 2488 uua
1875 2417 1937 2489 sed
1974 2437 2041 2488 ucu

486 2539 594 2610 habet
620 2555 756 2627 agros·

494 2648 496 2652 ’
589 2659 769 2746 Lucrum,
797 2657 880 2728 villa
907 2658 971 2730 sub
999 2658 1164 2750 parochia
1191 2659 1357 2730 ecclesiae
1384 2659 1427 2730 de
1454 2657 1692 2731 Ohothcza
1718 2660 1804 2748 sita,
1831 2661 1932 2732 cuius
1960 2656 2038 2731 llae-

485 2780 587 2852 redea
623 2778 792 2868 decanus,
835 2777 1036 2849 Stanislaus'
1064 2783 1100 2848 et
1128 2778 1291 2850 Nicolaus
1327 2779 1648 2872 (lhotcczsczy
1687 2781 1821 2852 uobilm
1857 2781 1903 2851 de
1939 2781 2038 2852 domo

486 2901 647 2972 Nabra.
691 2901 732 2971 Iu
762 2908 937 2990 quaeunt
973 2906 1123 2990 quatuor
1158 2900 1249 2970 lanei
1282 2902 1536 2990 cmetllouales,
1572 2909 1609 2973 et
1636 2901 1678 2973 de
1706 2902 1866 2973 omnibus
1894 2903 2037 2974 solvitur

487 3023 620 3096 decima
646 3022 872 3112 manipularis
891 3029 927 3093 et
945 3021 1150 3093 conducitur
1176 3043 1241 3112 pro
1261 3023 1387 3094 abbata
1415 3029 1451 3094 et
1478 3030 1650 3095 conventu
1677 3023 1881 3095 monasterii
1909 3021 2038 3096 Calai
2136 3044 2137 3083 r

487 3144 661 3216 Montis
690 3143 834 3215 Sanctae
862 3141 1000 3229 Crucis,
1037 3144 1135 3215 cuius
1162 3144 1260 3214 valor
1287 3145 1491 3216 aestimatur
1518 3145 1562 3216 ad
1589 3151 1845 3239 marmoreas,
1877 3145 1962 3216 item
1988 3150 2038 3216 ta-

486 3267 596 3336 nenu
622 3271 686 3354 esc,
703 3266 798 3350 ‘item
825 3242 1012 3353 nonnam,
1039 3265 1121 3336 run
1149 3264 1337 3355 pruciam.

501 3407 503 3412 ·
594 3385 878 3476 Sarmatarum,
920 3383 1002 3456 tilla
1037 3386 1101 3456 sub
1128 3386 1294 3476 parochia
1328 3385 1372 3457 de
1397 3385 1670 3476 Sciathum,
1706 3387 1804 3458 cuius
1840 3388 2036 3477 proprietas
2136 3432 2137 3435 π

489 3507 533 3579 ad
560 3505 694 3578 nobiles
713 3559 826 3575 .....
854 3507 1013 3596 pertinet.
1041 3507 1080 3578 lu
1108 3513 1285 3598 quaeunt
1312 3513 1391 3580 octo
1418 3507 1510 3579 lanei
1535 3508 1780 3599 cmethcnalea
1807 3513 1844 3578 et
1868 3507 1913 3579 de
1930 3508 2035 3579 omui-

488 3630 553 3700 bus
580 3628 728 3700 solvitur
755 3633 791 3698 et
818 3625 1024 3698 conducitur
1050 3628 1184 3726 decima
1210 3629 1436 3719 manipularis
1463 3651 1527 3719 pro
1550 3630 1761 3700 monasterio
1788 3629 1937 3701 Sanctae
1956 3629 2036 3701 cru-
2136 3624 2137 3631 ’

487 3751 547 3840 cis,
575 3750 672 3820 cuius
698 3749 797 3821 valor
823 3749 1026 3821 aestimatur
1045 3749 1089 3820 ad
1107 3755 1240 3840 septem
1267 3770 1413 3839 marcam
1440 3751 1524 3822 item
1543 3751 1720 3842 tabernae,
1747 3751 1831 3822 item
1853 3751 2036 3840 hortulani,
2136 3754 2137 3767 ¹

487 3873 572 3943 itam
599 3871 789 3962 praedium.
1578 3856 1580 3859 ’
2136 3940 2137 3977 ζ

591 3991 756 4066 Osszrun
784 3991 956 4084 oppidum,
984 3991 1220 4083 parochialem
1246 3991 1426 4063 ecclesiam
1445 3991 1577 4063 habena
1595 3992 1632 4064 in
1650 4011 1697 4082 se,
1725 3992 1823 4064 cuius
1851 3991 2035 4064 dominium
2136 4036 2137 4051 2

487 4116 531 4186 ad
559 4115 816 4186 serenissimum
844 4113 1008 4186 Polouiae
1036 4133 1155 4204 regem
1181 4110 1343 4203 partinet.
1369 4111 1410 4184 ln
1438 4133 1506 4204 quo
1524 4117 1606 4184 sunt
1624 4113 1712 4186 certi
1738 4114 1815 4204 agri
1841 4113 1935 4185 lanei
1953 4133 2035 4185 eme
2136 4212 2137 4215 Ἴ

442 4249 445 4258 ’
488 4221 646 4309 thonales
674 4255 782 4326 prope
809 4234 985 4342 llislam
1014 4235 1090 4324 siti,
1118 4241 1154 4305 et
1181 4235 1240 4325 qui
1268 4255 1289 4306 a
1315 4233 1448 4306 Visla
1473 4235 1719 4325 surripiuntur,
1750 4240 1787 4306 ct
1811 4235 1856 4306 lle
1883 4236 2034 4307 omnibus
2136 4220 2137 4253 ³

488 4358 636 4431 solvitur
663 4363 699 4428 et
726 4355 931 4428 conducitur
967 4357 1101 4427 decima
1135 4355 1362 4446 manipularis
1397 4377 1462 4446 pro
1489 4357 1701 4428 monasterio
1721 4354 1885 4428 'Sanctam
1912 4354 2034 4442 Gracia
2136 4412 2137 4419 ,

489 4487 526 4552 et
551 4480 649 4551 valor
684 4479 758 4549 eius
794 4478 999 4550 aestimatur
1027 4478 1072 4553 ad
1100 4478 1251 4569 quinque
1278 4497 1422 4549 marcas.
1469 4476 1568 4566 Quod
1596 4477 1735 4568 quidem
1772 4477 1939 4567 oppidum
1966 4497 2033 4548 cum

491 4622 555 4672 sua
581 4601 796 4691 proprietate
833 4599 877 4670 ad
903 4599 1151 4671 monasterium
1186 4597 1334 4670 Sanctae
1362 4597 1482 4670 crucis
1511 4599 1727 4689 pertinebat,
1763 4598 1824 4670 sed
1851 4598 2032 4670 alienatum

442 4807 453 4824 μ
491 4726 555 4812 eat,
582 4726 618 4793 et
645 4721 696 4792 sal
723 4721 758 4790 in
786 4741 897 4811 cuppa
925 4721 967 4792 de
995 4721 1228 4812 Bochnya‚
1264 4720 1307 4791 de
1335 4720 1487 4811 quinque
1513 4720 1637 4791 marcia
1673 4720 1810 4810 argenti
1832 4720 1882 4802 ¹in
1911 4739 2034 4792 recum
2099 4790 2102 4795 ,
2136 4776 2137 4815 p

491 4863 634 4936 pensam
656 4863 719 4934 per
747 4843 1017 4914 Bolealaum
1045 4841 1259 4914 Pudicum
1287 4841 1417 4913 datum.
1444 4842 1532 4913 Item
1550 4842 1726 4931 talemne,
1753 4841 1837 4912 item
1855 4838 2034 4926 nomnen,

445 5034 448 5040 .
489 4969 572 5041 item
600 4964 790 5058 praedium.
1406 4983 1409 4986 ’

592 5089 965 5176 Bouuruaaowrczn
995 5085 1076 5157 villa
1094 5085 1159 5157 sub
1178 5086 1344 5176 parochia
1362 5085 1529 5157 ecclesiae
1556 5084 1599 5156 de
1626 5079 1941 5155 Wanelnicza
1967 5083 2034 5168 sita

490 5213 589 5284 cuius
615 5210 740 5282 haeres
758 5208 936 5281 lohannes
963 5207 986 5278 J
995 5227 1199 5298 aaszyca·
1217 5207 1260 5278 de
1287 5207 1392 5279 armis
1418 5205 1442 5276 J
1450 5206 1780 5296 astruambczy.
1806 5205 1847 5275 lu
1875 5227 1947 5296 qua
1964 5205 2035 5277 suut
2136 5186 2137 5245 l

489 5339 567 5406 octo
594 5332 685 5403 lanei
712 5331 962 5421 emethonalcs‚
989 5335 1025 5401 et
1052 5327 1094 5400 de
1123 5329 1282 5400 omuibus
1310 5327 1458 5400 solvitur
1484 5327 1617 5399 decima
1644 5326 1871 5421 manipularis
1898 5331 1936 5397 et
1963 5345 2033 5398 cou-
2136 5320 2137 5323 ’

489 5455 628 5527 ducitur
653 5475 717 5544 prc
745 5453 955 5526 monasterio
983 5451 1131 5524 Sanctae
1158 5448 1289 5540 Crucis,
1316 5455 1352 5522 et
1379 5449 1477 5522 valm
1503 5449 1577 5520 eius
1605 5448 1810 5519 aestimatur
1837 5446 1881 5517 ad
1909 5453 2033 5538 septem
2136 5530 2137 5535 Ἰ

490 5595 634 5646 marcas.
661 5576 748 5646 Item
767 5575 943 5663 tabernae,
970 5575 1053 5644 item
1071 5573 1257 5663 hortulani,
1284 5572 1367 5643 item
1386 5569 1567 5661 praedium
1594 5569 1742 5656 unicum,
1769 5568 1813 5639 de
1830 5569 1930 5639 cuius
1948 5567 2033 5657 agna

491 5695 638 5767 solvitur
664 5695 797 5768 decima
823 5696 1047 5786 manipularis
1075 5717 1140 5786 pro
1166 5695 1366 5785 praeposito
1394 5693 1430 5762 in
1460 5689 1777 5762 Waweluicza.
1827 5695 1830 5698 ’
2136 5686 2137 5703 l
