<?xml version="1.0" encoding="UTF-8"?>
<!DOCTYPE html PUBLIC "-//W3C//DTD XHTML 1.0 Transitional//EN"
    "http://www.w3.org/TR/xhtml1/DTD/xhtml1-transitional.dtd">
<html xmlns="http://www.w3.org/1999/xhtml" xml:lang="en" lang="en">
 <head>
  <title>
</title>
<meta http-equiv="Content-Type" content="text/html;charset=utf-8" />
  <meta name='ocr-system' content='tesseract 3.04.00' />
  <meta name='ocr-capabilities' content='ocr_page ocr_carea ocr_par ocr_line ocrx_word'/>
</head>
<body>
  <div class='ocr_page' id='page_1' title='image "./operaomnia00paulgoog_0297.png"; bbox 0 0 4492 6592; ppageno 0'>
   <div class='ocr_carea' id='block_1_1' title="bbox 496 671 570 763">
    <p class='ocr_par' dir='ltr' id='par_1_1' title="bbox 496 671 570 763">
     <span class='ocr_line' id='line_1_1' title="bbox 496 671 570 763; baseline 0 -1"><span class='ocrx_word' id='word_1_1' title='bbox 496 671 570 763; x_wconf 79' lang='lat' dir='ltr'><strong>ata</strong></span> 
     </span>
    </p>
   </div>
   <div class='ocr_carea' id='block_1_2' title="bbox 485 879 2046 1235">
    <p class='ocr_par' dir='ltr' id='par_1_2' title="bbox 485 879 2046 1235">
     <span class='ocr_line' id='line_1_2' title="bbox 485 879 2043 994; baseline 0.004 -26"><span class='ocrx_word' id='word_1_2' title='bbox 485 879 740 990; x_wconf 71' lang='lat' dir='ltr'><strong>vproprietatem</strong></span> <span class='ocrx_word' id='word_1_3' title='bbox 774 889 977 973; x_wconf 90' lang='lat' dir='ltr'><strong>monasterii</strong></span> <span class='ocrx_word' id='word_1_4' title='bbox 1013 899 1333 974; x_wconf 85' lang='lat' dir='ltr'><strong>Szaozechoviensis</strong></span> <span class='ocrx_word' id='word_1_5' title='bbox 1371 902 1570 993; x_wconf 88' lang='lat' dir='ltr'><strong>pertinens;</strong></span> <span class='ocrx_word' id='word_1_6' title='bbox 1606 903 1669 974; x_wconf 87' lang='lat' dir='ltr'><strong>sed</strong></span> <span class='ocrx_word' id='word_1_7' title='bbox 1698 903 1873 975; x_wconf 86' lang='lat' dir='ltr'><strong>incertum</strong></span> <span class='ocrx_word' id='word_1_8' title='bbox 1901 908 1958 974; x_wconf 86' lang='lat' dir='ltr'><strong>est</strong></span> <span class='ocrx_word' id='word_1_9' title='bbox 1982 925 2043 994; x_wconf 82' lang='lat' dir='ltr'><strong>quo</strong></span> 
     </span>
     <span class='ocr_line' id='line_1_3' title="bbox 495 1023 2046 1122; baseline 0.004 -32"><span class='ocrx_word' id='word_1_10' title='bbox 495 1041 577 1091; x_wconf 88' lang='lat' dir='ltr'><strong>casu</strong></span> <span class='ocrx_word' id='word_1_11' title='bbox 613 1026 675 1092; x_wconf 91' lang='lat' dir='ltr'><strong>aut</strong></span> <span class='ocrx_word' id='word_1_12' title='bbox 700 1026 876 1111; x_wconf 89' lang='lat' dir='ltr'><strong>tempore,</strong></span> <span class='ocrx_word' id='word_1_13' title='bbox 903 1026 964 1118; x_wconf 89' lang='lat' dir='ltr'><strong>aut</strong></span> <span class='ocrx_word' id='word_1_14' title='bbox 991 1043 1059 1113; x_wconf 87' lang='lat' dir='ltr'><strong>qua</strong></span> <span class='ocrx_word' id='word_1_15' title='bbox 1085 1043 1129 1092; x_wconf 82' lang='lat' dir='ltr'><strong>ex</strong></span> <span class='ocrx_word' id='word_1_16' title='bbox 1156 1042 1260 1092; x_wconf 87' lang='lat' dir='ltr'><strong>cansa</strong></span> <span class='ocrx_word' id='word_1_17' title='bbox 1286 1023 1465 1122; x_wconf 89' lang='lat' dir='ltr'><strong>disperiit,</strong></span> <span class='ocrx_word' id='word_1_18' title='bbox 1493 1045 1557 1095; x_wconf 89' lang='lat' dir='ltr'><strong>nec</strong></span> <span class='ocrx_word' id='word_1_19' title='bbox 1583 1024 1755 1096; x_wconf 88' lang='lat' dir='ltr'><strong>habentur</strong></span> <span class='ocrx_word' id='word_1_20' title='bbox 1781 1025 1859 1094; x_wconf 89' lang='lat' dir='ltr'><strong>eins</strong></span> <span class='ocrx_word' id='word_1_21' title='bbox 1888 1023 1968 1094; x_wconf 83' lang='lat' dir='ltr'><strong>loca</strong></span> <span class='ocrx_word' id='word_1_22' title='bbox 1992 1033 2046 1096; x_wconf 86' lang='lat' dir='ltr'><strong>ant</strong></span> 
     </span>
     <span class='ocr_line' id='line_1_4' title="bbox 495 1139 2046 1235; baseline 0.003 -25"><span class='ocrx_word' id='word_1_23' title='bbox 495 1141 658 1232; x_wconf 83' lang='lat' dir='ltr'><strong>vestigia,</strong></span> <span class='ocrx_word' id='word_1_24' title='bbox 694 1142 730 1212; x_wconf 94' lang='lat' dir='ltr'><strong>in</strong></span> <span class='ocrx_word' id='word_1_25' title='bbox 766 1139 980 1213; x_wconf 81' lang='lat' dir='ltr'>fundationis</span> <span class='ocrx_word' id='word_1_26' title='bbox 1015 1147 1131 1213; x_wconf 88' lang='lat' dir='ltr'><strong>tamen</strong></span> <span class='ocrx_word' id='word_1_27' title='bbox 1166 1143 1349 1233; x_wconf 82' lang='lat' dir='ltr'><strong>privilegio</strong></span> <span class='ocrx_word' id='word_1_28' title='bbox 1376 1144 1413 1214; x_wconf 91' lang='lat' dir='ltr'><strong>in</strong></span> <span class='ocrx_word' id='word_1_29' title='bbox 1440 1165 1585 1216; x_wconf 91' lang='lat' dir='ltr'><strong>numero</strong></span> <span class='ocrx_word' id='word_1_30' title='bbox 1612 1145 1792 1234; x_wconf 85' lang='lat' dir='ltr'><strong>villarum,</strong></span> <span class='ocrx_word' id='word_1_31' title='bbox 1819 1165 1912 1235; x_wconf 87' lang='lat' dir='ltr'><strong>quas</strong></span> <span class='ocrx_word' id='word_1_32' title='bbox 1940 1165 2046 1215; x_wconf 82' lang='lat' dir='ltr'><strong>comes</strong></span> 
     </span>
    </p>
   </div>
   <div class='ocr_carea' id='block_1_3' title="bbox 384 1261 2047 1357">
    <p class='ocr_par' dir='ltr' id='par_1_3' title="bbox 384 1261 2047 1357">
     <span class='ocr_line' id='line_1_5' title="bbox 384 1261 2047 1357; baseline 0.003 -26"><span class='ocrx_word' id='word_1_33' title='bbox 384 1345 389 1357; x_wconf 82' lang='lat'><em>.</em></span> <span class='ocrx_word' id='word_1_34' title='bbox 495 1261 634 1332; x_wconf 86' lang='lat' dir='ltr'><strong>Sethe</strong></span> <span class='ocrx_word' id='word_1_35' title='bbox 644 1262 750 1351; x_wconf 87' lang='lat' dir='ltr'><strong>gius</strong></span> <span class='ocrx_word' id='word_1_36' title='bbox 777 1261 987 1334; x_wconf 88' lang='lat' dir='ltr'><strong>monasterio</strong></span> <span class='ocrx_word' id='word_1_37' title='bbox 1006 1262 1307 1334; x_wconf 85' lang='lat' dir='ltr'><strong>Szeczechoviensi</strong></span> <span class='ocrx_word' id='word_1_38' title='bbox 1324 1264 1361 1333; x_wconf 94' lang='lat' dir='ltr'><strong>in</strong></span> <span class='ocrx_word' id='word_1_39' title='bbox 1379 1263 1496 1334; x_wconf 88' lang='lat' dir='ltr'><strong>dotem</strong></span> <span class='ocrx_word' id='word_1_40' title='bbox 1515 1265 1704 1337; x_wconf 86' lang='lat' dir='ltr'><strong>contulisse</strong></span> <span class='ocrx_word' id='word_1_41' title='bbox 1722 1265 1903 1354; x_wconf 81' lang='lat' dir='ltr'>scribitur,</span> <span class='ocrx_word' id='word_1_42' title='bbox 1921 1264 2047 1336; x_wconf 84' lang='lat' dir='ltr'><strong>inserta</strong></span> 
     </span>
    </p>
   </div>
   <div class='ocr_carea' id='block_1_4' title="bbox 494 1381 2069 3647">
    <p class='ocr_par' dir='ltr' id='par_1_4' title="bbox 494 1381 1540 1472">
     <span class='ocr_line' id='line_1_6' title="bbox 494 1381 1540 1472; baseline 0.001 -18"><span class='ocrx_word' id='word_1_43' title='bbox 494 1387 556 1454; x_wconf 91' lang='lat' dir='ltr'><strong>est.</strong></span> <span class='ocrx_word' id='word_1_44' title='bbox 583 1382 721 1454; x_wconf 87' lang='lat' dir='ltr'><strong>Donata</strong></span> <span class='ocrx_word' id='word_1_45' title='bbox 747 1402 809 1472; x_wconf 88' lang='lat' dir='ltr'><strong>per</strong></span> <span class='ocrx_word' id='word_1_46' title='bbox 836 1381 1105 1472; x_wconf 84' lang='lat' dir='ltr'><strong>Sethegium</strong></span> <span class='ocrx_word' id='word_1_47' title='bbox 1133 1383 1291 1454; x_wconf 90' lang='lat' dir='ltr'><strong>comitem</strong></span> <span class='ocrx_word' id='word_1_48' title='bbox 1318 1384 1540 1455; x_wconf 86' lang='lat' dir='ltr'><strong>monasterio.</strong></span> 
     </span>
    </p>

    <p class='ocr_par' dir='ltr' id='par_1_5' title="bbox 495 1501 2048 2801">
     <span class='ocr_line' id='line_1_7' title="bbox 599 1501 2048 1594; baseline 0.001 -20"><span class='ocrx_word' id='word_1_49' title='bbox 599 1501 785 1592; x_wconf 80' lang='lat' dir='ltr'><strong>Onncmnr,</strong></span> <span class='ocrx_word' id='word_1_50' title='bbox 811 1503 848 1572; x_wconf 94' lang='lat' dir='ltr'><strong>in</strong></span> <span class='ocrx_word' id='word_1_51' title='bbox 876 1503 942 1575; x_wconf 93' lang='lat' dir='ltr'><strong>hoc</strong></span> <span class='ocrx_word' id='word_1_52' title='bbox 968 1503 1042 1574; x_wconf 89' lang='lat' dir='ltr'><strong>loco</strong></span> <span class='ocrx_word' id='word_1_53' title='bbox 1070 1524 1245 1594; x_wconf 87' lang='lat' dir='ltr'><strong>nunquam</strong></span> <span class='ocrx_word' id='word_1_54' title='bbox 1271 1503 1338 1576; x_wconf 87' lang='lat' dir='ltr'><strong>fuit</strong></span> <span class='ocrx_word' id='word_1_55' title='bbox 1364 1505 1462 1589; x_wconf 86' lang='lat' dir='ltr'><strong>villa,</strong></span> <span class='ocrx_word' id='word_1_56' title='bbox 1491 1505 1553 1576; x_wconf 88' lang='lat' dir='ltr'><strong>sed</strong></span> <span class='ocrx_word' id='word_1_57' title='bbox 1579 1504 1722 1576; x_wconf 90' lang='lat' dir='ltr'><strong>inerunt</strong></span> <span class='ocrx_word' id='word_1_58' title='bbox 1747 1506 1793 1576; x_wconf 85' lang='lat' dir='ltr'><strong>ab</strong></span> <span class='ocrx_word' id='word_1_59' title='bbox 1818 1505 1926 1576; x_wconf 91' lang='lat' dir='ltr'><strong>initio</strong></span> <span class='ocrx_word' id='word_1_60' title='bbox 1952 1511 2048 1576; x_wconf 87' lang='lat' dir='ltr'><strong>utet</strong></span> 
     </span>
     <span class='ocr_line' id='line_1_8' title="bbox 495 1622 2047 1716; baseline 0.001 -22"><span class='ocrx_word' id='word_1_61' title='bbox 495 1644 585 1696; x_wconf 90' lang='lat' dir='ltr'><strong>nuno</strong></span> <span class='ocrx_word' id='word_1_62' title='bbox 612 1627 700 1714; x_wconf 89' lang='lat' dir='ltr'><strong>sunt,</strong></span> <span class='ocrx_word' id='word_1_63' title='bbox 728 1623 859 1713; x_wconf 90' lang='lat' dir='ltr'><strong>optima</strong></span> <span class='ocrx_word' id='word_1_64' title='bbox 885 1627 921 1693; x_wconf 88' lang='lat' dir='ltr'><strong>et</strong></span> <span class='ocrx_word' id='word_1_65' title='bbox 947 1623 1018 1694; x_wconf 91' lang='lat' dir='ltr'><strong>lata</strong></span> <span class='ocrx_word' id='word_1_66' title='bbox 1044 1629 1157 1714; x_wconf 89' lang='lat' dir='ltr'><strong>prata,</strong></span> <span class='ocrx_word' id='word_1_67' title='bbox 1176 1624 1213 1694; x_wconf 94' lang='lat' dir='ltr'><strong>in</strong></span> <span class='ocrx_word' id='word_1_68' title='bbox 1239 1622 1451 1697; x_wconf 80' lang='lat' dir='ltr'><strong>fundationis</strong></span> <span class='ocrx_word' id='word_1_69' title='bbox 1469 1644 1606 1715; x_wconf 89' lang='lat' dir='ltr'><strong>quoque</strong></span> <span class='ocrx_word' id='word_1_70' title='bbox 1633 1625 1816 1715; x_wconf 80' lang='lat' dir='ltr'><strong>privilegio</strong></span> <span class='ocrx_word' id='word_1_71' title='bbox 1842 1623 2047 1716; x_wconf 86' lang='lat' dir='ltr'><strong>Gheclrly</strong></span> 
     </span>
     <span class='ocr_line' id='line_1_9' title="bbox 495 1743 2045 1836; baseline 0 -21"><span class='ocrx_word' id='word_1_72' title='bbox 495 1749 598 1834; x_wconf 86' lang='lat' dir='ltr'><strong>prata</strong></span> <span class='ocrx_word' id='word_1_73' title='bbox 624 1744 856 1833; x_wconf 83' lang='lat' dir='ltr'><strong>nominantur,</strong></span> <span class='ocrx_word' id='word_1_74' title='bbox 884 1764 953 1816; x_wconf 94' lang='lat' dir='ltr'><strong>non</strong></span> <span class='ocrx_word' id='word_1_75' title='bbox 980 1743 1081 1832; x_wconf 80' lang='lat' dir='ltr'><strong>villa3</strong></span> <span class='ocrx_word' id='word_1_76' title='bbox 1108 1743 1196 1816; x_wconf 87' lang='lat' dir='ltr'><strong>haec</strong></span> <span class='ocrx_word' id='word_1_77' title='bbox 1221 1744 1392 1835; x_wconf 88' lang='lat' dir='ltr'><strong>siquidem</strong></span> <span class='ocrx_word' id='word_1_78' title='bbox 1418 1751 1522 1836; x_wconf 87' lang='lat' dir='ltr'><strong>prata</strong></span> <span class='ocrx_word' id='word_1_79' title='bbox 1539 1765 1616 1816; x_wconf 89' lang='lat' dir='ltr'><strong>cnm</strong></span> <span class='ocrx_word' id='word_1_80' title='bbox 1634 1767 1657 1816; x_wconf 87' lang='lat' dir='ltr'><strong>a</strong></span> <span class='ocrx_word' id='word_1_81' title='bbox 1674 1745 1845 1836; x_wconf 91' lang='lat' dir='ltr'><strong>principio</strong></span> <span class='ocrx_word' id='word_1_82' title='bbox 1873 1743 2045 1816; x_wconf 80' lang='lat' dir='ltr'><strong>fundatio-</strong></span> 
     </span>
     <span class='ocr_line' id='line_1_10' title="bbox 497 1863 2047 1956; baseline -0.001 -20"><span class='ocrx_word' id='word_1_83' title='bbox 497 1866 551 1936; x_wconf 89' lang='lat' dir='ltr'><strong>nis</strong></span> <span class='ocrx_word' id='word_1_84' title='bbox 578 1865 780 1937; x_wconf 89' lang='lat' dir='ltr'><strong>monasterii</strong></span> <span class='ocrx_word' id='word_1_85' title='bbox 807 1863 1149 1954; x_wconf 85' lang='lat' dir='ltr'><strong>Szeczechoviensis,</strong></span> <span class='ocrx_word' id='word_1_86' title='bbox 1175 1885 1285 1955; x_wconf 89' lang='lat' dir='ltr'><strong>usque</strong></span> <span class='ocrx_word' id='word_1_87' title='bbox 1325 1866 1369 1937; x_wconf 90' lang='lat' dir='ltr'><strong>ad</strong></span> <span class='ocrx_word' id='word_1_88' title='bbox 1395 1877 1555 1956; x_wconf 85' lang='lat' dir='ltr'><strong>tempora</strong></span> <span class='ocrx_word' id='word_1_89' title='bbox 1580 1865 1821 1937; x_wconf 89' lang='lat' dir='ltr'><strong>Vladislai</strong></span> <span class='ocrx_word' id='word_1_90' title='bbox 1846 1865 2047 1937; x_wconf 80' lang='lat' dir='ltr'><strong>Secundi</strong></span> 
     </span>
     <span class='ocr_line' id='line_1_11' title="bbox 496 1971 2046 2078; baseline -0.001 -21"><span class='ocrx_word' id='word_1_91' title='bbox 496 1971 637 2058; x_wconf 87' lang='lat' dir='ltr'><strong>natione</strong></span> <span class='ocrx_word' id='word_1_92' title='bbox 673 1984 857 2075; x_wconf 83' lang='lat' dir='ltr'><strong>Iithvani,</strong></span> <span class='ocrx_word' id='word_1_93' title='bbox 892 1983 1057 2057; x_wconf 90' lang='lat' dir='ltr'><strong>Poloniae</strong></span> <span class='ocrx_word' id='word_1_94' title='bbox 1092 1987 1203 2076; x_wconf 77' lang='lat' dir='ltr'><strong>regis,</strong></span> <span class='ocrx_word' id='word_1_95' title='bbox 1239 1987 1299 2077; x_wconf 89' lang='lat' dir='ltr'><strong>qui</strong></span> <span class='ocrx_word' id='word_1_96' title='bbox 1334 1987 1428 2078; x_wconf 92' lang='lat' dir='ltr'><strong>apud</strong></span> <span class='ocrx_word' id='word_1_97' title='bbox 1463 1987 1614 2059; x_wconf 91' lang='lat' dir='ltr'><strong>Polonos</strong></span> <span class='ocrx_word' id='word_1_98' title='bbox 1644 2007 1735 2058; x_wconf 87' lang='lat' dir='ltr'><strong>anno</strong></span> <span class='ocrx_word' id='word_1_99' title='bbox 1771 1986 1916 2057; x_wconf 87' lang='lat' dir='ltr'><strong>Domini</strong></span> <span class='ocrx_word' id='word_1_100' title='bbox 1947 1987 2046 2058; x_wconf 85' lang='grc'>1386.</span> 
     </span>
     <span class='ocr_line' id='line_1_12' title="bbox 496 2106 2046 2198; baseline -0.001 -21"><span class='ocrx_word' id='word_1_101' title='bbox 496 2127 643 2198; x_wconf 81' lang='lat' dir='ltr'><strong>regnare</strong></span> <span class='ocrx_word' id='word_1_102' title='bbox 670 2108 799 2198; x_wconf 91' lang='lat' dir='ltr'><strong>coepit,</strong></span> <span class='ocrx_word' id='word_1_103' title='bbox 827 2106 870 2179; x_wconf 88' lang='lat' dir='ltr'><strong>ad</strong></span> <span class='ocrx_word' id='word_1_104' title='bbox 898 2107 1147 2196; x_wconf 77' lang='lat' dir='ltr'><strong>proprietatem</strong></span> <span class='ocrx_word' id='word_1_105' title='bbox 1174 2107 1377 2179; x_wconf 82' lang='lat' dir='ltr'><strong>monasterii</strong></span> <span class='ocrx_word' id='word_1_106' title='bbox 1403 2107 1724 2179; x_wconf 85' lang='lat' dir='ltr'><strong>Szeozechoviensis</strong></span> <span class='ocrx_word' id='word_1_107' title='bbox 1750 2106 1887 2196; x_wconf 85' lang='lat' dir='ltr'><strong>absque</strong></span> <span class='ocrx_word' id='word_1_108' title='bbox 1915 2111 2046 2176; x_wconf 83' lang='lat' dir='ltr'><strong>contro-</strong></span> 
     </span>
     <span class='ocr_line' id='line_1_13' title="bbox 496 2226 2046 2318; baseline -0.001 -20"><span class='ocrx_word' id='word_1_109' title='bbox 496 2228 612 2299; x_wconf 90' lang='lat' dir='ltr'><strong>versia</strong></span> <span class='ocrx_word' id='word_1_110' title='bbox 637 2227 872 2318; x_wconf 82' lang='lat' dir='ltr'><strong>pertinuisset,</strong></span> <span class='ocrx_word' id='word_1_111' title='bbox 900 2228 964 2298; x_wconf 89' lang='lat' dir='ltr'><strong>sub</strong></span> <span class='ocrx_word' id='word_1_112' title='bbox 991 2227 1157 2318; x_wconf 86' lang='lat' dir='ltr'><strong>regimine</strong></span> <span class='ocrx_word' id='word_1_113' title='bbox 1183 2232 1299 2298; x_wconf 89' lang='lat' dir='ltr'><strong>tamen</strong></span> <span class='ocrx_word' id='word_1_114' title='bbox 1316 2227 1465 2318; x_wconf 84' lang='lat' dir='ltr'><strong>praefati</strong></span> <span class='ocrx_word' id='word_1_115' title='bbox 1491 2227 1736 2300; x_wconf 88' lang='lat' dir='ltr'><strong>Vladislai</strong></span> <span class='ocrx_word' id='word_1_116' title='bbox 1760 2226 1934 2299; x_wconf 88' lang='lat' dir='ltr'><strong>Poloniae</strong></span> <span class='ocrx_word' id='word_1_117' title='bbox 1951 2226 2046 2316; x_wconf 80' lang='lat' dir='ltr'><strong>regis,</strong></span> 
     </span>
     <span class='ocr_line' id='line_1_14' title="bbox 498 2345 2045 2440; baseline -0.001 -20"><span class='ocrx_word' id='word_1_118' title='bbox 498 2348 551 2420; x_wconf 86' lang='lat' dir='ltr'><strong>vel</strong></span> <span class='ocrx_word' id='word_1_119' title='bbox 578 2348 730 2420; x_wconf 89' lang='lat' dir='ltr'><strong>iussione</strong></span> <span class='ocrx_word' id='word_1_120' title='bbox 757 2369 821 2420; x_wconf 89' lang='lat' dir='ltr'><strong>sua</strong></span> <span class='ocrx_word' id='word_1_121' title='bbox 845 2369 968 2438; x_wconf 88' lang='lat' dir='ltr'><strong>parum</strong></span> <span class='ocrx_word' id='word_1_122' title='bbox 995 2347 1222 2436; x_wconf 84' lang='lat' dir='ltr'><strong>considerata,</strong></span> <span class='ocrx_word' id='word_1_123' title='bbox 1249 2349 1305 2420; x_wconf 87' lang='lat' dir='ltr'><strong>vel</strong></span> <span class='ocrx_word' id='word_1_124' title='bbox 1332 2349 1426 2440; x_wconf 87' lang='lat' dir='ltr'><strong>quod</strong></span> <span class='ocrx_word' id='word_1_125' title='bbox 1451 2350 1563 2439; x_wconf 80' lang='lat' dir='ltr'><strong>magis</strong></span> <span class='ocrx_word' id='word_1_126' title='bbox 1580 2348 1797 2436; x_wconf 84' lang='lat' dir='ltr'><strong>crediderim,</strong></span> <span class='ocrx_word' id='word_1_127' title='bbox 1816 2367 1965 2419; x_wconf 90' lang='lat' dir='ltr'><strong>snorum</strong></span> <span class='ocrx_word' id='word_1_128' title='bbox 1982 2345 2045 2418; x_wconf 85' lang='lat' dir='ltr'><strong>offi-</strong></span> 
     </span>
     <span class='ocr_line' id='line_1_15' title="bbox 497 2451 2045 2564; baseline -0.002 -24"><span class='ocrx_word' id='word_1_129' title='bbox 497 2469 633 2540; x_wconf 89' lang='lat' dir='ltr'><strong>cialium</strong></span> <span class='ocrx_word' id='word_1_130' title='bbox 660 2468 819 2560; x_wconf 89' lang='lat' dir='ltr'><strong>improba</strong></span> <span class='ocrx_word' id='word_1_131' title='bbox 852 2469 1050 2564; x_wconf 82' lang='lat' dir='ltr'><strong>temeritate</strong></span> <span class='ocrx_word' id='word_1_132' title='bbox 1077 2474 1244 2558; x_wconf 88' lang='lat' dir='ltr'><strong>occupata</strong></span> <span class='ocrx_word' id='word_1_133' title='bbox 1271 2451 1369 2559; x_wconf 88' lang='lat' dir='ltr'><strong>sunt,</strong></span> <span class='ocrx_word' id='word_1_134' title='bbox 1396 2475 1433 2541; x_wconf 92' lang='lat' dir='ltr'><strong>et</strong></span> <span class='ocrx_word' id='word_1_135' title='bbox 1459 2491 1481 2540; x_wconf 87' lang='lat' dir='ltr'><strong>a</strong></span> <span class='ocrx_word' id='word_1_136' title='bbox 1508 2470 1720 2542; x_wconf 87' lang='lat' dir='ltr'><strong>monasterio</strong></span> <span class='ocrx_word' id='word_1_137' title='bbox 1747 2468 2045 2540; x_wconf 84' lang='lat' dir='ltr'><strong>Szeczeclroriensi</strong></span> 
     </span>
     <span class='ocr_line' id='line_1_16' title="bbox 496 2589 2045 2681; baseline -0.001 -20"><span class='ocrx_word' id='word_1_138' title='bbox 496 2591 691 2679; x_wconf 87' lang='lat' dir='ltr'><strong>abstracta,</strong></span> <span class='ocrx_word' id='word_1_139' title='bbox 718 2589 918 2662; x_wconf 88' lang='lat' dir='ltr'><strong>detinentur</strong></span> <span class='ocrx_word' id='word_1_140' title='bbox 953 2589 989 2660; x_wconf 93' lang='lat' dir='ltr'><strong>in</strong></span> <span class='ocrx_word' id='word_1_141' title='bbox 1016 2590 1106 2660; x_wconf 89' lang='lat' dir='ltr'><strong>hanc</strong></span> <span class='ocrx_word' id='word_1_142' title='bbox 1132 2590 1223 2661; x_wconf 90' lang='lat' dir='ltr'><strong>diem</strong></span> <span class='ocrx_word' id='word_1_143' title='bbox 1249 2595 1426 2681; x_wconf 88' lang='lat' dir='ltr'><strong>occupata,</strong></span> <span class='ocrx_word' id='word_1_144' title='bbox 1452 2590 1591 2663; x_wconf 89' lang='lat' dir='ltr'><strong>assidue</strong></span> <span class='ocrx_word' id='word_1_145' title='bbox 1617 2590 1789 2680; x_wconf 87' lang='lat' dir='ltr'><strong>divinam,</strong></span> <span class='ocrx_word' id='word_1_146' title='bbox 1815 2590 1888 2677; x_wconf 85' lang='lat' dir='ltr'><strong>nisi</strong></span> <span class='ocrx_word' id='word_1_147' title='bbox 1915 2589 2045 2661; x_wconf 80' lang='lat' dir='ltr'><strong>restitu-</strong></span> 
     </span>
     <span class='ocr_line' id='line_1_17' title="bbox 497 2697 1898 2801; baseline -0.001 -19"><span class='ocrx_word' id='word_1_148' title='bbox 497 2715 610 2801; x_wconf 86' lang='lat' dir='ltr'><strong>antur,</strong></span> <span class='ocrx_word' id='word_1_149' title='bbox 637 2711 835 2800; x_wconf 79' lang='lat' dir='ltr'><strong>expetentia</strong></span> <span class='ocrx_word' id='word_1_150' title='bbox 860 2710 1038 2782; x_wconf 79' lang='lat' dir='ltr'><strong>ultionem:</strong></span> <span class='ocrx_word' id='word_1_151' title='bbox 1061 2711 1202 2782; x_wconf 87' lang='lat' dir='ltr'><strong>Donata</strong></span> <span class='ocrx_word' id='word_1_152' title='bbox 1226 2731 1291 2800; x_wconf 92' lang='lat' dir='ltr'><strong>per</strong></span> <span class='ocrx_word' id='word_1_153' title='bbox 1314 2697 1696 2786; x_wconf 84' lang='lat' dir='ltr'><strong>Krziwoszadnm</strong></span> <span class='ocrx_word' id='word_1_154' title='bbox 1723 2711 1898 2788; x_wconf 80' lang='lat' dir='ltr'><strong>comitem.</strong></span> 
     </span>
    </p>

    <p class='ocr_par' dir='ltr' id='par_1_6' title="bbox 497 2830 2069 3525">
     <span class='ocr_line' id='line_1_18' title="bbox 600 2830 2042 2925; baseline -0.002 -20"><span class='ocrx_word' id='word_1_155' title='bbox 600 2832 819 2924; x_wconf 80' lang='lat' dir='ltr'><strong>Onzncnow,</strong></span> <span class='ocrx_word' id='word_1_156' title='bbox 846 2831 929 2904; x_wconf 83' lang='lat' dir='ltr'><strong>villa</strong></span> <span class='ocrx_word' id='word_1_157' title='bbox 956 2831 1127 2924; x_wconf 88' lang='lat' dir='ltr'><strong>quondam</strong></span> <span class='ocrx_word' id='word_1_158' title='bbox 1153 2831 1220 2902; x_wconf 87' lang='lat' dir='ltr'><strong>fnit</strong></span> <span class='ocrx_word' id='word_1_159' title='bbox 1246 2832 1341 2904; x_wconf 87' lang='lat' dir='ltr'><strong>culta</strong></span> <span class='ocrx_word' id='word_1_160' title='bbox 1365 2838 1403 2903; x_wconf 91' lang='lat' dir='ltr'><strong>et</strong></span> <span class='ocrx_word' id='word_1_161' title='bbox 1428 2853 1598 2924; x_wconf 84' lang='lat' dir='ltr'><strong>possessa,</strong></span> <span class='ocrx_word' id='word_1_162' title='bbox 1625 2833 1670 2904; x_wconf 89' lang='lat' dir='ltr'><strong>ad</strong></span> <span class='ocrx_word' id='word_1_163' title='bbox 1696 2833 1954 2925; x_wconf 75' lang='lat' dir='ltr'><strong>proprietatem</strong></span> <span class='ocrx_word' id='word_1_164' title='bbox 1971 2830 2042 2903; x_wconf 86' lang='lat' dir='ltr'><strong>Sze·</strong></span> 
     </span>
     <span class='ocr_line' id='line_1_19' title="bbox 497 2951 2042 3043; baseline -0.001 -20"><span class='ocrx_word' id='word_1_165' title='bbox 497 2953 750 3025; x_wconf 85' lang='lat' dir='ltr'><strong>czechoviensis</strong></span> <span class='ocrx_word' id='word_1_166' title='bbox 776 2953 954 3043; x_wconf 88' lang='lat' dir='ltr'><strong>pertinens</strong></span> <span class='ocrx_word' id='word_1_167' title='bbox 981 2951 1192 3041; x_wconf 80' lang='lat' dir='ltr'><strong>monasterii,</strong></span> <span class='ocrx_word' id='word_1_168' title='bbox 1220 2952 1284 3023; x_wconf 91' lang='lat' dir='ltr'><strong>snb</strong></span> <span class='ocrx_word' id='word_1_169' title='bbox 1311 2971 1455 3024; x_wconf 88' lang='lat' dir='ltr'><strong>numero</strong></span> <span class='ocrx_word' id='word_1_170' title='bbox 1482 2952 1661 3042; x_wconf 83' lang='lat' dir='ltr'><strong>villarum,</strong></span> <span class='ocrx_word' id='word_1_171' title='bbox 1689 2972 1778 3042; x_wconf 88' lang='lat' dir='ltr'><strong>quae</strong></span> <span class='ocrx_word' id='word_1_172' title='bbox 1804 2951 2042 3024; x_wconf 83' lang='lat' dir='ltr'><strong>Szeczechori·</strong></span> 
     </span>
     <span class='ocr_line' id='line_1_20' title="bbox 497 3061 2069 3164; baseline -0.001 -20"><span class='ocrx_word' id='word_1_173' title='bbox 497 3075 571 3145; x_wconf 92' lang='lat' dir='ltr'><strong>ensi</strong></span> <span class='ocrx_word' id='word_1_174' title='bbox 597 3073 634 3143; x_wconf 93' lang='lat' dir='ltr'><strong>in</strong></span> <span class='ocrx_word' id='word_1_175' title='bbox 661 3073 778 3145; x_wconf 90' lang='lat' dir='ltr'><strong>dotem</strong></span> <span class='ocrx_word' id='word_1_176' title='bbox 814 3071 987 3145; x_wconf 87' lang='lat' dir='ltr'><strong>dabantur</strong></span> <span class='ocrx_word' id='word_1_177' title='bbox 1014 3073 1244 3161; x_wconf 87' lang='lat' dir='ltr'><strong>monasterio,</strong></span> <span class='ocrx_word' id='word_1_178' title='bbox 1270 3073 1307 3143; x_wconf 89' lang='lat' dir='ltr'><strong>in</strong></span> <span class='ocrx_word' id='word_1_179' title='bbox 1333 3073 1516 3164; x_wconf 83' lang='lat' dir='ltr'><strong>privilegio</strong></span> <span class='ocrx_word' id='word_1_180' title='bbox 1542 3071 1756 3144; x_wconf 83' lang='lat' dir='ltr'><strong>fimdationis</strong></span> <span class='ocrx_word' id='word_1_181' title='bbox 1772 3061 2069 3164; x_wconf 50' lang='lat' dir='ltr'><strong>&#39;comprehensas</strong></span> 
     </span>
     <span class='ocr_line' id='line_1_21' title="bbox 498 3177 2043 3286; baseline -0.001 -22"><span class='ocrx_word' id='word_1_182' title='bbox 498 3195 559 3264; x_wconf 93' lang='lat' dir='ltr'><strong>sed</strong></span> <span class='ocrx_word' id='word_1_183' title='bbox 593 3193 705 3265; x_wconf 88' lang='lat' dir='ltr'><strong>fertur</strong></span> <span class='ocrx_word' id='word_1_184' title='bbox 738 3195 903 3284; x_wconf 89' lang='lat' dir='ltr'><strong>periisse,</strong></span> <span class='ocrx_word' id='word_1_185' title='bbox 930 3199 992 3264; x_wconf 93' lang='lat' dir='ltr'><strong>ant</strong></span> <span class='ocrx_word' id='word_1_186' title='bbox 1028 3193 1063 3263; x_wconf 94' lang='lat' dir='ltr'><strong>in</strong></span> <span class='ocrx_word' id='word_1_187' title='bbox 1099 3177 1348 3266; x_wconf 76' lang='lat' dir='ltr'><strong>desolationem</strong></span> <span class='ocrx_word' id='word_1_188' title='bbox 1374 3214 1477 3266; x_wconf 82' lang='lat' dir='ltr'><strong>versa</strong></span> <span class='ocrx_word' id='word_1_189' title='bbox 1504 3214 1599 3284; x_wconf 88' lang='lat' dir='ltr'><strong>esse,</strong></span> <span class='ocrx_word' id='word_1_190' title='bbox 1626 3213 1692 3266; x_wconf 89' lang='lat' dir='ltr'><strong>nee</strong></span> <span class='ocrx_word' id='word_1_191' title='bbox 1717 3194 1827 3285; x_wconf 87' lang='lat' dir='ltr'><strong>aliqui</strong></span> <span class='ocrx_word' id='word_1_192' title='bbox 1853 3199 2043 3286; x_wconf 84' lang='lat' dir='ltr'><strong>supersunt,</strong></span> 
     </span>
     <span class='ocr_line' id='line_1_22' title="bbox 499 3312 2041 3406; baseline -0.003 -22"><span class='ocrx_word' id='word_1_193' title='bbox 499 3313 557 3403; x_wconf 93' lang='lat' dir='ltr'><strong>qui</strong></span> <span class='ocrx_word' id='word_1_194' title='bbox 593 3313 667 3384; x_wconf 91' lang='lat' dir='ltr'><strong>eius</strong></span> <span class='ocrx_word' id='word_1_195' title='bbox 703 3313 838 3404; x_wconf 87' lang='lat' dir='ltr'><strong>possint</strong></span> <span class='ocrx_word' id='word_1_196' title='bbox 872 3319 1067 3384; x_wconf 88' lang='lat' dir='ltr'><strong>monstrare</strong></span> <span class='ocrx_word' id='word_1_197' title='bbox 1104 3313 1217 3385; x_wconf 89' lang='lat' dir='ltr'><strong>locum</strong></span> <span class='ocrx_word' id='word_1_198' title='bbox 1253 3320 1315 3385; x_wconf 90' lang='lat' dir='ltr'><strong>ant</strong></span> <span class='ocrx_word' id='word_1_199' title='bbox 1349 3316 1529 3406; x_wconf 79' lang='lat' dir='ltr'><strong>vestigia,</strong></span> <span class='ocrx_word' id='word_1_200' title='bbox 1552 3320 1620 3392; x_wconf 76' lang='lat' dir='ltr'><strong>ant,</strong></span> <span class='ocrx_word' id='word_1_201' title='bbox 1648 3315 1798 3387; x_wconf 87' lang='lat' dir='ltr'><strong>fluminis</strong></span> <span class='ocrx_word' id='word_1_202' title='bbox 1824 3312 2041 3387; x_wconf 87' lang='lat' dir='ltr'><strong>Vistulae</strong></span> 
     </span>
     <span class='ocr_line' id='line_1_23' title="bbox 498 3415 1843 3525; baseline -0.002 -19"><span class='ocrx_word' id='word_1_203' title='bbox 498 3433 671 3506; x_wconf 80' lang='lat' dir='ltr'><strong>alluvione</strong></span> <span class='ocrx_word' id='word_1_204' title='bbox 697 3415 871 3524; x_wconf 71' lang='lat' dir='ltr'><strong>absorpta.</strong></span> <span class='ocrx_word' id='word_1_205' title='bbox 899 3433 1038 3506; x_wconf 92' lang='lat' dir='ltr'><strong>Donata</strong></span> <span class='ocrx_word' id='word_1_206' title='bbox 1064 3435 1275 3507; x_wconf 87' lang='lat' dir='ltr'><strong>monasterio</strong></span> <span class='ocrx_word' id='word_1_207' title='bbox 1301 3455 1365 3525; x_wconf 90' lang='lat' dir='ltr'><strong>per</strong></span> <span class='ocrx_word' id='word_1_208' title='bbox 1392 3436 1552 3507; x_wconf 86' lang='lat' dir='ltr'><strong>comitem</strong></span> <span class='ocrx_word' id='word_1_209' title='bbox 1579 3434 1843 3506; x_wconf 80' lang='lat' dir='ltr'><strong>Martinam.</strong></span> 
     </span>
    </p>

    <p class='ocr_par' dir='ltr' id='par_1_7' title="bbox 602 3553 2040 3647">
     <span class='ocr_line' id='line_1_24' title="bbox 602 3553 2040 3647; baseline -0.001 -23"><span class='ocrx_word' id='word_1_210' title='bbox 602 3553 888 3644; x_wconf 83' lang='lat' dir='ltr'><strong>Pnoszowrczn,</strong></span> <span class='ocrx_word' id='word_1_211' title='bbox 907 3554 991 3626; x_wconf 88' lang='lat' dir='ltr'><strong>villa</strong></span> <span class='ocrx_word' id='word_1_212' title='bbox 1009 3555 1073 3626; x_wconf 88' lang='lat' dir='ltr'><strong>sub</strong></span> <span class='ocrx_word' id='word_1_213' title='bbox 1091 3556 1258 3645; x_wconf 86' lang='lat' dir='ltr'><strong>parochia</strong></span> <span class='ocrx_word' id='word_1_214' title='bbox 1274 3556 1441 3628; x_wconf 87' lang='lat' dir='ltr'><strong>ecclesiae</strong></span> <span class='ocrx_word' id='word_1_215' title='bbox 1458 3556 1502 3627; x_wconf 92' lang='lat' dir='ltr'><strong>de</strong></span> <span class='ocrx_word' id='word_1_216' title='bbox 1519 3555 1829 3647; x_wconf 80' lang='lat' dir='ltr'><strong>Wargoozino</strong></span> <span class='ocrx_word' id='word_1_217' title='bbox 1856 3555 1936 3645; x_wconf 83' lang='lat' dir='ltr'><strong>sita,</strong></span> <span class='ocrx_word' id='word_1_218' title='bbox 1954 3553 2040 3626; x_wconf 89' lang='lat' dir='ltr'><strong>cuius</strong></span> 
     </span>
    </p>
   </div>
   <div class='ocr_carea' id='block_1_5' title="bbox 363 3667 2036 3767">
    <p class='ocr_par' dir='ltr' id='par_1_8' title="bbox 363 3667 2036 3767">
     <span class='ocr_line' id='line_1_25' title="bbox 363 3667 2036 3767; baseline -0.002 -21"><span class='ocrx_word' id='word_1_219' title='bbox 363 3711 365 3714; x_wconf 96' lang='lat'>·</span> <span class='ocrx_word' id='word_1_220' title='bbox 499 3675 698 3766; x_wconf 89' lang='lat' dir='ltr'><strong>proprietas</strong></span> <span class='ocrx_word' id='word_1_221' title='bbox 735 3675 907 3766; x_wconf 90' lang='lat' dir='ltr'><strong>quondam</strong></span> <span class='ocrx_word' id='word_1_222' title='bbox 943 3675 988 3746; x_wconf 90' lang='lat' dir='ltr'><strong>ad</strong></span> <span class='ocrx_word' id='word_1_223' title='bbox 1014 3675 1261 3746; x_wconf 86' lang='lat' dir='ltr'><strong>monasterium</strong></span> <span class='ocrx_word' id='word_1_224' title='bbox 1288 3667 1597 3748; x_wconf 85' lang='lat' dir='ltr'><strong>Szeczechoviense</strong></span> <span class='ocrx_word' id='word_1_225' title='bbox 1624 3677 1839 3767; x_wconf 86' lang='lat' dir='ltr'><strong>pertinebat,</strong></span> <span class='ocrx_word' id='word_1_226' title='bbox 1865 3676 1904 3746; x_wconf 91' lang='lat' dir='ltr'><strong>in</strong></span> <span class='ocrx_word' id='word_1_227' title='bbox 1932 3675 2036 3746; x_wconf 82' lang='lat' dir='ltr'><strong>dotem</strong></span> 
     </span>
    </p>
   </div>
   <div class='ocr_carea' id='block_1_6' title="bbox 496 3795 2041 4492">
    <p class='ocr_par' dir='ltr' id='par_1_9' title="bbox 496 3795 2041 4492">
     <span class='ocr_line' id='line_1_26' title="bbox 497 3795 2041 3888; baseline -0.003 -22"><span class='ocrx_word' id='word_1_228' title='bbox 497 3801 533 3866; x_wconf 90' lang='lat' dir='ltr'><strong>et</strong></span> <span class='ocrx_word' id='word_1_229' title='bbox 558 3797 635 3887; x_wconf 86' lang='lat' dir='ltr'><strong>ipsa</strong></span> <span class='ocrx_word' id='word_1_230' title='bbox 670 3795 753 3868; x_wconf 83' lang='lat' dir='ltr'><strong>data</strong></span> <span class='ocrx_word' id='word_1_231' title='bbox 788 3797 880 3868; x_wconf 87' lang='lat' dir='ltr'><strong>circa</strong></span> <span class='ocrx_word' id='word_1_232' title='bbox 914 3795 1150 3868; x_wconf 86' lang='lat' dir='ltr'><strong>fundationem</strong></span> <span class='ocrx_word' id='word_1_233' title='bbox 1186 3797 1417 3887; x_wconf 88' lang='lat' dir='ltr'><strong>monasterio,</strong></span> <span class='ocrx_word' id='word_1_234' title='bbox 1443 3817 1507 3887; x_wconf 89' lang='lat' dir='ltr'><strong>per</strong></span> <span class='ocrx_word' id='word_1_235' title='bbox 1543 3799 1643 3888; x_wconf 82' lang='lat' dir='ltr'><strong>regni</strong></span> <span class='ocrx_word' id='word_1_236' title='bbox 1669 3795 1835 3870; x_wconf 88' lang='lat' dir='ltr'><strong>Poloniae</strong></span> <span class='ocrx_word' id='word_1_237' title='bbox 1861 3796 1989 3868; x_wconf 86' lang='lat' dir='ltr'><strong>milites</strong></span> <span class='ocrx_word' id='word_1_238' title='bbox 2011 3797 2041 3863; x_wconf 88' lang='lat' dir='ltr'><strong>et</strong></span> 
     </span>
     <span class='ocr_line' id='line_1_27' title="bbox 496 3895 2040 4018; baseline -0.003 -30"><span class='ocrx_word' id='word_1_239' title='bbox 496 3938 667 4007; x_wconf 86' lang='lat' dir='ltr'><strong>proceres.</strong></span> <span class='ocrx_word' id='word_1_240' title='bbox 701 3917 769 3989; x_wconf 88' lang='lat' dir='ltr'><strong>Sed</strong></span> <span class='ocrx_word' id='word_1_241' title='bbox 796 3918 949 4018; x_wconf 87' lang='lat' dir='ltr'><strong>alienata</strong></span> <span class='ocrx_word' id='word_1_242' title='bbox 975 3895 1029 3990; x_wconf 76' lang='lat' dir='ltr'><strong>est</strong></span> <span class='ocrx_word' id='word_1_243' title='bbox 1056 3938 1077 3988; x_wconf 89' lang='lat' dir='ltr'><strong>a</strong></span> <span class='ocrx_word' id='word_1_244' title='bbox 1102 3919 1315 3990; x_wconf 87' lang='lat' dir='ltr'><strong>monasterio</strong></span> <span class='ocrx_word' id='word_1_245' title='bbox 1342 3917 1663 4009; x_wconf 85' lang='lat' dir='ltr'><strong>Szeczechoviensi,</strong></span> <span class='ocrx_word' id='word_1_246' title='bbox 1690 3919 1745 3990; x_wconf 87' lang='lat' dir='ltr'><strong>vel</strong></span> <span class='ocrx_word' id='word_1_247' title='bbox 1772 3937 1816 3989; x_wconf 82' lang='lat' dir='ltr'><strong>ex</strong></span> <span class='ocrx_word' id='word_1_248' title='bbox 1841 3934 2040 4006; x_wconf 80' lang='lat' dir='ltr'><strong>eausaper-</strong></span> 
     </span>
     <span class='ocr_line' id='line_1_28' title="bbox 496 4027 2037 4131; baseline -0.003 -21"><span class='ocrx_word' id='word_1_249' title='bbox 496 4039 698 4111; x_wconf 86' lang='lat' dir='ltr'><strong>mutationis</strong></span> <span class='ocrx_word' id='word_1_250' title='bbox 735 4040 904 4131; x_wconf 87' lang='lat' dir='ltr'><strong>cambita,</strong></span> <span class='ocrx_word' id='word_1_251' title='bbox 940 4040 996 4111; x_wconf 85' lang='lat' dir='ltr'><strong>vel</strong></span> <span class='ocrx_word' id='word_1_252' title='bbox 1019 4037 1259 4129; x_wconf 83' lang='lat' dir='ltr'><strong>calumniose,</strong></span> <span class='ocrx_word' id='word_1_253' title='bbox 1286 4044 1348 4110; x_wconf 91' lang='lat' dir='ltr'><strong>aut</strong></span> <span class='ocrx_word' id='word_1_254' title='bbox 1381 4060 1445 4130; x_wconf 90' lang='lat' dir='ltr'><strong>per</strong></span> <span class='ocrx_word' id='word_1_255' title='bbox 1480 4039 1550 4112; x_wconf 88' lang='lat' dir='ltr'><strong>vim</strong></span> <span class='ocrx_word' id='word_1_256' title='bbox 1577 4043 1762 4130; x_wconf 91' lang='lat' dir='ltr'><strong>usurpata,</strong></span> <span class='ocrx_word' id='word_1_257' title='bbox 1788 4027 1826 4110; x_wconf 88' lang='lat' dir='ltr'><strong>et</strong></span> <span class='ocrx_word' id='word_1_258' title='bbox 1851 4043 1950 4110; x_wconf 87' lang='lat' dir='ltr'><strong>tenet</strong></span> <span class='ocrx_word' id='word_1_259' title='bbox 1973 4056 2037 4121; x_wconf 82' lang='lat' dir='ltr'><strong>eam</strong></span> 
     </span>
     <span class='ocr_line' id='line_1_29' title="bbox 498 4159 2039 4252; baseline -0.005 -22"><span class='ocrx_word' id='word_1_260' title='bbox 498 4181 588 4231; x_wconf 90' lang='lat' dir='ltr'><strong>nnnc</strong></span> <span class='ocrx_word' id='word_1_261' title='bbox 613 4159 970 4250; x_wconf 84' lang='lat' dir='ltr'><strong>Dobrogoscius</strong></span> <span class='ocrx_word' id='word_1_262' title='bbox 1006 4161 1049 4232; x_wconf 91' lang='lat' dir='ltr'><strong>de</strong></span> <span class='ocrx_word' id='word_1_263' title='bbox 1076 4160 1426 4252; x_wconf 87' lang='lat' dir='ltr'><strong>Lyanszenicze</strong></span> <span class='ocrx_word' id='word_1_264' title='bbox 1453 4159 1580 4232; x_wconf 89' lang='lat' dir='ltr'><strong>nobilis</strong></span> <span class='ocrx_word' id='word_1_265' title='bbox 1608 4159 1780 4232; x_wconf 92' lang='lat' dir='ltr'><strong>dedomo</strong></span> <span class='ocrx_word' id='word_1_266' title='bbox 1807 4159 2039 4250; x_wconf 87' lang='lat' dir='ltr'><strong>Nalyanoz.</strong></span> 
     </span>
     <span class='ocr_line' id='line_1_30' title="bbox 497 4281 1789 4373; baseline 0 -22"><span class='ocrx_word' id='word_1_267' title='bbox 497 4282 636 4355; x_wconf 88' lang='lat' dir='ltr'><strong>Donata</strong></span> <span class='ocrx_word' id='word_1_268' title='bbox 661 4283 873 4354; x_wconf 90' lang='lat' dir='ltr'><strong>monasterio</strong></span> <span class='ocrx_word' id='word_1_269' title='bbox 900 4302 963 4373; x_wconf 90' lang='lat' dir='ltr'><strong>per</strong></span> <span class='ocrx_word' id='word_1_270' title='bbox 989 4281 1126 4353; x_wconf 88' lang='lat' dir='ltr'><strong>milites.</strong></span> <span class='ocrx_word' id='word_1_271' title='bbox 1784 4303 1789 4308; x_wconf 93' lang='lat'>·</span> 
     </span>
     <span class='ocr_line' id='line_1_31' title="bbox 600 4387 2038 4492; baseline -0.003 -19"><span class='ocrx_word' id='word_1_272' title='bbox 600 4402 829 4492; x_wconf 79' lang='lat' dir='ltr'><strong>Baznssczn,</strong></span> <span class='ocrx_word' id='word_1_273' title='bbox 857 4401 941 4474; x_wconf 83' lang='lat' dir='ltr'><strong>villa</strong></span> <span class='ocrx_word' id='word_1_274' title='bbox 977 4403 1041 4474; x_wconf 89' lang='lat' dir='ltr'><strong>sub</strong></span> <span class='ocrx_word' id='word_1_275' title='bbox 1075 4402 1240 4492; x_wconf 87' lang='lat' dir='ltr'><strong>parochia</strong></span> <span class='ocrx_word' id='word_1_276' title='bbox 1275 4387 1440 4473; x_wconf 80' lang='lat' dir='ltr'><strong>ecclesiae</strong></span> <span class='ocrx_word' id='word_1_277' title='bbox 1457 4402 1510 4473; x_wconf 91' lang='lat' dir='ltr'><strong>de</strong></span> <span class='ocrx_word' id='word_1_278' title='bbox 1537 4400 1817 4473; x_wconf 89' lang='lat' dir='ltr'><strong>Stanszicza</strong></span> <span class='ocrx_word' id='word_1_279' title='bbox 1842 4401 1930 4490; x_wconf 89' lang='lat' dir='ltr'><strong>sita,</strong></span> <span class='ocrx_word' id='word_1_280' title='bbox 1957 4399 2038 4471; x_wconf 90' lang='lat' dir='ltr'><strong>cuius</strong></span> 
     </span>
    </p>
   </div>
   <div class='ocr_carea' id='block_1_7' title="bbox 393 4517 2035 4615">
    <p class='ocr_par' dir='ltr' id='par_1_10' title="bbox 393 4517 2035 4615">
     <span class='ocr_line' id='line_1_32' title="bbox 393 4517 2035 4615; baseline -0.005 -21"><span class='ocrx_word' id='word_1_281' title='bbox 393 4573 395 4576; x_wconf 91' lang='lat'>-</span> <span class='ocrx_word' id='word_1_282' title='bbox 496 4523 693 4612; x_wconf 88' lang='lat' dir='ltr'><strong>proprietas</strong></span> <span class='ocrx_word' id='word_1_283' title='bbox 721 4523 894 4613; x_wconf 89' lang='lat' dir='ltr'><strong>quondam</strong></span> <span class='ocrx_word' id='word_1_284' title='bbox 921 4523 965 4594; x_wconf 92' lang='lat' dir='ltr'><strong>ad</strong></span> <span class='ocrx_word' id='word_1_285' title='bbox 992 4523 1240 4615; x_wconf 83' lang='lat' dir='ltr'><strong>monasterium</strong></span> <span class='ocrx_word' id='word_1_286' title='bbox 1268 4521 1578 4594; x_wconf 83' lang='lat' dir='ltr'><strong>Szeczechoviense</strong></span> <span class='ocrx_word' id='word_1_287' title='bbox 1603 4522 1822 4612; x_wconf 90' lang='lat' dir='ltr'><strong>pertinebat,</strong></span> <span class='ocrx_word' id='word_1_288' title='bbox 1848 4542 1914 4612; x_wconf 90' lang='lat' dir='ltr'><strong>pro</strong></span> <span class='ocrx_word' id='word_1_289' title='bbox 1942 4517 2035 4592; x_wconf 86' lang='lat' dir='ltr'><strong>dotali</strong></span> 
     </span>
    </p>
   </div>
   <div class='ocr_carea' id='block_1_8' title="bbox 497 4640 2041 5701">
    <p class='ocr_par' dir='ltr' id='par_1_11' title="bbox 497 4640 2038 5096">
     <span class='ocr_line' id='line_1_33' title="bbox 498 4640 2037 4735; baseline -0.003 -22"><span class='ocrx_word' id='word_1_290' title='bbox 498 4661 640 4714; x_wconf 89' lang='lat' dir='ltr'><strong>munere</strong></span> <span class='ocrx_word' id='word_1_291' title='bbox 668 4648 703 4714; x_wconf 91' lang='lat' dir='ltr'><strong>et</strong></span> <span class='ocrx_word' id='word_1_292' title='bbox 728 4644 805 4734; x_wconf 90' lang='lat' dir='ltr'><strong>ipsa</strong></span> <span class='ocrx_word' id='word_1_293' title='bbox 831 4645 867 4724; x_wconf 89' lang='lat' dir='ltr'><strong>in</strong></span> <span class='ocrx_word' id='word_1_294' title='bbox 894 4643 1094 4715; x_wconf 83' lang='lat' dir='ltr'><strong>fundatione</strong></span> <span class='ocrx_word' id='word_1_295' title='bbox 1121 4643 1332 4714; x_wconf 88' lang='lat' dir='ltr'><strong>monasterio</strong></span> <span class='ocrx_word' id='word_1_296' title='bbox 1359 4642 1671 4734; x_wconf 84' lang='lat' dir='ltr'><strong>Szeczechoviensi,</strong></span> <span class='ocrx_word' id='word_1_297' title='bbox 1688 4663 1752 4735; x_wconf 89' lang='lat' dir='ltr'><strong>per</strong></span> <span class='ocrx_word' id='word_1_298' title='bbox 1768 4644 1869 4734; x_wconf 81' lang='lat' dir='ltr'><strong>regni</strong></span> <span class='ocrx_word' id='word_1_299' title='bbox 1885 4640 2037 4714; x_wconf 84' lang='lat' dir='ltr'><strong>Poloniae</strong></span> 
     </span>
     <span class='ocr_line' id='line_1_34' title="bbox 497 4759 2037 4854; baseline -0.005 -20"><span class='ocrx_word' id='word_1_300' title='bbox 497 4763 624 4835; x_wconf 92' lang='lat' dir='ltr'><strong>milites</strong></span> <span class='ocrx_word' id='word_1_301' title='bbox 651 4769 689 4835; x_wconf 89' lang='lat' dir='ltr'><strong>et</strong></span> <span class='ocrx_word' id='word_1_302' title='bbox 715 4783 877 4854; x_wconf 90' lang='lat' dir='ltr'><strong>proceres</strong></span> <span class='ocrx_word' id='word_1_303' title='bbox 905 4762 1035 4836; x_wconf 87' lang='lat' dir='ltr'><strong>donata</strong></span> <span class='ocrx_word' id='word_1_304' title='bbox 1061 4769 1097 4836; x_wconf 93' lang='lat' dir='ltr'><strong>et</strong></span> <span class='ocrx_word' id='word_1_305' title='bbox 1123 4763 1310 4854; x_wconf 77' lang='lat' dir='ltr'><strong>inscripta,</strong></span> <span class='ocrx_word' id='word_1_306' title='bbox 1337 4762 1400 4835; x_wconf 89' lang='lat' dir='ltr'><strong>sed</strong></span> <span class='ocrx_word' id='word_1_307' title='bbox 1425 4764 1604 4836; x_wconf 87' lang='lat' dir='ltr'><strong>abstracta</strong></span> <span class='ocrx_word' id='word_1_308' title='bbox 1629 4771 1685 4836; x_wconf 89' lang='lat' dir='ltr'><strong>est</strong></span> <span class='ocrx_word' id='word_1_309' title='bbox 1711 4785 1737 4836; x_wconf 91' lang='lat' dir='ltr'><strong>a</strong></span> <span class='ocrx_word' id='word_1_310' title='bbox 1750 4759 2037 4836; x_wconf 81' lang='lat' dir='ltr'><strong>Sneczechouiensi</strong></span> 
     </span>
     <span class='ocr_line' id='line_1_35' title="bbox 499 4884 2038 4976; baseline -0.006 -20"><span class='ocrx_word' id='word_1_311' title='bbox 499 4885 720 4976; x_wconf 83' lang='lat' dir='ltr'><strong>monasterio,</strong></span> <span class='ocrx_word' id='word_1_312' title='bbox 746 4886 918 4957; x_wconf 88' lang='lat' dir='ltr'><strong>incertum</strong></span> <span class='ocrx_word' id='word_1_313' title='bbox 945 4903 988 4955; x_wconf 86' lang='lat' dir='ltr'><strong>ex</strong></span> <span class='ocrx_word' id='word_1_314' title='bbox 1014 4905 1081 4974; x_wconf 90' lang='lat' dir='ltr'><strong>quo</strong></span> <span class='ocrx_word' id='word_1_315' title='bbox 1108 4890 1276 4974; x_wconf 89' lang='lat' dir='ltr'><strong>tempore,</strong></span> <span class='ocrx_word' id='word_1_316' title='bbox 1303 4903 1396 4972; x_wconf 89' lang='lat' dir='ltr'><strong>casn,</strong></span> <span class='ocrx_word' id='word_1_317' title='bbox 1423 4885 1633 4957; x_wconf 88' lang='lat' dir='ltr'><strong>necessitate</strong></span> <span class='ocrx_word' id='word_1_318' title='bbox 1659 4889 1722 4957; x_wconf 89' lang='lat' dir='ltr'><strong>aut</strong></span> <span class='ocrx_word' id='word_1_319' title='bbox 1748 4904 1861 4975; x_wconf 86' lang='lat' dir='ltr'><strong>cansa,</strong></span> <span class='ocrx_word' id='word_1_320' title='bbox 1879 4888 1918 4956; x_wconf 91' lang='lat' dir='ltr'><strong>et</strong></span> <span class='ocrx_word' id='word_1_321' title='bbox 1934 4884 2038 4956; x_wconf 89' lang='lat' dir='ltr'><strong>tenent</strong></span> 
     </span>
     <span class='ocr_line' id='line_1_36' title="bbox 497 5004 2038 5096; baseline -0.003 -19"><span class='ocrx_word' id='word_1_322' title='bbox 497 5027 573 5080; x_wconf 88' lang='lat' dir='ltr'><strong>eam</strong></span> <span class='ocrx_word' id='word_1_323' title='bbox 593 5027 703 5078; x_wconf 81' lang='lat' dir='ltr'><strong>nune</strong></span> <span class='ocrx_word' id='word_1_324' title='bbox 734 5005 861 5079; x_wconf 87' lang='lat' dir='ltr'><strong>milites</strong></span> <span class='ocrx_word' id='word_1_325' title='bbox 897 5005 940 5077; x_wconf 92' lang='lat' dir='ltr'><strong>de</strong></span> <span class='ocrx_word' id='word_1_326' title='bbox 968 5005 1068 5078; x_wconf 95' lang='lat' dir='ltr'><strong>domo</strong></span> <span class='ocrx_word' id='word_1_327' title='bbox 1097 5005 1393 5078; x_wconf 87' lang='lat' dir='ltr'><strong>Thaurornm.</strong></span> <span class='ocrx_word' id='word_1_328' title='bbox 1427 5006 1568 5078; x_wconf 87' lang='lat' dir='ltr'><strong>Donata</strong></span> <span class='ocrx_word' id='word_1_329' title='bbox 1593 5006 1806 5078; x_wconf 81' lang='lat' dir='ltr'><strong>monasterio</strong></span> <span class='ocrx_word' id='word_1_330' title='bbox 1832 5025 1897 5096; x_wconf 89' lang='lat' dir='ltr'><strong>per</strong></span> <span class='ocrx_word' id='word_1_331' title='bbox 1914 5004 2038 5077; x_wconf 80' lang='lat' dir='ltr'><strong>milites</strong></span> 
     </span>
    </p>

    <p class='ocr_par' dir='ltr' id='par_1_12' title="bbox 497 5120 2041 5701">
     <span class='ocr_line' id='line_1_37' title="bbox 602 5120 2037 5218; baseline -0.004 -20"><span class='ocrx_word' id='word_1_332' title='bbox 602 5127 835 5201; x_wconf 81' lang='lat' dir='ltr'><strong>Szaarsszru</strong></span> <span class='ocrx_word' id='word_1_333' title='bbox 873 5127 961 5199; x_wconf 87' lang='lat' dir='ltr'><strong>alias</strong></span> <span class='ocrx_word' id='word_1_334' title='bbox 996 5125 1169 5216; x_wconf 79' lang='lat' dir='ltr'><strong>Snrszm,</strong></span> <span class='ocrx_word' id='word_1_335' title='bbox 1196 5127 1280 5197; x_wconf 86' lang='lat' dir='ltr'><strong>villa</strong></span> <span class='ocrx_word' id='word_1_336' title='bbox 1315 5127 1380 5199; x_wconf 92' lang='lat' dir='ltr'><strong>snb</strong></span> <span class='ocrx_word' id='word_1_337' title='bbox 1405 5127 1572 5218; x_wconf 86' lang='lat' dir='ltr'><strong>parochia</strong></span> <span class='ocrx_word' id='word_1_338' title='bbox 1607 5120 1772 5205; x_wconf 85' lang='lat' dir='ltr'><strong>ecclesiae</strong></span> <span class='ocrx_word' id='word_1_339' title='bbox 1799 5125 1843 5200; x_wconf 91' lang='lat' dir='ltr'><strong>de</strong></span> <span class='ocrx_word' id='word_1_340' title='bbox 1869 5126 2037 5200; x_wconf 83' lang='lat' dir='ltr'><strong>Saccze</strong></span> 
     </span>
     <span class='ocr_line' id='line_1_38' title="bbox 497 5246 2035 5342; baseline -0.002 -21"><span class='ocrx_word' id='word_1_341' title='bbox 497 5249 621 5321; x_wconf 87' lang='lat' dir='ltr'><strong>chow</strong></span> <span class='ocrx_word' id='word_1_342' title='bbox 647 5249 725 5339; x_wconf 89' lang='lat' dir='ltr'><strong>sita,</strong></span> <span class='ocrx_word' id='word_1_343' title='bbox 752 5247 797 5320; x_wconf 90' lang='lat' dir='ltr'><strong>ad</strong></span> <span class='ocrx_word' id='word_1_344' title='bbox 816 5247 1067 5340; x_wconf 87' lang='lat' dir='ltr'><strong>proprietatem</strong></span> <span class='ocrx_word' id='word_1_345' title='bbox 1085 5247 1289 5319; x_wconf 86' lang='lat' dir='ltr'><strong>monasterii</strong></span> <span class='ocrx_word' id='word_1_346' title='bbox 1306 5246 1627 5320; x_wconf 86' lang='lat' dir='ltr'><strong>Szeczeehoviensis</strong></span> <span class='ocrx_word' id='word_1_347' title='bbox 1644 5248 1824 5338; x_wconf 86' lang='lat' dir='ltr'><strong>pertinens</strong></span> <span class='ocrx_word' id='word_1_348' title='bbox 1843 5247 2035 5342; x_wconf 72' lang='lat' dir='ltr'><strong>pleneme,</strong></span> 
     </span>
     <span class='ocr_line' id='line_1_39' title="bbox 498 5365 2034 5459; baseline -0.003 -19"><span class='ocrx_word' id='word_1_349' title='bbox 498 5389 586 5459; x_wconf 84' lang='lat' dir='ltr'><strong>quae</strong></span> <span class='ocrx_word' id='word_1_350' title='bbox 613 5369 680 5440; x_wconf 90' lang='lat' dir='ltr'><strong>etsi</strong></span> <span class='ocrx_word' id='word_1_351' title='bbox 706 5367 789 5440; x_wconf 92' lang='lat' dir='ltr'><strong>olim</strong></span> <span class='ocrx_word' id='word_1_352' title='bbox 814 5366 920 5442; x_wconf 80' lang='lat' dir='ltr'><strong>luerit</strong></span> <span class='ocrx_word' id='word_1_353' title='bbox 946 5369 991 5440; x_wconf 89' lang='lat' dir='ltr'><strong>ab</strong></span> <span class='ocrx_word' id='word_1_354' title='bbox 1017 5368 1180 5459; x_wconf 78' lang='lat' dir='ltr'><strong>agricolis</strong></span> <span class='ocrx_word' id='word_1_355' title='bbox 1207 5368 1301 5440; x_wconf 89' lang='lat' dir='ltr'><strong>culta</strong></span> <span class='ocrx_word' id='word_1_356' title='bbox 1327 5371 1363 5438; x_wconf 93' lang='lat' dir='ltr'><strong>et</strong></span> <span class='ocrx_word' id='word_1_357' title='bbox 1388 5387 1559 5458; x_wconf 88' lang='lat' dir='ltr'><strong>possessa,</strong></span> <span class='ocrx_word' id='word_1_358' title='bbox 1585 5369 1755 5440; x_wconf 87' lang='lat' dir='ltr'><strong>hactenus</strong></span> <span class='ocrx_word' id='word_1_359' title='bbox 1782 5369 1901 5440; x_wconf 86' lang='lat' dir='ltr'><strong>tamen</strong></span> <span class='ocrx_word' id='word_1_360' title='bbox 1927 5369 1964 5439; x_wconf 90' lang='lat' dir='ltr'><strong>in</strong></span> <span class='ocrx_word' id='word_1_361' title='bbox 1989 5365 2034 5437; x_wconf 84' lang='lat' dir='ltr'><strong>de</strong></span> 
     </span>
     <span class='ocr_line' id='line_1_40' title="bbox 497 5487 2037 5581; baseline -0.002 -23"><span class='ocrx_word' id='word_1_362' title='bbox 497 5488 702 5561; x_wconf 89' lang='lat' dir='ltr'><strong>solationem</strong></span> <span class='ocrx_word' id='word_1_363' title='bbox 738 5487 881 5561; x_wconf 89' lang='lat' dir='ltr'><strong>redacta</strong></span> <span class='ocrx_word' id='word_1_364' title='bbox 915 5495 987 5581; x_wconf 89' lang='lat' dir='ltr'><strong>est,</strong></span> <span class='ocrx_word' id='word_1_365' title='bbox 1019 5493 1056 5560; x_wconf 90' lang='lat' dir='ltr'><strong>et</strong></span> <span class='ocrx_word' id='word_1_366' title='bbox 1089 5493 1194 5560; x_wconf 87' lang='lat' dir='ltr'><strong>natae</strong></span> <span class='ocrx_word' id='word_1_367' title='bbox 1230 5491 1442 5579; x_wconf 84' lang='lat' dir='ltr'><strong>exortaeqne</strong></span> <span class='ocrx_word' id='word_1_368' title='bbox 1469 5489 1614 5560; x_wconf 91' lang='lat' dir='ltr'><strong>suntin</strong></span> <span class='ocrx_word' id='word_1_369' title='bbox 1641 5489 1716 5561; x_wconf 72' lang='lat' dir='ltr'><strong>dus</strong></span> <span class='ocrx_word' id='word_1_370' title='bbox 1743 5488 1836 5580; x_wconf 82' lang='lat' dir='ltr'><strong>agris</strong></span> <span class='ocrx_word' id='word_1_371' title='bbox 1864 5494 1985 5560; x_wconf 85' lang='lat' dir='ltr'><strong>vastae</strong></span> <span class='ocrx_word' id='word_1_372' title='bbox 2009 5487 2037 5554; x_wconf 89' lang='lat' dir='ltr'><strong>et</strong></span> 
     </span>
     <span class='ocr_line' id='line_1_41' title="bbox 508 5605 2041 5701; baseline -0.002 -21"><span class='ocrx_word' id='word_1_373' title='bbox 508 5605 635 5680; x_wconf 86' lang='lat' dir='ltr'><strong>densae</strong></span> <span class='ocrx_word' id='word_1_374' title='bbox 670 5607 808 5700; x_wconf 86' lang='lat' dir='ltr'><strong>sylvae,</strong></span> <span class='ocrx_word' id='word_1_375' title='bbox 843 5609 880 5681; x_wconf 92' lang='lat' dir='ltr'><strong>in</strong></span> <span class='ocrx_word' id='word_1_376' title='bbox 915 5607 1137 5701; x_wconf 88' lang='lat' dir='ltr'><strong>paludinibus</strong></span> <span class='ocrx_word' id='word_1_377' title='bbox 1173 5607 1263 5681; x_wconf 91' lang='lat' dir='ltr'><strong>enim</strong></span> <span class='ocrx_word' id='word_1_378' title='bbox 1290 5613 1327 5680; x_wconf 90' lang='lat' dir='ltr'><strong>et</strong></span> <span class='ocrx_word' id='word_1_379' title='bbox 1351 5608 1495 5686; x_wconf 86' lang='lat' dir='ltr'><strong>undosis</strong></span> <span class='ocrx_word' id='word_1_380' title='bbox 1520 5608 1606 5682; x_wconf 87' lang='lat' dir='ltr'><strong>locis</strong></span> <span class='ocrx_word' id='word_1_381' title='bbox 1633 5609 1702 5681; x_wconf 88' lang='lat' dir='ltr'><strong>sita</strong></span> <span class='ocrx_word' id='word_1_382' title='bbox 1727 5613 1799 5699; x_wconf 87' lang='lat' dir='ltr'><strong>est,</strong></span> <span class='ocrx_word' id='word_1_383' title='bbox 1824 5625 1890 5680; x_wconf 90' lang='lat' dir='ltr'><strong>nec</strong></span> <span class='ocrx_word' id='word_1_384' title='bbox 1914 5609 2041 5700; x_wconf 84' lang='lat' dir='ltr'><strong>propter</strong></span> 
     </span>
    </p>
   </div>
   <div class='ocr_carea' id='block_1_9' title="bbox 0 0 2260 6592">
    <p class='ocr_par' dir='ltr' id='par_1_13' title="bbox 0 0 2260 6592">
     <span class='ocr_line' id='line_1_42' title="bbox 0 0 2260 6592; baseline 0 0"><span class='ocrx_word' id='word_1_385' title='bbox 0 0 2260 6592; x_wconf 95' lang='lat' dir='ltr'><strong> </strong></span> 
     </span>
    </p>
   </div>
  </div>
 </body>
</html>
