4492 6592
504 751 580 825 aab

503 957 813 1031 sanctimonialium
841 958 1195 1032 Zawichosthensium
1222 961 1258 1032 iu
1286 961 1360 1032 eins
1385 961 1589 1033 fundatione
1606 967 1642 1033 et
1658 963 1886 1035 translatione
1913 943 2050 1035 donata
2140 958 2141 1037 ἶ

501 1081 541 1150 Iu
569 1085 637 1170 qua
664 1087 746 1150 sunt
773 1100 833 1150 sex
860 1081 952 1150 lanei
979 1081 1222 1170 emethonales,
1250 1089 1287 1152 et
1313 1083 1459 1172 quilibet
1485 1083 1591 1154 solvit
1608 1103 1675 1172 pro
1690 1105 1796 1156 censu
1822 1085 1944 1155 decem
1964 1091 2053 1156 scot-

501 1207 575 1290 tos,
602 1199 683 1271 item
712 1221 780 1270 nou
809 1201 893 1274 dant
920 1221 1004 1291 ova,
1035 1202 1146 1292 gallos
1172 1223 1241 1272 uon
1269 1203 1425 1290 solvunt,
1461 1224 1573 1294 neque
1600 1225 1729 1276 caseos.
1763 1206 1852 1276 Item
1879 1225 1947 1294 pro
1975 1225 2052 1276 rere

501 1327 537 1390 et
563 1323 685 1411 hyeme
712 1329 815 1392 arant
841 1342 944 1410 agros
972 1323 1184 1412 praediatus,
1225 1329 1362 1412 serunt,
1398 1330 1533 1395 metunt
1558 1332 1595 1426 et
1620 1326 1655 1396 in
1684 1327 1845 1396 horreum
1873 1326 2051 1396 inducunt
2140 1314 2141 1389 3

358 1457 366 1466 ·
500 1441 587 1513 Item
616 1443 762 1514 taberna
788 1463 857 1512 uua
883 1443 1014 1513 habeus
1042 1463 1156 1533 agros,
1185 1463 1273 1533 quae
1300 1464 1402 1514 unam
1422 1465 1575 1515 marcam
1600 1447 1705 1516 soluit
1732 1467 1797 1535 pro
1823 1467 1941 1518 censu.
1969 1446 2051 1516 Item
2140 1508 2141 1545 ζ

500 1562 700 1632 hortulauIa
726 1583 813 1650 una,
849 1581 936 1652 qnae
964 1583 1101 1634 censum
1138 1583 1206 1634 non
1234 1565 1355 1654 solvit,
1391 1563 1452 1636 sed
1481 1565 1573 1635 diem
1599 1567 1636 1635 in
1663 1567 1856 1656 septimana
1891 1567 2053 1656 pedester
2140 1588 2141 1631 1

385 1670 390 1678 “
500 1683 647 1770 laborat,
675 1683 806 1754 habens
834 1703 946 1773 agros.
975 1683 1063 1754 Item
1090 1690 1145 1754 est
1171 1685 1351 1772 praedium
1379 1686 1507 1758 bouum
1535 1687 1743 1777 coenobiale,
1770 1687 1814 1757 de
1841 1687 1943 1757 cuius
1964 1686 2053 1775 agris

501 1803 691 1902 decimatur
717 1803 882 1874 ecclesiae
909 1805 945 1873 in
972 1802 1228 1874 Goszlicze.
1253 1803 1341 1874 Item
1369 1825 1488 1875 omncs
1515 1806 1590 1894 agri
1617 1807 1840 1878 tabernarum
1868 1814 1906 1876 et
1922 1807 2054 1891 ¹hortu·

501 1923 671 1994 laniorum
699 1924 839 1994 solvunt
864 1923 1030 1995 decimam
1057 1924 1318 2012 manipularem,
1345 1932 1382 1995 et
1408 1945 1473 2015 per
1498 1932 1649 2015 quatuor
1675 1927 1814 2016 ierugas
1841 1927 2052 2016 canapalem,

502 2045 716 2133 episcopatui
743 2043 981 2134 Oracoviensi,
1008 2051 1044 2116 ot
1069 2051 1234 2115 tenentur
1268 2045 1361 2115 illam
1390 2044 1590 2116 cmethones
1626 2049 1776 2137 propriis
1802 2049 1969 2119 curribus
1995 2046 2052 2116 du·

503 2182 581 2234 cere
608 2167 643 2235 iu
671 2166 832 2236 horreum
860 2187 882 2236 a
907 2166 1096 2238 factoribus
1132 2166 1286 2256 episcopi
1321 2165 1519 2254 locandum,
1558 2172 1594 2237 et
1621 2169 1719 2239 valor
1744 2170 1819 2239 eius
1847 2168 2053 2238 aestimatur
2140 2180 2141 2235 l

502 2285 546 2354 ad
574 2292 706 2374 septem
733 2307 885 2376 marcas,
921 2287 1107 2377 aliquando
1135 2286 1179 2357 ad
1207 2292 1286 2358 octo
1312 2305 1467 2375 marcas,
1491 2287 1688 2376 *aliquando
1721 2289 1764 2358 ad
1792 2289 1923 2358 decem.
1970 2287 2050 2357 Item

502 2405 648 2493 quilibet
675 2407 717 2477 de
744 2407 846 2478 laneo
872 2409 1009 2480 laborat
1036 2408 1123 2479 duos
1150 2408 1226 2478 dies
1249 2408 1284 2476 iu
1312 2406 1505 2496 septimana
1535 2409 1678 2497 proprIo
1704 2429 1809 2479 curru
1836 2415 1899 2478 aut
1929 2414 2051 2478 aromo.

448 2534 451 2551 ¹
500 2524 589 2595 Item
616 2533 670 2597 est
695 2528 744 2599 ibi
771 2529 922 2618 piscina,
959 2531 1058 2600 iuxta
1085 2549 1187 2618 quam
1215 2527 1467 2615 molendinum,
1500 2528 1592 2617 qnod
1619 2529 1724 2600 solvit
1748 2549 1812 2618 pro
1840 2529 2051 2599 monasterio

500 2663 603 2716 uuam
630 2667 791 2718 marcam.
818 2647 979 2724 Ooufiuat
1006 2669 1081 2720 cum
1110 2649 1207 2720 villis·
1221 2701 1334 2717 .....

604 2767 841 2860 Dnununur,
877 2770 1050 2870 villa'sub
1077 2770 1242 2860 parochia
1268 2769 1433 2839 ecclesIae
1460 2769 1503 2838 de
1529 2767 1780 2841 Obraszow
1806 2770 1892 2858 sita,
1930 2777 1969 2842 et
1993 2790 2051 2858 per
2140 2780 2141 2815 ³

501 2885 766 2960 Boleslaum
802 2889 1019 2962 Pudicum
1055 2893 1154 2981 regni
1182 2889 1347 2961 Poloniae
1382 2890 1504 2960 ducem
1530 2897 1567 2960 et
1593 2889 1812 2960 monarcham
1840 2893 2050 2961 monasterio
2140 2876 2141 2955 ἔ

501 2989 812 3082 οοοοοίωοοίοἰίοῐο
838 3012 1167 3084 Zawichostensium
1199 3013 1235 3083 iu
1263 3012 1339 3082 eius
1365 3010 1567 3082 fundatione
1595 3015 1631 3081 et
1655 3011 1886 3082 translatione
1913 3011 2049 3082 donata
2140 3044 2141 3113 j

443 3161 445 3166 ·
500 3128 539 3198 In
569 3150 636 3218 qua
662 3137 743 3202 suut
770 3153 891 3202 novem
928 3133 1019 3204 lanei
1055 3133 1306 3220 emethonales,
1334 3139 1371 3203 et
1397 3131 1544 3221 quilibet
1570 3131 1676 3202 solvit
1710 3153 1775 3220 pro
1800 3144 1922 3202 censu·
1937 3132 2050 3202 decem
2099 3173 2102 3176 -
2140 3118 2141 3171 3

501 3253 633 3320 scottos
659 3271 735 3322 cum
763 3251 901 3324 medios
930 3253 1017 3324 Item
1044 3273 1111 3324 ova
1137 3275 1207 3324 non
1234 3240 1337 3342 dant,
1363 3253 1474 3343 gallos
1502 3272 1569 3323 nou
1597 3251 1754 3340 solvunt,
1781 3273 1895 3341 neque
1924 3273 2048 3323 caseus.

386 3357 393 3366 ⁶
501 3369 588 3439 Item
616 3391 680 3460 pro
708 3391 788 3442 vere
815 3377 851 3443 et
877 3373 999 3464 hyeme
1026 3379 1129 3445 arant
1153 3393 1257 3463 agros
1284 3372 1497 3462 praediales,
1525 3378 1655 3461 serunt,
1682 3377 1816 3443 metunt
1843 3373 1947 3459 etin
1974 3374 2049 3443 hor-

501 3509 599 3560 reum
627 3492 838 3580 couducuut,
874 3493 1065 3600 laborando
1092 3493 1180 3565 duos
1206 3493 1281 3564 dies
1308 3495 1344 3563 in
1370 3495 1564 3582 septImana
1592 3494 1732 3582 proprio
1758 3514 1862 3563 curru
1890 3499 2049 3564 antara

500 3617 567 3681 tro.
611 3611 698 3682 Item
726 3614 874 3684 taberna
900 3621 955 3685 est
982 3635 1067 3702 una,
1104 3616 1237 3686 habens
1263 3635 1385 3705 agros,
1420 3620 1458 3685 et
1485 3614 1589 3684 soluit
1615 3632 1680 3703 pro
1705 3635 1811 3684 censu
1842 3633 1950 3683 unam
1976 3633 2045 3682 cum
2140 3628 2141 3657 ³

355 3731 359 3736 ’
501 3731 614 3803 media
640 3753 794 3806 marcas,
836 3735 922 3807 Item
949 3735 1169 3808 hortulaniae
1195 3758 1265 3808 non
1291 3741 1388 3823 sunt,
1424 3748 1535 3824 neque
1571 3734 1760 3823 praedium.
1807 3735 1896 3804 Item
1934 3753 2047 3804 omnes

501 3853 574 3942 agri
592 3857 832 3946 cmetbonum,
859 3857 1091 3946 tabernarum,
1119 3857 1406 3943 hortulaniarum,
1433 3854 1573 3932 solvunt
1590 3854 1759 3924 decimam
1785 3854 2046 3943 manipularem,

501 3978 536 4044 et
562 3990 625 4063 per
652 3983 801 4066 quatuor
828 3978 966 4067 ierugas
993 3977 1194 4068 canapalem
1222 3975 1436 4066 episcopatui
1463 3973 1698 4062 Gracoviensi,
1725 3981 1767 4044 et
1787 3979 1954 4044 tenentur
1978 3993 2045 4043 eam

501 4096 699 4167 cmethones
726 4098 877 4188 propriiS
914 4099 1073 4171 curribus
1109 4095 1272 4168 inducere
1299 4096 1334 4166 in
1360 4097 1525 4167 horreum
1552 4093 1790 4182 aleatoribus
1820 4095 1978 4183 episcopi
2001 4093 2046 4162 Io

501 4217 658 4306 candum,
686 4223 722 4295 et
749 4220 846 4291 valor
873 4221 947 4308 eius
974 4219 1019 4290 ad
1046 4219 1226 4290 duodecim
1253 4237 1397 4287 marcas.
1425 4215 1584 4286 Confluat
1610 4235 1687 4285 cum
1714 4213 1806 4284 villis
1824 4267 1941 4283 .....

605 4336 840 4429 (luorunow,
877 4339 959 4410 villa
986 4341 1049 4411 sub
1077 4339 1243 4429 parochia
1268 4337 1435 4408 ecclesiae
1469 4336 1513 4406 de
1541 4335 1770 4424 Lunyowa
1804 4334 1890 4422 sita,
1925 4339 1965 4405 et
1989 4352 2044 4423 per

500 4458 769 4542 Boleslaum
806 4459 1024 4532 Pudicum
1061 4461 1160 4550 regni
1187 4458 1352 4530 Poloniae
1379 4457 1500 4528 ducem
1528 4462 1564 4526 et
1589 4454 1811 4527 monarcham
1840 4453 2043 4526 monasterio

501 4579 811 4650 sanctimonialium
840 4581 889 4652 iu·
904 4579 1210 4652 Zawichosth'
1229 4580 1265 4650 iu
1293 4579 1368 4649 eius
1385 4577 1589 4649 fundatione
1606 4584 1644 4646 et
1659 4575 1887 4646 translatione
1914 4575 2042 4645 donata

500 4699 540 4768 In
569 4719 637 4789 qua
664 4705 744 4770 aunt
771 4721 831 4772 sex
859 4701 950 4772 lanei
977 4701 1220 4789 cmethouales,
1247 4706 1284 4770 et
1310 4698 1457 4789 quilibet
1479 4697 1585 4768 solvit
1610 4715 1674 4786 pro
1692 4679 1799 4766 ceusu
1824 4695 1943 4766 decem
1963 4700 2044 4765 scot·
2077 4692 2081 4700 '

500 4827 556 4892 tos
584 4838 661 4892 cum
689 4822 812 4911 medi03
838 4823 921 4894 item
948 4843 1014 4894 ova
1040 4845 1108 4894 non
1137 4822 1235 4910 daut,
1262 4822 1347 4892 item
1372 4818 1483 4910 gallos
1510 4829 1579 4889 nou
1606 4817 1754 4906 solvunt,
1782 4836 1894 4907 neque
1922 4835 2040 4886 caseos

499 4943 586 5014 Item
613 4963 677 5034 pro
704 4961 786 5014 rere
813 4948 849 5014 et
874 4943 996 5034 hyeme
1033 4963 1137 5033 egros
1172 4941 1367 5032 praediales
1395 4945 1535 5028 serunt,
1571 4944 1724 5026 metunt,
1760 4943 1798 5008 et
1822 4937 1860 5007 in
1886 4937 2040 5007 horreum

499 5065 706 5154 conducunt,
733 5064 923 5136 laborando
951 5065 1037 5136 duos
1056 5064 1131 5135 dies
1149 5064 1185 5133 in
1205 5063 1408 5152 septimana,
1435 5061 1578 5151 proprio
1604 5073 1711 5169 curru
1729 5063 1791 5128 aut
1808 5062 1937 5129 aratro.
1963 5057 2040 5127 Item

499 5187 646 5259 taberna
681 5191 735 5257 est
771 5205 840 5256 una
875 5185 1006 5256 habens
1043 5203 1164 5274 agros,
1199 5190 1236 5254 et
1263 5183 1368 5254 solvit
1393 5188 1458 5271 pio
1485 5201 1592 5252 censu
1627 5197 1730 5250 unam
1756 5195 1918 5251 marcam.
1962 5177 2038 5247 Item
2114 5201 2118 5207 ·

499 5307 717 5378 hortulaniae
743 5311 834 5395 tres,
871 5313 912 5378 et
933 5325 1074 5376 censum
1110 5325 1179 5376 non
1206 5303 1390 5391 solvendo,
1427 5302 1602 5392 quaelibet
1631 5320 1736 5372 unum
1763 5298 1855 5370 diem
1880 5299 1920 5368 in
1947 5296 2041 5388 sepa

500 5448 602 5497 mana
627 5428 773 5500 laborat.
800 5427 887 5498 Item
914 5426 1094 5517 praedIum
1121 5430 1176 5496 est
1202 5423 1411 5512 coenobiale,
1438 5423 1482 5493 de
1500 5422 1598 5492 cuius
1625 5419 1720 5510 agris
1747 5419 1916 5491 decimam
1942 5415 2039 5489 mani·

500 5547 655 5640 pularem
682 5548 810 5642 partim
838 5547 904 5619 sibi
931 5545 1067 5636 tollunt,
1094 5547 1221 5636 partim
1248 5545 1352 5618 altali
1371 5543 1491 5615 Sancti
1509 5541 1690 5612 Laurentii
1716 5541 1752 5610 in
1779 5537 2037 5623 Sandomiria
