4492 6592
541 2001 659 2080 Ordo
692 2001 874 2080 Sanctae
907 1997 1061 2084 claras
1093 1998 1197 2076 aliea
1229 1997 1371 2076 Sancti
1406 1932 1607 2094 casulani,
1640 1996 1679 2074 tn
1713 1937 1907 2074 dioecesi
1933 1993 2080 2074 craco

540 2157 675 2233 vinnai
708 2155 836 2232 babet
866 2153 951 2230 duo
985 2155 1255 2250 monasteria,
1288 2150 1488 2230 videlicet
1518 2150 1662 2230 &noti
1687 2149 1890 2229 Andreae
1922 2152 1967 2228 iu
1988 2147 2079 2228 cra·

675 2311 811 2408 covia,
844 2315 888 2386 st
920 2309 958 2385 lu
991 2307 1160 2408 antiqua
1193 2305 1401 2406 sandecz,
1436 2303 1741 2384 monasterium
1775 2306 1959 2406 primum

713 2571 973 2707 SANOTI
1019 2571 1373 2706 ANDREAE
1418 2571 1496 2702 IN
1545 2569 1931 2705 cRAcchA.

642 2877 892 2956 Boleslaus
919 2883 989 2955 dux
1016 2891 1052 2954 et
1077 2885 1266 2955 monarcha
1292 2885 1390 2973 regni
1417 2883 1601 2972 Poloniae,
1628 2885 1674 2955 ob
1701 2883 1945 2955 incredibilem
1970 2903 2074 2970 corpo
2123 2882 2126 2933 1

463 3101 467 3106 ¹
538 3009 588 3078 ris
615 3006 861 3094 integritatem,
888 3003 1170 3093 castitatemque,
1197 3025 1299 3093 quam
1330 3005 1618 3092 speciosissimam
1646 3003 1779 3074 babens
1804 3005 1840 3073 in
1867 3002 2073 3074 matrimonio

540 3125 718 3213 coniugem
754 3121 1091 3211 Kunegundim‚
1123 3122 1229 3192 liliam
1265 3122 1407 3191 Belae
1444 3121 1646 3212 Huugariae
1680 3123 1793 3212 regis,
1820 3124 1973 3192 maxima
1997 3139 2073 3206 cura
2125 3160 2126 3191 l

539 3244 756 3332 maximoque
784 3241 898 3312 studio
925 3259 1033 3330 usque
1060 3241 1104 3310 ad
1131 3246 1323 3312 extremum
1347 3241 1444 3311 ritae
1470 3241 1676 3330 custodivit,
1703 3239 1910 3312 Pudicus
1937 3238 2070 3330 appella·
2124 3300 2125 3339 ,

539 3370 617 3451 tus,
652 3361 855 3450 scrupulosa
890 3359 1070 3449 diligentia
1105 3361 1310 3449 advertens,
1346 3359 1380 3431 in
1416 3362 1579 3452 univerae
1614 3363 1714 3453 regni
1741 3361 1910 3433 Poloniae
1936 3379 2071 3450 corpore,
2124 3344 2125 3431 ἶ

458 3548 464 3554 .
531 3469 671 3552 ¹nullum
707 3481 877 3570 virgiuum
915 3487 951 3550 et
985 3479 1211 3554 foeminarum
1238 3487 1360 3552 extare
1376 3479 1607 3569 coenobium,
1634 3482 1766 3552 nudum
1792 3481 1867 3552 Deo
1896 3482 2069 3552 diaetarum

539 3607 601 3673 snt
626 3602 850 3672 dicendarum
877 3605 997 3671 extare
1025 3607 1248 3690 conventum,
1273 3601 1311 3671 in
1347 3621 1416 3690 quo
1449 3601 1651 3672 militarium
1677 3603 1778 3691 regni
1802 3601 1970 3689 Poloniae
1994 3599 2068 3670 iliae
2124 3620 2125 3697 l

538 3721 811 3810 consangvineae
838 3727 874 3790 ct
899 3739 1047 3809 sorores,
1074 3741 1138 3810 pro
1165 3721 1350 3816 devotione
1376 3741 1441 3794 sna
1465 3727 1503 3792 et
1528 3721 1601 3792 rita
1625 3720 1792 3810 religiosa
1808 3722 1988 3811 explenda
2003 3738 2068 3808 poc
2124 3806 2125 3821 ξ

433 3841 437 3852 “
538 3848 617 3912 sent
634 3840 772 3929 includi,
785 3845 821 3910 et
838 3839 979 3929 dignum
992 3839 1066 3911 Deo
1081 3840 1167 3911 coeli
1185 3859 1249 3929 pro
1265 3841 1479 3930 virginitatis
1496 3841 1677 3930 proposito
1695 3841 1860 3914 exhibere
1873 3839 2065 3924 lamulatnn,
2124 3830 2125 3883 ἶ

540 3959 702 4047 consiliis,
719 3959 895 4028 instantiis
913 3963 949 4028 et
966 3959 1149 4047 praecibus
1166 3957 1477 4030 illustrissimarum
1494 3957 1721 4029 foeminarum
1739 3956 2066 4070 crzymislavae

476 4109 481 4119 ·
539 4079 717 4168 genitricis
744 4085 780 4149 et
806 4075 1111 4167 Kuuegundis
1138 4078 1353 4149 conthoralis
1379 4099 1463 4150 auae
1480 4081 1944 4169 persvaaua,monaate1ium
1959 4065 2065 4150 sancti·

538 4199 738 4270 monialium
765 4198 919 4288 fundare,
947 4198 1070 4270 dotare
1096 4205 1134 4269 et
1159 4199 1304 4289 erigere,
1331 4199 1367 4269 in
1394 4199 1544 4270 animum
1563 4220 1663 4272 suum
1679 4201 1822 4271 inducit
1849 4200 1953 4274 Anno
1969 4200 2063 4285 itaque

537 4319 676 4390 Domini
707 4320 815 4390 1257.
843 4325 941 4390 sexta
976 4337 1084 4389 nonas
1121 4317 1262 4407 Martii,
1289 4319 1380 4408 apud
1416 4319 1592 4409 villagium
1618 4319 1822 4399 Korczin
1848 4305 2063 4391 cracoviensis

539 4438 723 4527 dioecesis,
752 4457 858 4528 supra
894 4437 1052 4508 Nidam
1088 4437 1229 4508 fluvium
1263 4439 1385 4527 sitnm,
1412 4440 1563 4510 omnium
1595 4457 1737 4510 suarum
1763 4444 1937 4510 terrarum
1962 4433 2060 4508 indicit
2124 4444 2125 4459 ¹

541 4563 767 4660 conventum,
793 4558 839 4629 ad
875 4575 975 4648 quern
1007 4575 1080 4628 non
1103 4557 1217 4628 salum
1253 4556 1529 4630 Prandotba
1556 4559 1737 4649 episcopus
1764 4557 2012 4643 cracoviensis,
2031 4570 2061 4622 ιι

540 4679 691 4749 barones
718 4684 753 4748 et
778 4697 942 4768 proceres
969 4675 1220 4766 Oracoviensia,
1246 4675 1545 4767 miriensis,
1571 4678 1792 4750 Lublineusis
1817 4685 1995 4765 numum
2016 4667 2061 4742 lei

539 4803 576 4870 et
601 4796 848 4869 Gasimirus
886 4795 1120 4885 Cubdensis,
1157 4797 1393 4868 Lancicienus
1427 4805 1466 4869 et
1500 4797 1737 4888 cyradieuais,
1749 4805 1800 4870 et
1823 4795 2058 4871 Semovitns
2123 4778 2124 4903 l

537 4919 717 4991 illusoriae
736 4919 849 5008 duces,
877 4917 1085 4988 Boleslai
1104 4917 1268 4988 Pudici
1295 4917 1391 4990 ducis
1409 4917 1650 4992 cracoviensis
1665 4917 1795 4990 iratres
1812 4919 1984 5009 patrueles
1996 4931 2056 5002 per·
2123 4958 2124 4999 ι

538 5041 640 5131 mani,
666 5039 897 5130 personaliter
923 5057 1000 5108 cum
1020 5038 1091 5108 suis
1109 5038 1316 5108 consiliariis
1333 5039 1448 5128 rogati
1465 5039 1688 5128 advenerant,
1706 5041 1767 5111 nbi
1779 5059 1847 5129 per
1863 5041 1966 5113 diea
1961 5038 2124 5130 pluet

537 5161 580 5231 de
605 5162 687 5232 novi
713 5159 916 5232 monasterii
943 5179 1007 5247 pro
1034 5158 1353 5229 sanctimonialibus
1379 5163 1416 5229 et
1440 5157 1618 5250 foeminis,
1645 5161 1811 5234 coelibem
1837 5165 1944 5236 vitam
1977 5173 2055 5245 acere

537 5285 699 5350 aestuant
683 5269 787 5370 tibus,
814 5278 972 5368 pluribus
999 5297 1060 5348 sen
1061 5276 1183 5348 tentiis
1208 5275 1275 5348 luit
1301 5278 1516 5367 disputatum
1543 5284 1803 5370 attractatam,
1834 5271 2055 5372 quomodolli

540 5400 706 5488 principis
735 5398 944 5469 Boleslai
973 5395 1136 5468 Pudici
1165 5396 1414 5486 cracoviensis,
1441 5397 1661 5489 desiderium,
1687 5401 1815 5489 qnod
1805 5423 1843 5472 ιιι
1863 5421 1905 5473 eo
1924 5401 1995 5472 ielix
2009 5411 2055 5465 sna

539 5539 679 5590 consors
706 5516 1011 5608 Kunegnndis
1038 5517 1258 5605 accenderat,
1285 5519 1497 5608 impleretur.
1523 5515 1692 5590 Omnibus
1719 5519 1831 5592 autem
1859 5520 2052 5593 intentionem

539 5657 636 5708 suam
663 5645 815 5710 sanctam
842 5659 967 5730 magna
992 5637 1094 5710 laude
1119 5638 1280 5710 certatim
1298 5644 1336 5709 et
1353 5637 1576 5712 efferentibus
1593 5645 1630 5710 et
1646 5641 1883 5731 probantibus,
1901 5636 2051 5732 praecibus
