4492 6592
459 753 509 826 40

457 960 596 1050 scripto,
624 978 693 1029 non
719 958 804 1030 satis
831 957 996 1028 admirari
1022 978 1162 1047 possum
1190 955 1389 1046 pontificum
1415 954 1696 1026 Oracoriensinm
1722 955 1896 1044 pietatem,
1917 973 2006 1043 quae

457 1079 717 1169 promissionem
745 1065 851 1149 habet
879 1078 971 1149 vitae
998 1079 1190 1168 praesentis
1217 1082 1254 1148 et
1279 1083 1452 1166 aeternae,
1479 1077 1516 1146 11
1543 1097 1612 1165 qua
1638 1079 1788 1166 quatuor
1813 1073 2009 1164 pontifices

458 1199 635 1270 videlicet:
662 1199 918 1288 Falconem,
946 1198 1137 1288 Ivonem,
1163 1197 1475 1269 Prandotham
1503 1203 1540 1268 11
1564 1195 1752 1268 Paulum
1779 1195 2009 1266 videscerta-

456 1321 519 1391 tim
547 1341 627 1391 suas
655 1340 779 1411 operas
806 1339 961 1410 navasse,
988 1325 1028 1390 nt
1054 1319 1283 1391 diversorium
1310 1323 1552 1390 construerent
1574 1323 1679 1408 atque
1705 1316 1869 1389 dotarent
1886 1316 2008 1386 huma·

457 1461 522 1512 nae
548 1442 713 1531 egestati;
741 1442 776 1512 11
804 1441 896 1531 quod
923 1442 1028 1512 etiam
1046 1440 1195 1512 11111111
1218 1440 1431 1511 clandestine
1448 1440 1605 1529 generati
1623 1443 1765 1528 possent
1782 1442 1859 1508 tute
1878 1435 2009 1508 deferri

459 1566 494 1631 et
520 1531 656 1652 nutriri,
684 1567 720 1633 ct
747 1583 768 1632 a
795 1562 1009 1652 iugulatione
1036 1567 1072 1632 et
1099 1561 1322 1633 suffocatione
1348 1561 1384 1631 in
1412 1560 1519 1632 vitam
1537 1558 1715 1629 vindicari.
1743 1557 1868 1629 Pensio
1889 1562 2008 1628 autem

457 1682 558 1753 unius
584 1703 721 1754 marcae
748 1682 960 1773 polonicalis,
997 1703 1098 1772 quam
1125 1684 1161 1753 11
1186 1681 1388 1754 fundatione
1419 1682 1521 1752 huius
1547 1679 1748 1752 monasterii
1774 1679 1853 1751 Iro
1880 1677 2008 1751 (11111-

457 1803 586 1874 aiensis
613 1804 812 1893 episcopus,
840 1804 914 1874 eius
951 1805 1136 1893 primarius
1171 1803 1351 1892 fundator,
1379 1801 1590 1892 Wyennensi
1617 1801 1829 1872 monasterio
1856 1799 2008 1891 praelati

459 1922 589 1994 ordinis
626 1923 803 1996 mandarit
839 1924 1025 2014 quotannis
1060 1924 1250 2013 praestari,
1285 1925 1355 1994 iam
1391 1922 1521 1994 dudum
1557 1921 1688 1993 abolita
1714 1926 1785 2011 est,
1813 1926 1850 1993 et
1876 1919 2005 1991 fratres

456 2045 639 2134 hospitalis
666 2042 904 2116 Gracoviensis
926 2066 1000 2138 ⁸non
1027 2045 1095 2115 iam
1123 2043 1347 2136 Wyenennsi,
1375 2044 1437 2115 sed
1466 2043 1596 2115 Urbico
1623 2047 1805 2132 praestant
1830 2046 2006 2113 monaste·

462 2165 525 2253 rio,
553 2171 718 2256 tanquam
746 2165 895 2236 omnium
923 2165 1068 2236 aliorum
1096 2165 1139 2236 de
1166 2163 1287 2236 ordine
1305 2170 1342 2236 et
1358 2164 1527 2255 religione
1543 2162 1702 2269 praefata
1719 2163 2009 2234 monasteriorum

460 2285 566 2374 capiti
591 2291 628 2356 et
654 2286 793 2376 vertici,
821 2286 1053 2358 obedientiam
1089 2292 1126 2356 et
1152 2287 1369 2376 pensionem,
1397 2285 1488 2376 quod
1516 2265 1692 2356 11111111
1719 2283 1919 2356 Neronis
1948 2303 2010 2355 seu

460 2426 539 2477 arce
566 2406 730 2478 Romae
757 2407 870 2497 situm,
897 2428 940 2478 ex
967 2407 1194 2500 proprietate
1209 2406 1298 2478 situs
1324 2411 1361 2477 11
1385 2406 1461 2492 1111,
1480 2405 1727 2477 monasterium
1754 2404 1873 2476 Sancti
1898 2404 2010 2496 Spiri-

459 2532 516 2597 tus
542 2531 580 2598 et
606 2527 691 2598 ordo
718 2504 865 2598 fratrum
892 2528 1197 2618 hospitalariorum
1224 2527 1267 2599 de
1294 2524 1440 2617 Saria,
1467 2527 1530 2598 sub
1557 2526 1679 2616 regula
1697 2525 1805 2597 Beati·
1818 2525 2010 2616 Augustini

459 2647 680 2720 militantium
708 2647 923 2739 appellatur;
950 2649 1117 2720 suscitata
1144 2655 1259 2720 autem
1285 2654 1367 2720 sunt
1393 2649 1430 2718 in
1456 2645 1613 2738 praefato
1639 2647 1807 2737 hospitali
1824 2652 1861 2718 et
1889 2668 2009 2718 mona·

460 2769 565 2840 sterio
593 2766 814 2840 Oracoviensi
841 2769 987 2859 pulchra
1013 2769 1129 2840 coctili
1155 2789 1264 2859 muro,
1291 2790 1380 2859 quae
1407 2769 1493 2839 alias
1520 2768 1659 2839 fuerant
1683 2768 1800 2857 lignea
1816 2773 1853 2839 et
1869 2766 2009 2856 fragilia

459 2889 625 2979 aedificia,
652 2894 688 2960 et
715 2909 777 2980 per
803 2889 1057 2980 providentiam
1083 2889 1359 2980 industriamque
1389 2889 1636 2980 magistrorum
1663 2887 1809 2979 praefati
1834 2895 2008 2960 monaste

459 3009 521 3099 rii,
548 3015 584 3080 et
610 3010 829 3082 devotionem
855 3009 1026 3102 fidelium,
1053 3010 1089 3080 11
1116 3010 1263 3081 solidam
1293 3010 1460 3082 fabricam
1486 3009 1647 3098 redacta3
1673 3008 1735 3081 sed
1761 3014 1797 3080 et
1823 3009 2009 3082 modernus

458 3131 625 3220 magister
652 3137 689 3200 et
715 3130 937 3221 praepositus
964 3131 1167 3203 monasterii
1193 3135 1229 3202 et
1255 3131 1438 3221 hospitalis
1464 3129 1613 3221 praefati
1631 3128 1881 3221 cracoviensis,
1899 3132 2009 3220 magi-

459 3255 532 3322 ster
558 3249 722 3322 Nicolaus
749 3251 791 3322 de
819 3250 1027 3341 Opparia
1053 3251 1243 3342 Moraviae,
1261 3251 1497 3324 Olomuccusis
1515 3251 1691 3341 dioecesis,
1709 3252 1764 3323 vir
1782 3252 1898 3342 comis,
1917 3251 2010 3343 frugi

460 3369 708 3460 atmodestus,
735 3377 772 3442 11
799 3391 899 3462 quem
926 3372 1068 3443 honoris
1095 3373 1311 3444 nominamus
1337 3362 1452 3462 causa3
1479 3374 1543 3444 sub
1570 3373 1667 3444 cuins
1685 3378 1842 3463 tempore
1861 3377 1897 3444 11
1914 3375 2006 3464 regi-

456 3491 548 3561 mine
575 3498 791 3580 praesentem
819 3513 882 3563 nos
909 3491 1174 3584 descriptionem
1192 3493 1372 3584 edidimus,
1390 3493 1529 3565 domum
1547 3493 1757 3565 scholarium
1774 3493 1878 3564 rilem
1897 3515 2006 3585 quon-

421 3621 430 3633 '
459 3611 538 3682 dam
565 3617 602 3683 et
628 3611 795 3702 ligneam,
823 3613 1067 3704 ruinosamque
1094 3635 1185 3686 anno
1211 3615 1350 3685 Domini
1382 3616 1452 3685 147
1456 3617 1489 3686 4.
1515 3614 1647 3686 fabrica
1673 3614 1799 3686 murali
1825 3619 1863 3715 et
1888 3616 2005 3687 coctili

392 3784 396 3792 .
459 3732 580 3803 1111111.
609 3731 828 3822 Temporalia
854 3739 968 3804 autem
995 3709 1104 3825 bona,
1133 3755 1221 3825 quae
1247 3735 1494 3806 monasterinm
1521 3741 1557 3806 et
1582 3735 1754 3825 hospitale
1781 3732 2010 3808 (iracoriense

459 3853 535 3941 sibi,
562 3853 606 3924 ab
634 3854 804 3944 episcopis
831 3852 1128 3946 cracoviensibus,
1155 3857 1214 3946 qui
1240 3856 1333 3928 illius
1361 3863 1442 3928 sunt
1467 3856 1561 3927 unici
1588 3856 1779 3946 collatores,
1796 3855 2010 3947 fundatores,

458 3973 635 4044 dotatores
661 3980 698 4044 11
723 3975 861 4064 patroni
887 3976 1022 4047 obtinet
1048 3975 1185 4067 donata
1213 3998 1256 4048 11
1283 3977 1400 4068 aliquo
1426 3977 1579 4067 maligno
1606 3981 1732 4049 eventu
1759 3979 1918 4068 abrumpi
1946 3983 2008 4049 aut

458 4093 603 4165 alienari
640 4115 661 4166 a
697 4116 869 4188 quoquam
905 4097 1056 4187 possint,
1083 4098 1127 4168 ad
1163 4099 1437 4189 perpetuandam
1472 4119 1592 4171 eorum
1619 4098 1820 4170 memoriam
1848 4099 2011 4190 deinceps

458 4215 609 4286 scribere
636 4219 672 4286 11
698 4215 865 4288 adnotare
892 4217 1076 4288 ordiemur.

1133 4493 1343 4554 cnacovm.

461 4739 465 4746 ,
563 4679 850 4755 Braseatorium
879 4682 1055 4774 primum.
1087 4684 1176 4755 Item
1207 4685 1243 4754 in
1270 4685 1411 4756 civitate
1437 4683 1660 4757 Gracorieusi
1686 4689 1723 4757 et
1739 4686 1776 4756 11
1794 4688 2004 4758 coemeterio

457 4802 623 4874 ecclesiae
651 4801 798 4874 Sanctae
825 4800 946 4874 Crucis
973 4808 1027 4874 est
1053 4803 1313 4876 Braseatorium
1340 4810 1514 4877 muratum
1541 4806 1586 4876 ad
1612 4807 1863 4896 proprietatem
1890 4811 1927 4878 et
1946 4807 2007 4878 do-

456 4923 599 4994 minium
625 4924 830 4996 monasterii
855 4923 1039 5014 hospitalis
1065 4926 1244 5014 pertinens
1271 4926 1363 5016 quod
1390 4925 1595 4998 arendatom
1622 4928 1722 4998 annis
1740 4927 1885 5018 singulis
1904 4927 2012 5000 solvit

456 5064 520 5135 pro
547 5046 759 5118 monasterio
786 5066 848 5117 sex
875 5065 1017 5117 marcas.

562 5165 850 5240 Braseatorium
878 5167 1109 5240 secundum.
1150 5168 1237 5240 Item
1267 5169 1302 5238 in
1329 5168 1449 5241 eadem
1476 5167 1618 5240 civitate
1645 5166 2010 5259 Ο1111111111,1111

456 5287 576 5360 eodem
608 5289 813 5360 coemeterio
849 5287 996 5359 Sanctae
1033 5286 1172 5377 Crucis,
1210 5295 1265 5359 111
1291 5288 1385 5360 aliud
1412 5289 1665 5361 braseatorium
1693 5289 1799 5361 etiam
1826 5295 2009 5380 muratum,

456 5407 548 5496 quod
575 5411 674 5481 annis
701 5409 847 5500 singulis
874 5408 980 5480 solvit
1007 5410 1218 5482 monasterio
1245 5410 1428 5501 hospitalis
1456 5431 1517 5482 1111
1543 5430 1688 5482 marcas.

563 5526 849 5604 Braseatorium
877 5529 1046 5602 tertium.
1074 5531 1162 5603 Item
1188 5532 1225 5602 11
1252 5531 1373 5603 eadem
1391 5532 1533 5603 civitate
1551 5529 1784 5622 cracoviensi,
1802 5536 1839 5602 et
1857 5531 1894 5602 in
1913 5533 2011 5604 curia

455 5647 647 5720 coenobiali
682 5650 882 5740 hospitalis,
918 5642 974 5723 111
1010 5651 1155 5724 tertium
1190 5651 1444 5723 braseatorium
1472 5651 1577 5723 etiam
1605 5655 1797 5743 muratum,
1824 5633 1918 5743 ouod
1943 5672 2008 5744 pro
