4492 6592
461 728 589 799 68.

335 913 342 921 ’
461 911 677 1006 cmetbouum
696 935 734 1004 et
753 931 899 1022 quilibet
917 949 981 1021 pro
1001 949 1115 1002 annuo
1134 950 1240 1002 censu
1255 929 1362 1004 soluit
1379 929 1573 1022 quindecim
1591 950 1734 1020 grossos
1751 922 1900 1000 latonam
1917 947 2016 1019 groe-

459 1075 585 1144 somm,
613 1055 697 1124 item
725 1075 791 1125 oua
817 1073 881 1144 per
908 1051 1102 1144 quindecim
1130 1053 1279 1142 solvunt,
1304 1052 1390 1124 item
1408 1051 1527 1142 ,gallos
1553 1050 1660 1141 duos,
1686 1053 1770 1122 item
1798 1030 1919 1126 caseos
1945 1071 2015 1128 nou

457 1175 552 1246 deut
578 1174 667 1245 Item
692 1171 857 1245 laborant
883 1173 1030 1264 quilibet
1057 1174 1194 1244 111111
1222 1173 1358 1244 ratione
1385 1169 1502 1267 rumpi
1528 1193 1591 1243 seu
1616 1169 1777 1266 imrzyoy
1802 1191 1864 1242 scr
1891 1170 2016 1260 sulcos,
2083 1249 2096 1256 ,

458 1297 544 1368 elias
570 1317 703 1390 zapouy
729 1300 816 1384 erat,
844 1293 1007 1384 disponit,
1025 1294 1182 1366 seminat
1208 1293 1297 1367 1111
1313 1289 1579 1388 1111111111
1597 1286 1768 1364 laborant
1793 1292 1881 1363 1111
1898 1312 2018 1385 oespep

363 1475 368 1485 .
400 1476 403 1486 ,
458 1437 527 1488 111
555 1416 703 1487 solvunt.
730 1415 818 1486 Item
844 1414 992 1487 taberna
1017 1435 1086 1486 non
1114 1419 1177 1487 est
1204 1415 1294 1486 Item
1319 1414 1540 1487 hortulaniae
1565 1399 1635 1486 non
1662 1419 1754 1484 eunt
1780 1413 1873 1484 Item
1885 1411 2018 1484 molen-

458 1537 576 1608 dinum
602 1558 673 1608 non
699 1542 764 1608 est.
800 1536 887 1622 Item
914 1535 1095 1626 praedium
1124 1541 1196 1625 est,
1222 1535 1266 1606 de
1294 1537 1392 1607 euius
1418 1535 1512 1625 agris
1539 1535 1788 1606 monasterium
1814 1547 1884 1605 non
1912 1532 2019 1604 soluit

350 1649 354 1670 '
459 1657 560 1728 alicui
588 1657 765 1747 decimam,
792 1656 854 1728 sed
881 1677 1010 1746 prose
1036 1677 1113 1728 eam
1140 1657 1236 1728 tollit
1261 1657 1520 1728 monasterium.
1547 1655 1634 1727 item
1663 1675 1782 1726 omues
1809 1653 1886 1744 agri
1912 1653 2018 1724 villae

458 1779 599 1850 solvunt
634 1783 673 1849 et'
703 1777 900 1850 conducunt
927 1778 1095 1850 decimam
1122 1777 1376 1868 manipularem
1403 1785 1439 1849 et
1466 1777 1684 1867 eenapelem,
1710 1797 1776 1867 pro
1802 1775 2029 1847 monasterio·
2088 1784 2092 1791 “

402 1960 403 1963 ,
457 1899 748 1990 Szwyerzyuensi,
776 1905 812 1969 et
839 1899 938 1971 valor
965 1901 1040 1970 eius
1067 1899 1272 1971 aestimatur
1299 1898 1345 1970 ad
1370 1899 1490 1971 decenn
1515 1919 1659 1970 marces.
1686 1898 1773 1970 Item
1786 1902 1788 1905 ’
1801 1917 1900 1968 mons
1923 1896 2017 1968 altus

457 2027 618 2110 petrosus
654 2020 810 2092 imminet
845 2020 948 2092 villae
983 2019 1181 2111 praefatae,
1208 2021 1349 2110 inquo
1377 2019 1460 2092 olim
1496 2040 1559 2097 arx
1584 2019 1685 2090 fortis
1710 2039 1811 2090 muro
1837 2023 1874 2123 et
1899 2016 2017 2106 lapide

325 2143 333 2220 ἶ
456 2141 536 2212 albo
563 2141 731 2215 fabricate
756 2141 960 2231 habebatur,
988 2162 1056 2231 que
1082 2136 1208 2231 diruta,
1235 2140 1400 2231 oppidum
1425 2140 1601 2246 Znatbor
1627 2145 1801 2212 muretum
1819 2145 1883 2228 est,
1902 2160 1925 2210 a
1943 2158 2013 2228 quo

458 2267 495 2332 et
519 2260 602 2332 ville
628 2261 917 2352 nuncupationem
945 2263 1088 2352 accepit.
1115 2261 1157 2333 In
1183 2267 1280 2333 terra
1305 2261 1536 2334 Zatboriensi.
1563 2260 1723 2348 01111111
1745 2281 1824 2334 cum
1844 2260 2017 2332 Baubo

459 2403 624 2473 wyoue,
652 2372 1002 2474 Lesnkowycze,
1029 2382 1167 2456 Rude.
1931 2363 1941 2382 ¹
2087 2471 2090 2475 V

562 2502 770 2593 Geonzncz,
797 2504 881 2577 villa
906 2505 1057 2594 ligneam
1085 2505 1319 2594 parochialem
1346 2505 1528 2576 ecclesiam
1545 2505 1676 2576 babens
1693 2505 1731 2574 in
1750 2523 1797 2593 se,
1818 2502 1916 2574 cuius
1934 2521 2018 2591 pro·

377 2719 383 2736 „
457 2625 590 2715 prietes
617 2625 661 2696 ed
687 2627 934 2697 monasterium
961 2625 1326 2717 Zwyer-zynyecz
1353 2626 1516 2716 pertinet.
1542 2625 1584 2696 lu
1611 2645 1681 2715 qua
1706 2629 1790 2696 snut
1808 2604 2016 2712 octuaginta
2171 2617 2173 2630 '

458 2745 550 2818 lanei
577 2747 812 2818 emetbouales
840 2753 877 2818 et
903 2747 1050 2837 quilibet
1078 2727 1183 2817 soluit
1209 2767 1275 2836 pro
1300 2767 1405 2818 censu
1432 2799 1510 2835 ...,
1534 2747 1620 2818 item
1648 2765 1714 2817 ova
1739 2746 1905 2835 tmginta,
1930 2745 2017 2825 item

320 2849 324 2863 ⁴
352 2885 353 2889 ¹
458 2887 578 2938 caseos
606 2867 703 2955 duos,
729 2868 811 2941 item
839 2867 950 2956 gallos
977 2866 1074 2957 duos,
1089 2867 1187 2938 ¹item
1212 2867 1321 2957 labor,
1347 2868 1431 2938 item
1457 2865 1646 2963 pecodum,
1672 2867 1757 2938 item
1782 2870 1912 2967 oueyep,
1930 2865 2048 2960 item,
2171 2889 2173 2946 ε

459 2989 607 3058 taberna
641 2988 724 3058 item
751 2988 949 3076 hortulani;
985 2988 1068 3058 item
1096 2988 1330 3061 molendinum
1357 3009 1427 3059 nou
1454 2994 1518 3059 est
1557 2988 1644 3058 Itern
1672 2987 1853 3078 praedium
1879 2991 1937 3056 est
1963 2985 2014 3055 ibi
2084 2984 2089 2990 ’
2171 2995 2173 3074 3

459 3108 667 3196 coenobiale,
694 3107 751 3178 de·
765 3108 862 3179 cuius
889 3093 986 3198 agris
1011 3109 1160 3180 solvitur
1186 3108 1320 3180 decima
1345 3109 1588 3200 manipularis,
1612 3113 1652 3180 et
1677 3109 1777 3180 valor
1802 3108 1882 3178 eius
1906 3107 2013 3177 aeeti-

459 3231 574 3298 metur
601 3229 645 3298 ed
673 3233 823 3318 quatuor
849 3249 995 3300 mercae.
1019 3229 1107 3302 Item
1135 3237 1217 3320 post
1243 3250 1362 3302 omnes
1389 3251 1491 3320 egros
1518 3231 1622 3301 uillae
1648 3230 1797 3301 solvitur
1824 3234 1862 3300 et
1887 3228 2016 3301 condu-

459 3349 549 3418 citur
576 3349 709 3419 decima
735 3350 961 3439 manipularis
977 3355 1025 3421 ‘et
1051 3348 1856 3440 111111111...1111111111111111111111111
1878 3355 1918 3420 et
1943 3347 2017 3438 ple-

460 3471 590 3558 banus,
617 3470 748 3542 babent
774 3459 824 3540 ibi
851 3491 954 3560 egros
982 3473 1147 3562 proprios
1170 3472 1356 3562 speciales,
1381 3492 1446 3562 pro
1472 3493 1536 3544 suo
1563 3471 1706 3562 praedio
1732 3477 1769 3542 et
1795 3471 2015 3542 necessitate.

459 3589 555 3661 Haec
593 3590 677 3662 ville
712 3591 746 3661 iu
783 3596 880 3662 terra
914 3590 1162 3684 Szewyeriensi
1202 3593 1335 3683 posita,
1371 3594 1542 3664 asseritur
1575 3613 1652 3665 esse
1687 3593 1772 3664 dete
1804 3592 2017 3663 monasterio

459 3711 723 3801 Zwycrzyuensi
750 3732 813 3802 per
840 3712 962 3786 ducem
990 3712 1263 3805 Tbeszneusem,
1290 3719 1367 3785 corb
1394 3715 1489 3786 omni
1515 3715 1590 3786 iure
1619 3714 1751 3810 ducali,
1774 3735 1843 3804 pro
1868 3713 2014 3783 decimis

459 3833 751 3924 manipularibus,
788 3833 967 3918 videlicet:
1006 3814 1226 3926 Largiana,
1261 3835 1648 3926 Strzeszouic'ze,
1684 3835 2019 3927 Woylrowicze,

459 3939 2020 4050 1111111111,81111111,1)(11111111111111,Ρ111ο111111,11111111,

371 4169 375 4172 -
459 4075 807 4167 Myszkouicze,
836 4074 966 4168 Gora,
995 4075 1663 4169 (111111111111111111111111.

564 4197 820 4288 Puznoouzau,
847 4199 931 4270 ville
957 4199 1022 4272 sub
1048 4199 1216 4289 parocbia
1242 4200 1286 4271 de
1312 4199 1340 4269 Ζ
1348 4201 1785 4292 uyerayuyeczsita,
1811 4199 1908 4271 cuins
1935 4218 2031 4298 pro·

378 4343 381 4351 ¹
459 4320 590 4409 prietes
626 4318 669 4388 ad
706 4320 953 4391 monasterium
988 4320 1262 4412 Zwyerzyucnse
1296 4322 1457 4412 pertinet
1495 4322 1536 4392 ln
1572 4342 1642 4392 uua
1676 4329 1778 4411 parte
1814 4326 1895 4391 sunt
1911 4320 2017 4390 -lanei

458 4439 709 4531 cmetbonales,
728 4445 765 4509 et
791 4440 937 4530 quilibet
963 4441 1069 4513 soluit
1087 4495 1094 4511 .
1114 4495 1121 4511 .
1141 4495 1166 4531 .,
1193 4442 1277 4513 item
1304 4461 1379 4533 ova,
1406 4442 1490 4514 item
1515 4442 1636 4532 gallos,
1663 4443 1748 4514 item
1774 4461 1903 4530 caseos,
1930 4441 2016 4511 item

457 4559 566 4648 labor,
593 4559 676 4629 item
702 4557 891 4654 1111111,
918 4562 1001 4632 item
1029 4583 1160 4657 1111111
1187 4563 1271 4634 item
1296 4563 1446 4637 taberna
1472 4569 1527 4634 est
1552 4563 1602 4634 ibi
1629 4563 1859 4652 coenobialis,
1885 4561 2018 4632 babens

414 4755 422 4770 ,
460 4699 563 4769 agros
591 4683 626 4749 ct
651 4685 754 4768 prata
780 4681 816 4750 iu
842 4682 1061 4754 haereditate
1087 4682 1466 4774 Zwyerzynyecz,
1493 4684 1577 4755 item
1604 4683 1793 4774 bortulaui,
1813 4684 1897 4754 item
1914 4703 2018 4772 pree

458 4799 562 4890 dium,
589 4801 672 4872 item
698 4799 941 4873 molendinum.
968 4803 1055 4877 Item
1081 4805 1249 4875 maiorem
1275 4809 1410 4894 partem
1437 4811 1474 4876 et
1499 4805 1720 4877 medietatem
1748 4805 1852 4876 villae
1878 4803 2017 4894 praeia-
2160 4831 2166 4840 ·

319 4909 328 4928 ⁸
459 4926 535 5011 tae,
574 4923 681 4994 babet
717 4923 885 5013 plebanus
920 4923 1053 4994 mediae
1088 4926 1201 5014 partis
1228 4925 1350 4997 domus
1376 4925 1512 5015 ligneae
1538 4924 1698 4998 Omnium
1726 4925 1942 4998 Sanctorum.
1977 4923 2016 4996 In

264 5111 269 5122 ,
359 5127 367 5138 „
440 5064 530 5134 -qua
556 5045 747 5135 praedium,
776 5049 924 5136 quatuor
950 5045 1127 5116 hortulani
1153 5046 1323 5118 babentes
1346 5053 1458 5119 certes
1494 5047 1609 5146 pecias
1644 5064 1807 5138 agrorum
1843 5053 1881 5117 et
1897 5089 1900 5097 ·
1915 5051 2018 5136 prate
2083 5139 2086 5142 .

460 5167 553 5236 bona
580 5171 616 5237 et
642 5166 789 5257 quilibet
815 5166 920 5238 solvit
946 5167 1070 5256 viginti
1086 5187 1239 5257 grossos,
1257 5167 1382 5257 viginti
1400 5189 1475 5258 ova
1494 5167 1583 5240 duos
1597 5189 1761 5258 capones,
1779 5167 1868 5239 duos
1885 5187 2017 5255 caseos,

461 5291 497 5356 et
522 5305 628 5358 1111
656 5288 745 5359 diem
774 5287 921 5377 quilibet
947 5287 1085 5360 laborat
1116 5289 1152 5359 in
1185 5289 1389 5384 septimana,
1420 5289 1588 5380 quidquid
1615 5290 1687 5362 sibi
1705 5289 1906 5360 11111111,
1926 5289 2016 5359 Item

321 5453 324 5462 ·
462 5406 557 5478 lacus
577 5410 737 5500 optimus,
756 5409 815 5480 ubi
835 5409 916 5484 olim
935 5409 1065 5482 fluebat
1083 5409 1219 5482 Visle
1245 5417 1282 5481 et
1299 5411 1515 5501 superiorem
1532 5417 1667 5501 partem
1685 5411 1753 5481 laci
1771 5411 1881 5482 babet
1898 5430 2018 5480 mona·

464 5529 607 5598 sterium
636 5531 679 5600 de
705 5531 953 5622 Zwyerzyu
964 5551 1081 5622 1111,
1103 5531 1308 5604 inferiorem
1326 5532 1489 5624 lacobus,
1508 5533 1654 5604 mediam
1675 5533 1709 5602 in
1729 5553 1798 5622 quo
1817 5532 1887 5604 duo
1905 5531 2019 5603 stadia

324 5730 327 5734 ,
464 5648 550 5720 elias
577 5649 646 5720 duo
673 5648 983 5744 11111,011111
1014 5652 1221 5726 Sanctorum
1246 5654 1435 5744 plebanus;
1461 5653 1506 5727 ad
1533 5653 1734 5745 piscandum
1761 5659 1884 5725 autem*
1902 5653 2017 5766 pisces
2077 5741 2082 5748 Ι
