4492 6592
1691 823 1764 893 381

208 1045 324 1115 agros
354 1010 532 1116 quaelibet
557 1025 663 1097 solvit
688 1045 789 1096 unam
817 1045 978 1095 marcam.
1004 984 1092 1096 Item
1110 1024 1339 1096 hortulaniae.
1366 1024 1453 1097 Item
1481 1025 1658 1116 praedium
1688 1044 1764 1097 eoe-

207 1146 361 1237 nobiale‚
389 1147 433 1218 de
460 1168 528 1237 quo
554 1146 660 1218 datur
686 1146 819 1219 decima
845 1146 1011 1218 ecclesiae
1039 1148 1074 1217 in
1102 1144 1329 1219 Gozlicze.
1357 1145 1445 1217 Item
1469 1167 1587 1218 omnes
1615 1148 1766 1219 amatho-

206 1287 268 1337 ues
297 1267 444 1339 solvunt
470 1268 636 1339 decimam
664 1268 914 1358 manipularem
940 1273 977 1338 et
1004 1267 1204 1357 canapalem
1231 1288 1295 1358 pro
1314 1267 1516 1358 episcopatu
1536 1265 1767 1357 Oracoviensi,

206 1393 243 1457 et
272 1388 378 1460 valor
404 1390 478 1459 eius
505 1390 712 1461 aestimatur
737 1388 781 1459 ad
809 1408 931 1459 novem
959 1409 1103 1459 marcas.

171 1562 176 1566 -
204 1514 214 1532 '
314 1509 406 1581 Item
433 1508 639 1581 lacobus
665 1510 774 1580 abbas
801 1508 1143 1599 Koprzywoiczensis
1170 1512 1297 1579 sortem
1315 1527 1429 1591 ,uuam
1456 1508 1491 1579 in
1519 1506 1637 1579 Crob
1646 1508 1767 1599 ysly-

200 1649 286 1699 cze
315 1629 404 1701 emit
429 1630 473 1700 ab
500 1629 704 1720 Hedvigi
731 1635 768 1700 et
793 1628 902 1701 fratre
930 1649 992 1699 suo
1019 1629 1274 1700 lrzihlrone
1305 1649 1370 1718 pro
1396 1628 1541 1718 triginta
1567 1630 1692 1699 marcis
1719 1628 1768 1700 la·

207 1758 325 1821 torum
356 1772 567 1841 grossorum,
593 1750 682 1824 feria
707 1751 816 1822 tertia
832 1752 868 1821 in
887 1750 943 1821 die
961 1748 1205 1822 Conversionis
1232 1748 1349 1820 Sancti
1367 1747 1467 1821 Pauli
1499 1750 1607 1822 1407.
1633 1749 1769 1821 Donata

208 1892 273 1961 per
301 1870 613 1962 Spithkonem
641 1871 685 1943 de
711 1870 886 1943 Sczelra
913 1872 1097 1961 magone,
1123 1890 1226 1961 quarn
1253 1870 1473 1941 donationem
1501 1869 1684 1942 Marcus
1711 1892 1769 1943 cu-

207 1997 282 2063 stos
311 1990 606 2065 Sandomiriensis
633 2012 710 2063 cum
737 1992 1001 2081 consangnineis
1023 1998 1061 2062 et
1078 1991 1280 2082 propinquis
1308 1990 1459 2062 eiusdem
1488 1990 1769 2081 Spithlronis

209 2118 246 2183 et
272 2112 369 2203 filiis,
396 2111 634 2185 Sandomiriae
661 2114 697 2185 in
724 2112 896 2204 colloquio
927 2112 1035 2183 1382.
1061 2113 1096 2182 in
1126 2112 1278 2183 crastino
1305 2110 1511 2183 Natiuitatis
1525 2110 1769 2202 SanctaeMa-

209 2233 284 2302 riae
314 2232 585 2317 confirmarunt„

316 2353 599 2443 Doanzsenow,
640 2352 724 2424 villa
759 2354 891 2425 habens
926 2352 962 2423 io
989 2373 1027 2424 se
1054 2352 1234 2424 ecelesiam
1262 2352 1494 2443 parochialem
1525 2354 1693 2445 ligneam,
1733 2358 1769 2425 et
1874 2350 1904 2427 .’
2041 2360 2045 2367 ’

211 2476 430 2545 monasterio
449 2472 767 2565 Coprzywniczensi
793 2494 857 2563 per
882 2472 1128 2545 Nicolaum
1155 2473 1315 2546 comitem
1334 2472 1377 2544 de
1396 2472 1602 2565 Bogoria
1628 2474 1766 2546 donata.

211 2595 251 2663 ln
280 2615 353 2684 qna
380 2601 462 2689 sunt
487 2595 579 2666 lanei
606 2594 851 2684 emethonales,
876 2599 913 2665 et
940 2594 1086 2685 quilibet
1112 2593 1218 2665 solvit
1243 2614 1307 2684 pro
1334 2614 1448 2665 annuo
1477 2614 1581 2667 ceusu
1600 2648 1769 2685 .......

212 2718 298 2785 item
327 2715 450 2805 gallos,
477 2716 560 2785 item
588 2735 669 2804 ova,
696 2715 780 2785 item
806 2733 944 2803 caseos,
970 2714 1055 2784 item
1081 2718 1162 2803 post
1188 2734 1307 2785 omnes
1334 2734 1436 2804 agros
1463 2714 1610 2787 solvitur
1635 2716 1770 2803 decima
1908 2800 1912 2809 Ι

212 2836 453 2924 manipularis
480 2840 517 2906 et
543 2834 739 2906 conducunt
765 2854 840 2905 eam
867 2835 1018 2924 propriis
1045 2834 1214 2905 curribus.
1259 2834 1347 2906 ltem
1374 2836 1574 2907 emethones
1605 2842 1770 2908 tenentur

105 2995 114 3052 J·
213 2954 352 3026 solvere
379 2955 544 3027 ecclesiae
570 2955 606 3025 in
632 2954 948 3025 Dobrzechow
975 2954 1130 3025 missalia
1156 2954 1243 3026 alias
1269 2976 1411 3045 mesano,
1438 2962 1475 3027 et
1492 2956 1574 3027 licet
1596 2956 1682 3029 alias
1701 2957 1769 3028 sol-

116 3093 121 3104 ·
213 3076 346 3145 vehant
371 3075 567 3147 huiusmodi
593 3095 726 3144 romane
751 3074 788 3145 in
813 3073 990 3165 hugibus,
1025 3074 1140 3147 dando
1168 3077 1346 3147 annuatim
1382 3082 1455 3147 tres
1491 3097 1591 3149 coros
1622 3077 1781 3167 siliginis·
1855 3095 1857 3101 ·

170 3233 173 3241 ,
212 3200 249 3265 et
267 3196 415 3267 totidem
436 3216 575 3285 arenae,
593 3199 717 3284 expost
734 3194 866 3267 dabant
882 3215 945 3284 per
959 3195 1346 3293 concordiamlquatuor
1364 3216 1498 3269 marcas
1516 3197 1767 3287 tantummodo,

194 3294 300 3406 'quas
332 3316 460 3389 debent
486 3305 621 3387 solvere
648 3336 712 3406 pro
739 3316 898 3387 omnibus
924 3316 1131 3388 missalibus
1159 3314 1319 3388 Gonlinat
1345 3337 1421 3388 eum
1440 3316 1542 3389 uillis:
1564 3318 1770 3410 *Tropya,

114 3505 121 3516 ,
215 3429 542 3527 Gr‘odzyszko,
573 3435 783 3527 Zarrada,
819 3436 1129 3529 Tilkowycze,
1156 3436 1488 3511 Markuszowa.
1532 3438 1670 3511 Donata
1697 3460 1770 3509 mo-

104 3530 112 3604 Ῡ
214 3558 373 3629 nasterio
400 3577 463 3648 per
488 3544 915 3628 Nicolaum'comitem
941 3556 1158 3629 fundatorem
1187 3558 1229 3629 de
1257 3558 1471 3647 Bogoria.
1570 3586 1577 3599 ’

201 3744 204 3749 .
324 3678 491 3769 honnus,
518 3677 602 3749 villa
619 3678 656 3749 in¹
674 3698 712 3749 se
729 3678 964 3768 parochialem
990 3678 1169 3749 ecclesiam
1198 3678 1329 3749 habens
1356 3679 1469 3769 sitam,
1495 3685 1531 3750 et
1550 3699 1612 3769 per
1638 3678 1769 3751 Nico-

154 3824 160 3832 *
216 3799 337 3903 ltau'm
373 3800 533 3871 'comitem
570 3798 613 3870 de
638 3799 843 3906 Bogoria
877 3799 1088 3870 monasterio
1121 3798 1260 3869 donata
1305 3798 1344 3869 ln
1372 3820 1441 3889 qua
1477 3804 1558 3871 sunt
1589 3798 1769 3871 duodecim

216 3920 312 3991 lanei
338 3920 589 4011 cmethonales,
624 3926 661 3991 et
687 3920 834 4010 quilibet
858 3918 981 4008 solvit,
1018 3940 1082 4009 pro
1109 3939 1229 3989 arnnuo⁴
1251 3938 1355 3989 censu
1382 3918 1528 3990 mediam
1557 3940 1707 3991 marcam
1735 3926 1770 3991 et
1861 3950 1865 3958 ¹
1940 3986 1944 3993 .

217 4060 326 4111 unum
351 4060 528 4129 grossum,
555 4040 639 4111 item
666 4059 750 4129 ora,
781 4038 864 4108 item
891 4057 1029 4127 caseos,
1064 4038 1147 4108 item
1174 4036 1294 4126 gallos.
1339 4036 1427 4108 Item
1454 4042 1509 4108 est
1534 4038 1583 4109 ibi
1611 4038 1770 4110 scoltetia

217 4159 352 4232 habens
379 4160 466 4231 duos
492 4160 630 4249 lane0s;
656 4160 738 4230 itam
766 4158 873 4231 hahet
897 4157 988 4229 idem
1015 4134 1182 4229 scoltetus
1209 4179 1315 4229 unum
1342 4158 1557 4229 emethonem
1585 4159 1768 4231 habentem

217 4280 368 4370 laneum,
395 4282 455 4371 qui
481 4301 545 4371 pro
572 4300 677 4351 censu
704 4279 809 4351 solvit
834 4279 901 4351 sibi
928 4278 1076 4365 mediam
1104 4298 1254 4349 marcam
1282 4282 1319 4349 et
1344 4299 1448 4349 unum
1475 4298 1651 4369 grossum;
1686 4280 1768 4351 item

218 4402 326 4475 habet
352 4402 441 4475 idem
469 4402 635 4473 scultetus
661 4422 769 4474 onum
794 4421 916 4491 agrum
951 4395 1025 4471 siie
1051 4399 1208 4491 laneum,
1235 4420 1336 4490 quern
1363 4399 1489 4471 asserit
1515 4421 1552 4471 se
1579 4420 1601 4471 a
1626 4399 1769 4472 Nicolao
1810 4381 1815 4393 ¹

220 4519 367 4594 (iroth
394 4510 522 4595 abbate
547 4523 690 4613 emisse,
725 4521 768 4592 de
796 4543 863 4613 quo
883 4521 972 4593 ,olim
1007 4521 1208 4593 solvebatur
1242 4542 1312 4591 una
1338 4536 1454 4592 marca
1479 4494 1525 4593 'et
1552 4520 1620 4593 duo
1656 4524 1770 4612 grossi
1811 4510 1814 4519 ⁴

220 4624 443 4733 monasterio,
469 4645 553 4716 item
579 4644 687 4715 habet
713 4644 878 4715 scoltetus
904 4644 939 4713 in
968 4641 1087 4727 eadem
1116 4642 1425 4733 villambonam,
1453 4663 1541 4734 quae
1568 4663 1637 4715 non
1664 4644 1771 4715 habet

145 4830 149 4835 .
221 4785 336 4857 agros,
362 4764 424 4837 sed
450 4769 585 4836 tantum
613 4766 771 4853 hortum;
806 4765 889 4835 item
917 4764 1024 4835 habet
1051 4762 1300 4854 molendinum,
1328 4764 1466 4855 dequo
1494 4764 1676 4837 solvuntur
1703 4765 1769 4835 sihi

149 4914 153 4921 ’
222 4891 408 4975 metretae3
444 4886 527 4957 item
554 4886 720 4956 scoltetus
747 4884 841 4956 tollit
866 4884 998 4975 pullos,
1025 4906 1100 4975 oua,
1128 4905 1255 4973 caseos,
1282 4906 1351 4955 non
1378 4886 1510 4957 habens
1538 4885 1678 4975 aliquod
1706 4886 1768 4974 ius,
1910 4960 1913 4971 ,

222 5026 297 5078 cunr
325 5007 554 5079 haecomnia
579 5006 683 5077 debet
709 5007 957 5077 monasterium
983 5005 1115 5075 tollere.
1142 5004 1228 5075 Item
1257 5005 1299 5076 de
1319 5006 1478 5077 omnibus
1505 5006 1599 5095 agris
1625 5005 1771 5077 solvitur

222 5126 354 5208 decima
379 5128 615 5218 manipularis,
642 5132 679 5197 et
704 5127 902 5199 conducunt
927 5146 1003 5197 earn
1031 5126 1182 5216 propriis
1209 5126 1378 5215 curribus,
1419 5128 1515 5197 cuins
1543 5126 1641 5213 palor
1667 5128 1771 5196 aesti-

223 5256 337 5349 matur
363 5248 408 5321 ad
427 5303 567 5319 ......
592 5248 732 5319 Donata
758 5234 969 5319 monasterio
995 5268 1060 5338 per
1086 5247 1328 5318 Nicolaum
1364 5248 1523 5317 comitem
1550 5245 1768 5330 fundatorem
1829 5338 1832 5343 Ι

224 5368 266 5441 de
292 5370 506 5460 Bogoria
535 5367 694 5441 Confinat
720 5389 797 5439 cum
825 5369 917 5440 villis
935 5422 1050 5437 .....

326 5491 531 5580 Jnsszrnu,
571 5490 733 5581 oppidum
761 5490 893 5560 habens
919 5490 955 5559 in
983 5510 1021 5557 se
1047 5490 1228 5565 ecclesiam
1257 5488 1508 5579 parochialem,
1527 5488 1618 5579 quod
1646 5489 1779 5560 Nico«

224 5612 325 5685 laus
361 5633 475 5684 comes
519 5611 562 5681 de
602 5612 806 5701 Bogoria
841 5610 1052 5683 monasterio
1092 5610 1301 5697 donaveram
1337 5610 1398 5681 sed
1434 5609 1623 5681 alienatum
1658 5618 1713 5682 est
1752 5634 1773 5683 a
1877 5684 1880 5691 ,

224 5734 441 5823 monasterio,
469 5738 505 5803 et
529 5752 594 5822 pro
621 5732 748 5822 oppido
774 5730 1016 5820 Frystath'
1031 5732 1228 5802 cambitum.
1257 5729 1419 5819 Quamvis
1437 5732 1527 5802 enim
1546 5729 1771 5805 Casimirns
1827 5708 1834 5730 ’
