4492 6592
208 2251 330 2332 Ordo
365 2252 545 2332 tratrem
580 2253 695 2334 Beati
730 2252 843 2332 Pauli
877 2253 997 2356 primi
1031 2225 1278 2354 heremitas,
1307 2255 1469 2336 hahens
1502 2258 1541 2335 ln
1574 2257 1766 2346 dioecesi
1873 2279 1878 2285 ·

677 2405 955 2489 Oraoovienst
989 2409 1175 2510 quinque
1207 2407 1315 2488 loca.

311 2625 415 2700 Ordo
440 2627 589 2700 fratrum
616 2607 651 2698 et
677 2626 918 2717 religiosorum
951 2627 1015 2698 suh
1042 2626 1165 2716 regula
1189 2627 1294 2698 Beati
1320 2626 1510 2719 Augustini
1536 2628 1769 2720 militantium,
1812 2620 1816 2628 ’

207 2748 266 2838 qui
294 2747 406 2820 Beati
442 2745 542 2818 Pauli
577 2747 680 2838 primi
715 2747 906 2818 heremitae
932 2747 1072 2818 titulum
1099 2751 1137 2818 et
1162 2746 1429 2836 appellationem
1456 2748 1603 2820 sortitus
1629 2755 1704 2838 est,
1731 2749 1768 2820 in
1881 2837 1884 2843 ¹

206 2889 316 2958 regno
354 2867 523 2940 Poloniae
558 2872 595 2940 et
628 2868 664 2972 in
697 2853 856 2938 Ecclesia
890 2867 934 2938 ab
969 2865 1113 2938 exordio
1148 2865 1248 2955 fidei,
1274 2888 1344 2937 non
1370 2867 1564 2938 habebatur
1597 2867 1767 2958 polonica.

205 2987 420 3078 Primusque
446 2988 541 3059 illum
568 2987 832 3060 Ludovicns
859 2985 976 3058 Caroli
1002 2985 1205 3076 Hungariae
1231 2992 1268 3056 et
1294 2986 1459 3059 Poloniae
1484 3007 1560 3078 rex,
1587 3008 1695 3078 nepos
1721 3009 1765 3059 ex

86 3161 87 3164 ,
206 3129 329 3180 sorore
359 3107 581 3180 Gasimiri
608 3107 810 3180 Secundi
835 3107 1000 3179 Poloniae
1027 3107 1130 3196 regis,
1157 3106 1217 3196 qui
1243 3105 1336 3197 apnd
1352 3105 1502 3180 Polonos
1519 3127 1609 3180 anno
1627 3107 1769 3180 Domini

212 3231 310 3303 1370
340 3249 500 3320 regnare,
528 3234 640 3300 morte
666 3227 885 3301 Gasimiri
911 3227 1005 3318 regis
1033 3228 1193 3298 avunculi
1220 3229 1275 3300 sui
1302 3233 1438 3318 secum,
1464 3228 1597 3318 coepit,
1623 3233 1769 3329 propter

208 3351 434 3423 devotionern
472 3370 573 3440 quam
611 3349 656 3421 ad
691 3349 838 3420 Beatum
874 3347 1020 3420 Paulum
1054 3349 1259 3421 heremitam
1294 3349 1464 3439 hahebat,
1500 3350 1598 3422 cuius
1633 3368 1769 3440 corpus,

209 3471 419 3561 acephalum
446 3467 572 3559 tamen
598 3469 666 3542 sihi
693 3474 773 3559 post
798 3483 968 3560 guerram
995 3469 1088 3539 inter
1115 3489 1193 3540 enm
1219 3473 1256 3540 et
1282 3468 1437 3541 Venetos
1463 3469 1644 3542 occasione
1670 3469 1771 3560 regni

208 3589 408 3661 Dalmatiae
435 3589 602 3678 habitum,
627 3587 768 3660 foedere
794 3589 865 3660 icto
892 3608 955 3678 per
981 3587 1136 3660 Venetos
1163 3587 1329 3660 donatum
1354 3587 1429 3679 fnit,
1455 3594 1493 3660 et
1510 3587 1603 3679 quod
1620 3588 1665 3684 ad
1682 3587 1769 3660 San·

207 3715 298 3782 ctum
330 3709 480 3782 Paulum
507 3714 589 3780 ante
607 3708 777 3780 Budam
803 3708 986 3799 insigniter
1003 3707 1154 3780 locatum
1172 3709 1368 3799 requiescit,
1385 3709 1423 3779 in
1440 3707 1606 3780 Polcniae
1623 3727 1769 3798 regnum

207 3827 961 3920 introduxitprimnmquemonasterinmin
979 3826 1117 3900 Glaro
1143 3837 1305 3918 monte,
1323 3827 1769 3900 aliastansthocho·

208 3971 268 4022 na
294 3949 543 4030 Gramriansis
561 3949 728 4022 dioecesis
746 3969 809 4040 per
827 3948 1119 4021 Vladislanm
1146 3948 1268 4021 ducem
1285 3947 1541 4039 Oppoliensem,
1559 3947 1618 4038 qui
1635 3948 1768 4037 regiam

86 4065 87 4132 ἶ
208 4076 289 4144 tunc
323 4075 532 4162 potestatem
560 4069 596 4140 iu
622 4089 731 4160 regno
756 4068 922 4142 Poloniae
947 4069 1177 4142 Lndovici
1204 4069 1342 4140 nomine
1359 4068 1555 4156 exercebat,
1573 4067 1768 4157 fabricarit,

209 4199 244 4262 et
267 4191 473 4263 iratres-ex
501 4190 627 4262 Buda
653 4195 819 4280 sumptos,
845 4191 883 4260 iu
908 4210 987 4262 curn
1014 4189 1217 4262 introduxit
1244 4187 1415 4259 Processu
1432 4207 1516 4259 vero
1533 4187 1711 4276 temporis,
1729 4187 1785 4258 in‘
1857 4217 1859 4221 ·

210 4331 323 4402 regno
357 4311 522 4384 Potoniae
560 4318 596 4382 et
630 4311 666 4382 in
703 4305 853 4383 dioecesi
890 4310 1111 4384 Crotoniensi
1146 4308 1234 4382 coeli
1268 4308 1417 4380 Domino
1444 4312 1671 4399 cooperante,
1697 4309 1769 4379 tria

86 4437 87 4440 ‘
212 4433 429 4504 monasteria
463 4432 595 4504 ordinis
631 4430 795 4522 praefati,
823 4431 984 4504 videlicet
1010 4431 1046 4502 in
1073 4430 1368 4519 Bansszowa,
1394 4428 1431 4499 in
1458 4428 1770 4519 Pyadziczow,

212 4552 246 4622 in
272 4552 428 4624 Sanno
453 4551 600 4623 fundata
625 4556 662 4624 et
688 4557 807 4624 erecta
833 4557 922 4641 sunt,
951 4571 1096 4642 quornm
1125 4550 1277 4622 omnium
1303 4550 1334 4621 si
1360 4549 1517 4640 dignatio
1544 4548 1663 4620 divina
1689 4568 1771 4621 con-

214 4673 371 4762 cesserit,
398 4672 584 4762 specialem
610 4671 775 4744 iaciemus
802 4671 1078 4762 descriptionem,
1107 4672 1232 4762 quihus
1258 4671 1359 4742 annis
1385 4675 1423 4742 et
1448 4670 1575 4760 quihus
1600 4670 1770 4759 personis,

216 4813 332 4882 quove
374 4813 465 4864 auno
508 4797 544 4864 et
583 4793 647 4865 suh
686 4798 843 4882 tempore
882 4791 979 4864 inere
1018 4797 1136 4864 erecta
1175 4798 1212 4862 et
1251 4791 1389 4880 dotata,
1424 4795 1567 4882 praeter
1605 4789 1773 4861 nonnulla

86 4973 87 4992 ,
217 4913 284 4984 alia
322 4913 537 4984 monasteria
572 4913 608 4983 in
644 4913 722 4984 aliis
758 4913 973 4985 dioecesibus
1009 4912 1175 4984 ecclesiae
1200 4909 1403 4998 Polonicac,
1430 4910 1475 4982 de
1500 4909 1621 4981 eodem
1649 4909 1770 4980 ordine
1809 4932 1812 4937 ·

193 5827 198 5838 .

216 5033 380 5122 fundata,
407 5053 429 5104 a
454 5054 599 5123 quorum
634 5055 698 5106 nos
734 5034 985 5106 continebimus
1023 5032 1264 5124 descriptione.
1304 5031 1472 5105 Ultimum
1498 5051 1582 5102 vero
1609 5029 1770 5119 omnium,

216 5155 463 5228 monasterium
489 5153 799 5226 Sancti·Stanislai
825 5153 1115 5228 incracovia
1141 5174 1203 5225 seu
1229 5152 1482 5224 Gasimiria
1508 5148 1770 5240 deRupella

217 5293 305 5348 anno
332 5275 473 5346 Domini
504 5277 612 5347 1472.
639 5277 695 5348 die
722 5275 885 5347 vicesima
911 5275 1061 5347 secunda
1087 5276 1215 5346 mensis
1241 5273 1339 5345 lunii
1363 5271 1545 5343 fundatum
1562 5276 1600 5341 et
1617 5273 1769 5341 erectum
1842 5267 1844 5269 ’

218 5401 277 5486 cst,
303 5395 340 5466 in
368 5395 535 5466 honorem
561 5397 722 5468 altissimi
749 5402 786 5468 et
811 5395 940 5466 Matris
966 5395 1106 5466 Domini
1133 5394 1244 5464 nostri
1271 5392 1356 5464 Jesn
1383 5390 1534 5478 Christi,
1562 5395 1598 5460 et
1625 5387 1769 5460 Sancto-

219 5537 292 5586 rum
319 5515 503 5602 Michaelis
539 5516 750 5608 Archangeli
785 5522 822 5588 et
848 5514 1013 5588 stanislai
1040 5513 1215 5604 pontificis
1242 5519 1279 5585 et
1304 5511 1468 5602 martyris
1494 5510 1637 5600 gloriosi
1665 5509 1770 5582 decus

220 5639 253 5707 et
277 5637 488 5734 memoriam,
515 5643 551 5708 et
577 5638 613 5708 in
638 5617 841 5726 animarum,
869 5657 956 5726 qnae
974 5639 1168 5725 purgantur
1185 5632 1453 5724 purgandasque
1470 5636 1554 5703 sunt
1571 5630 1770 5720 remedium,

307 5805 357 5846 ut.
370 5803 469 5845 hunsse.
491 5804 532 5846 111.
1570 5781 1606 5829 15
