4492 6592
1679 811 1753 882 275
1786 855 1790 861 ·

198 1015 258 1086 per
277 1049 284 1064 .
304 1049 341 1065 ..
368 997 506 1088 ierugas
534 999 709 1088 canapalis
735 1001 946 1074 monasterio
972 1002 1284 1098 Szeczechoviensi,
1311 1011 1348 1078 et
1373 1001 1574 1081 valoreins
1593 1015 1754 1085 aestima-

198 1122 255 1186 tur
281 1116 328 1188 ad
356 1121 487 1207 septem
500 1139 656 1191 marcas.
684 1120 772 1191 Item
799 1123 977 1213 praedium
1005 1130 1060 1197 est
1086 1127 1223 1198 unicum
1250 1128 1412 1220 militare,
1438 1130 1483 1202 de
1509 1116 1577 1222 qno
1604 1135 1754 1206 solvitur
1852 1189 1856 1202 .

196 1237 330 1308 decima
355 1239 581 1329 manipularis
608 1241 773 1314 ecclesiae
800 1243 993 1335 parochiali
1019 1246 1055 1318 in
1074 1245 1201 1320 Nova
1227 1240 1462 1342 c'zerkene
1488 1253 1574 1324 item
1592 1256 1751 1346 taberna,

114 1351 119 1362 “
197 1359 277 1428 item
306 1358 494 1431 hortulani.

297 1477 617 1574 Zannoronrczs,
645 1483 729 1555 oilla
755 1486 820 1557 sub
847 1487 1014 1576 parochia
1040 1487 1083 1559 de
1109 1487 1237 1590 Nova
1263 1489 1511 1582 Ozerhyew
1537 1495 1624 1584 sita,
1651 1497 1749 1567 cuius

112 1691 113 1696 Ν
195 1601 318 1672 haeres
346 1599 511 1674 Nicolans
537 1603 662 1694 Dzyh
689 1606 815 1678 nobilis
842 1607 885 1678 de
912 1608 1018 1678 armis
1045 1608 1241 1700 Dolywa
1268 1611 1308 1681 lu
1335 1611 1404 1702 qna
1432 1618 1514 1684 sunt
1539 1615 1630 1685 lanei
1657 1637 1748 1688 cme-

195 1722 365 1812 thonales,
393 1723 436 1794 de
464 1725 587 1814 quibus
615 1727 773 1798 omnibus
801 1727 950 1800 soluitur
976 1729 1110 1802 declina
1136 1733 1362 1822 manipularis
1388 1739 1425 1804 et
1451 1753 1540 1823 per.
1559 1789 1567 1804 .
1586 1737 1750 1826 .ierogas

196 1841 372 1933 canapalis
408 1846 619 1918 monasterio
657 1845 979 1954 Saecuechoviensi,
1006 1855 1043 1922 et
1068 1851 1168 1924 valor
1202 1853 1276 1924 eins
1312 1854 1519 1925 aestimatur
1545 1856 1590 1925 ad
1617 1861 1750 1946 septem

196 1983 337 2036 marcas.
365 1963 455 2037 Item
482 1967 672 2058 praedium,
699 1969 784 2042 item
810 1971 966 2062 taberna,
993 1971 1076 2043 item
1103 1973 1291 2044 hortulani.

198 2209 399 2293 Decimae
431 2215 715 2320 manipulares
756 2220 1000 2298 monasterii
1034 2217 1446 2318 Szeczechoriensia
1481 2221 1520 2297 in
1553 2219 1746 2301 districtu

801 2353 1146 2462 'Ozyrzyczenai

294 2569 535 2664 Pnznnoszn,
563 2573 646 2645 uilla
681 2573 746 2647 sah
781 2575 947 2665 parochia
963 2589 965 2596 ’
982 2572 1025 2642 de
1052 2570 1275 2643 Grzidlua
1300 2572 1387 2663 sita,
1414 2573 1511 2645 cuius
1545 2578 1746 2666 proprietas

198 2691 239 2763 ad
264 2692 541 2786 Iohannem,
568 2693 778 2784 Marcum,
807 2693 1073 2781 Georgium,
1100 2691 1384 2764 Ratholdum
1410 2691 1539 2767 batres
1565 2696 1609 2767 de
1636 2701 1744 2770 armis

195 2813 424 2906 Snyarzya
450 2817 612 2906 pertinet.
639 2815 679 2888 In
707 2835 775 2905 qua
801 2819 884 2885 sunt
909 2812 1001 2882 lanei
1028 2811 1273 2904 emethonales,
1300 2813 1398 2886 etde
1417 2817 1576 2888 omnihus
1593 2818 1743 2891 solvitur
1855 2891 1863 2904 ,

196 2933 323 3006 decima
360 2936 588 3026 manipularis
623 2942 660 3006 et
695 2931 889 3022 canapalis,
915 2936 953 3002 et
979 2931 1184 3005 conducitur
1209 2953 1274 3024 pro
1300 2937 1512 3007 monasterio
1539 2935 1745 3024 Szeczecho

196 3054 309 3146 riensi,
337 3063 376 3127 et
400 3057 499 3130 ralor
525 3057 600 3128 eius
627 3055 831 3126 aestimatur
858 3051 903 3124 ad
923 3105 1036 3123 .....
1063 3051 1153 3126 lum
1179 3055 1364 3145 tabernae,
1391 3056 1477 3128 item
1502 3057 1743 3148 hortulaniae;

197 3177 273 3248 item
299 3177 484 3268 praedium
511 3197 579 3268 non
605 3180 668 3246 est.
1114 3169 1119 3174 “

290 3298 604 3384 Raczrnoazaur,
631 3293 714 3365 villa
740 3294 804 3366 sub
831 3294 998 3385 parochia
1023 3294 1192 3368 ecclesiae
1218 3294 1262 3366 de
1288 3293 1513 3368 Grzidlna
1538 3298 1616 3389 sita,
1643 3301 1741 3372 cuius

196 3419 313 3491 haeres
339 3419 520 3491 Johannes
547 3415 793 3506 Swyeczha
818 3415 861 3487 de
889 3415 991 3488 domo
1018 3423 1055 3487 et
1080 3415 1214 3488 familia
1238 3415 1482 3509 Szyarzya
1509 3419 1550 3490 ln
1577 3441 1646 3510 qua
1663 3427 1745 3492 sunt

195 3541 281 3612 lanei
306 3537 550 3626 emethonales,
576 3543 613 3607 et
639 3536 682 3608 de
709 3537 869 3609 omnibus
896 3538 1044 3609 solvitur
1071 3543 1107 3608 et
1132 3537 1338 3609 conducitur
1363 3539 1498 3610 decima
1515 3541 1744 3631 manipularis

195 3667 227 3731 et
250 3659 426 3751 canapalis
453 3678 517 3748 pro
543 3659 754 3729 monasterio
781 3657 1083 3730 Szeczechoviensi
1110 3664 1147 3729 et
1172 3658 1270 3730 valor
1296 3659 1372 3730 eius
1399 3659 1444 3731 ad
1463 3713 1631 3730 .......
1651 3661 1740 3733 Item

195 3781 362 3852 tabernae.
389 3779 478 3850 Item
504 3778 733 3858 hortulaniae.
768 3779 856 3850 Item
883 3778 1064 3869 praedium
1090 3785 1147 3850 est
1172 3779 1222 3851 ibi
1248 3779 1403 3871 unicum,
1429 3780 1473 3852 de
1499 3800 1568 3870 quo
1595 3781 1742 3853 solvitur
1855 3824 1860 3832 ·

195 3899 319 3984 decima
344 3898 573 3990 manipularis
599 3899 764 3971 ecclesiae
791 3901 826 3970 in
854 3898 1093 3970 Krzidlna.
1404 3989 1409 3994 ,
1860 3883 1864 3889 ’

289 4020 530 4112 Jnuowr'czn,
558 4021 641 4092 villa
668 4022 733 4093 sub
751 4021 917 4111 parochia
935 4020 978 4091 de
996 4020 1151 4092 Dobra
1177 4019 1254 4111 sita,
1271 4020 1370 4108 cuius
1387 4021 1512 4092 haeres
1530 4021 1677 4112 Lyasz
1688 4023 1740 4094 ek

194 4141 500 4234 Wyernlronis
527 4142 569 4213 de
597 4143 698 4214 domo
726 4148 762 4213 et
786 4142 918 4213 familia
943 4141 1125 4214 Janina
1151 4143 1192 4213 ln
1219 4161 1289 4233 qua
1315 4153 1397 4214 sunt
1423 4143 1515 4214 lanei
1542 4145 1740 4216 emethona-

193 4262 253 4353 les,
279 4271 314 4336 et
341 4265 386 4335 de
414 4263 573 4336 omnibus
608 4263 754 4335 solvitur
789 4269 825 4335 et
852 4262 1055 4335 conducitur
1082 4263 1216 4334 decima
1242 4264 1468 4354 manipularis
1495 4269 1533 4334 et
1559 4266 1739 4355 canapalis

195 4401 251 4470 pro
274 4383 486 4454 monasterio
513 4381 824 4473 Szcczechovieusi,
851 4390 887 4454 et
913 4382 1012 4454 valor
1038 4383 1113 4454 eius
1132 4437 1140 4453 .
1158 4437 1166 4452 .
1185 4437 1193 4452 .
1211 4383 1300 4454 Item
1325 4383 1482 4458 taberna
1509 4383 1597 4454 Item
1617 4385 1739 4455 hortu-

195 4503 267 4574 lani.
305 4505 394 4576 Item
430 4504 608 4594 praedium
644 4509 700 4576 est
734 4505 872 4577 unicum
907 4505 974 4595 ibi,
1002 4504 1046 4576 de
1081 4525 1149 4595 quo
1176 4504 1325 4576 solvitur
1350 4503 1485 4576 decima
1511 4505 1738 4595 manipularis

196 4625 350 4696 ecclesiae
378 4626 413 4696 in
441 4625 678 4697 Krzidlna.

289 4745 468 4836 Mraznu,
495 4745 579 4818 uilla
605 4747 670 4818 sub
696 4746 861 4837 parochia
888 4745 931 4817 de
957 4744 1350 4818 Raczechowicze
1376 4746 1463 4837 sita,
1490 4747 1587 4819 cuins
1614 4747 1738 4818 haeres

196 4863 415 4958 Slauyecz
443 4866 485 4938 de
513 4866 753 4958 Toppolya
780 4867 906 4938 nobilis
933 4867 975 4938 de
1003 4866 1104 4938 domo
1132 4874 1169 4938 et
1193 4865 1580 4960 familiaSzyarzya
1607 4868 1648 4938 ln
1667 4889 1735 4957 qua

197 4993 268 5058 sant
292 4988 384 5059 lanei
411 4989 655 5076 emethonales,
682 4992 718 5059 et
744 4987 788 5059 de
815 4988 974 5060 omnibus
1002 4988 1151 5060 solvitur
1175 4994 1212 5058 et
1238 4987 1443 5060 conducitur
1467 4988 1600 5060 decima
1626 4988 1735 5058 mani·
1874 5057 1878 5070 ,

197 5105 316 5194 palaris
342 5115 380 5181 et
405 5109 589 5199 canapalis,
615 5115 680 5198 pro
706 5109 915 5180 monasterio
941 5109 1253 5200 Saeczechouiensi,
1270 5116 1307 5180 et
1324 5109 1422 5181 valor
1440 5109 1514 5179 eius
1531 5109 1735 5187 aestimatur

182 5227 235 5298 ad
252 5281 260 5298 .
276 5282 310 5300 ..
335 5217 480 5302 marcas.
505 5229 594 5301 Item
619 5230 795 5325 tabernae.
822 5230 909 5301 Item
936 5231 1165 5302 hortulaniae.
1190 5229 1280 5302 Item
1305 5229 1487 5320 praedium
1512 5234 1567 5300 est
1592 5230 1642 5301 ibi
1658 5229 1735 5300 uni-

199 5366 266 5419 cum
290 5351 458 5441 militare,
484 5350 528 5422 de
561 5351 658 5422 cuius
693 5351 787 5441 agris
814 5351 962 5424 solvitur
988 5352 1125 5424 decima
1147 5350 1374 5442 manipularis
1400 5349 1566 5422 scelestae
1593 5350 1630 5420 in
1657 5349 1736 5421 Ra·

199 5472 513 5544 crealiouicze.
1820 5535 1831 5546 ,

291 5589 517 5684 Kosrszsca,
542 5591 625 5664 rilla
651 5593 716 5665 sub
742 5591 907 5683 parcella
931 5591 975 5663 de
1001 5589 1265 5683 Skrzydlna
1289 5591 1370 5683 sita,
1394 5591 1492 5663 cuius
1518 5591 1642 5663 haeres
1668 5591 1735 5664 Pe-

200 5709 635 5803 trulloatracczsky
661 5712 836 5787 dedomo
862 5710 1107 5806 Snyarzya
1133 5712 1175 5784 In
1193 5733 1264 5805 qua
1278 5712 1472 5786 suntlanci
1488 5713 1733 5815 emethonales,
