4492 6592
1686 797 1760 867 363

200 994 488 1067 llndrzeoviense
515 963 575 1086 eo,
612 995 704 1087 quod
732 1017 752 1067 a
779 995 1157 1068 Morimundineusibus
1183 999 1442 1088 generationem
1475 1000 1616 1090 habuit,
1650 1000 1761 1073 Mori-

200 1116 351 1212 mundus
380 1119 487 1188 etiam
524 1139 614 1188 nunc
642 1117 845 1208 appelletur.
892 1117 990 1206 Quod
1019 1118 1156 1208 quidem
1183 1121 1430 1217 monasterium
1466 1121 1596 1193 Beatus
1625 1121 1763 1193 B‘ern·

199 1237 381 1310 hardus
412 1240 519 1310 abbas
546 1237 712 1311 Olarae
740 1238 895 1310 Vallis
922 1240 1070 1330 visurus
1098 1246 1134 1312 et
1160 1239 1288 1312 fratres
1315 1241 1351 1312 in
1379 1262 1420 1313 eo
1448 1242 1614 1332 degentes
1641 1244 1755 1315 visita-

198 1365 309 1448 tmus,
339 1379 384 1430 ac
413 1361 448 1430 in
475 1361 654 1450 religionis
681 1362 860 1450 proposito
888 1359 1164 1451 confirmaturus,
1192 1363 1227 1432 in
1255 1361 1435 1434 Poloniam
1462 1370 1691 1453 pmcesserat,
1718 1356 1760 1435 err
1862 1401 1870 1409 s

198 1480 314 1551 medio
343 1485 464 1552 tamen
492 1482 617 1553 itinere
644 1483 743 1571 gravi
772 1481 970 1554 valetudine
998 1503 1195 1572 oppressus,
1236 1483 1348 1554 rediit.
1376 1483 1424 1555 Ut
1451 1489 1565 1556 autem
1592 1485 1762 1556 bonorum

199 1601 373 1672 dotalium
405 1603 625 1693 munasterio,
652 1604 749 1694 etin
777 1602 990 1692 fundatione,
1018 1610 1053 1674 et
1081 1609 1204 1694 expost
1229 1605 1473 1696 quaesitorum,
1501 1605 1626 1676 evitari
1653 1593 1762 1696 po'ssit

200 1727 235 1793 et
261 1725 491 1812 praecaveri,
527 1725 563 1794 in
590 1744 757 1814 praesens
784 1730 820 1795 et
846 1726 881 1795 in
909 1724 1064 1797 futurum
1100 1723 1268 1805 damnosa
1303 1726 1484 1818 alienatio,
1525 1726 1761 1798 haereditates

200 1841 292 1913 illius
323 1849 362 1914 et
391 1844 541 1916 decimas
568 1845 768 1934 singillatim
797 1847 1082 1936 conscripsimus,
1119 1845 1351 1916 indemnitati*
1371 1847 1573 1919 monasterii
1613 1846 1761 1937 praelati
1870 1890 1875 1901 =

201 1983 264 2052 pro
292 1971 422 2036 nostra
448 1965 542 2036 virili
569 1966 771 2037 consulturi.
1788 1972 1795 1982 “

322 2203 606 2277 monasterium
636 2203 1083 2300 Andrzayovlonseseu
1114 2205 1471 2292 Bczoazniczense',
1513 2208 1771 2300 quodetiam

145 2389 150 2394 .
203 2323 529 2396 Morimundus
557 2325 601 2396 ob
627 2345 745 2414 genus,
772 2347 793 2396 a
821 2347 888 2416 quo
915 2325 1095 2397 descendit
1122 2307 1337 2417 appellatur,
1377 2329 1414 2397 in
1440 2328 1582 2399 heremo
1609 2335 1645 2398 et
1671 2329 1764 2400 saltu
1837 2320 1842 2331 '

203 2451 340 2516 secreto
371 2447 417 2517 ab
443 2445 640 2518 hominibus
667 2447 771 2518 situm
790 2453 852 2537 est,
880 2447 1058 2537 pulchram
1077 2447 1210 2517 habens
1236 2447 1274 2518 et
1298 2448 1547 2519 testudinatam
1574 2448 1763 2537 ecclesiam,

204 2585 245 2636 ex
273 2566 414 2656 quadro
440 2566 555 2657 lapide
583 2567 746 2638 ethasso
773 2567 962 2658 humilique
990 2587 1103 2658 opere,
1140 2566 1252 2639 solido
1279 2575 1395 2656 tamen
1421 2567 1667 2658 fabrefactam,
1702 2569 1763 2639 ha-

205 2687 289 2757 hens
318 2693 356 2763 et
384 2687 539 2760 officinas
575 2689 779 2759 monasterii
816 2693 990 2778 muratae,
1018 2694 1053 2759 ct
1079 2693 1270 2760 torrentem
1306 2688 1483 2761 fluviolum
1518 2711 1582 2779 per
1613 2690 1762 2760 medium

205 2811 415 2905 monasterii
442 2809 693 2900 decurrentem,
720 2816 756 2880 et
783 2811 973 2900 pomarium
1001 2810 1161 2900 amplum
1198 2810 1345 2882 diversis
1381 2811 1551 2882 consitum
1580 2811 1763 2882 arboribus

207 2929 240 2998 in
269 2931 430 3002 circuitu.
475 2928 580 3003 ¹Cuius
607 2931 792 3002 modernus
820 2932 927 3004 abbas
955 2937 1009 3002 est
1029 2985 1143 3001 .....
1170 2931 1213 3002 de
1240 2931 1611 3022 Rambyeszycze
1638 2931 1764 3002 nobilis

208 3049 249 3120 de
276 3051 382 3122 domo
410 3051 721 3158 Odrovansch.
736 3052 781 3122 —A
809 3053 987 3143 primaeva
1014 3052 1088 3124 eius
1115 3051 1335 3123 institutione
1362 3051 1561 3142 ferensque
1579 3051 1623 3122 ad
1643 3057 1764 3123 nostra
1796 3030 1801 3044 „
1831 3099 1836 3109 ·

207 3176 377 3263 tempora,
405 3173 519 3264 gallici
548 3181 609 3246 aut
635 3173 743 3244 italici
771 3172 913 3264 fratrea,
949 3163 1079 3264 absque
1108 3173 1180 3244 ulla
1205 3173 1410 3263 polonorum
1438 3172 1651 3244 admixtione
1678 3172 1765 3242 illud

208 3289 427 3383 incolebant,
454 3301 599 3386 propter
627 3314 773 3386 quornm
800 3295 994 3385 regularem
1023 3295 1281 3366 observantiam
1309 3301 1345 3365 et
1373 3295 1465 3366 vitae
1492 3293 1766 3381 sanctimoniam,

208 3433 331 3486 nomen
363 3416 456 3488 illius
484 3437 647 3490 sonorum
675 3423 711 3487 et
738 3417 873 3502 celebre
900 3417 1114 3506 habebatur,
1151 3415 1389 3507 usqueadeo,
1417 3420 1455 3486 ut
1482 3403 1766 3484 Vincentius

211 3533 539 3630 Gadluhlcoqis
575 3538 618 3610 de
654 3536 852 3610 Oarvvovv
879 3538 1060 3629 episcopus
1087 3535 1328 3608 Gracoviensis
1364 3535 1537 3607 dedomo
1572 3536 1767 3624 Roszae,

211 3657 415 3760 episcopatu
440 3657 662 3732 cracoviensi
690 3659 829 3750 relicto,
866 3659 909 3730 ad
923 3659 1021 3729 ¹illud
1051 3679 1088 3729 se
1115 3659 1324 3747 contulerat,
1362 3663 1398 3728 et
1425 3658 1582 3729 habitum
1610 3656 1766 3745 induens,

211 3780 369 3868 regulam
390 3801 524 3871 quoque
543 3779 720 3872 profitens,
740 3763 973 3872 quinquennio
992 3779 1027 3850 in
1046 3800 1147 3850 sacco
1166 3777 1399 3868 poenitentiae
1418 3784 1569 3867 exactae,
1597 3783 1634 3848 et
1651 3797 1767 3848 enem-

213 3897 344 3986 plarem
371 3902 479 3974 vitam
508 3901 645 3992 ducens,
682 3902 772 3994 diem
799 3901 869 3972 illic
900 3902 994 3992 obiit,
1023 3907 1059 3971 et
1086 3901 1121 3970 in
1150 3899 1263 3970 medio
1291 3899 1388 3970 chori
1415 3899 1479 3969 sub
1506 3897 1623 3989 lapide
1649 3881 1765 3988 sepul-

213 4022 267 4090 tus
293 4023 493 4114 requiescit.

315 4143 584 4234 Aunaznvovv,
610 4143 774 4234 oppidum
801 4144 893 4216 haud
920 4143 1022 4234 longe
1051 4163 1072 4214 a
1097 4142 1309 4216 monasterio
1337 4139 1634 4230 Andrzeyoviensi
1661 4140 1767 4212 situm

216 4269 275 4356 cst,
300 4267 435 4338 habens
463 4267 497 4336 in
526 4285 563 4337 se
590 4265 770 4336 ecclesiam
797 4265 1049 4357 parochialem,
1076 4263 1226 4335 Sanctae
1254 4260 1462 4333 Gatherinae
1490 4261 1658 4361 dicam,
1686 4259 1766 4331 albo

215 4383 327 4476 lapide
357 4408 419 4477 per
445 4387 603 4458 consules
631 4391 666 4457 et
692 4407 870 4460 commune
899 4387 1017 4477 oppidi
1039 4383 1340 4472 Andr-zeoviensi's,
1368 4383 1427 4473 qui
1454 4381 1548 4452 illam
1567 4383 1603 4452 in
1622 4380 1767 4470 singulis

216 4512 340 4597 regunt
357 4513 392 4579 et
410 4507 602 4598 provident,
630 4528 792 4579 unacum
812 4507 1019 4594 coemeterio
1046 4504 1280 4578 fabrefactam.
1306 4502 1414 4575 (iuius
1440 4503 1638 4593 proprietas
1665 4502 1768 4592 pleno
1895 4509 1903 4527 ‘
2023 4489 2031 4510 ‘

219 4627 289 4699 iure
315 4630 471 4720 pertinet
488 4629 532 4700 ad
551 4629 797 4700 monasterium
816 4628 1106 4728 Andrzeoviense,
1134 4627 1169 4696 in
1197 4647 1265 4716 quo
1284 4629 1366 4695 sunt
1393 4624 1644 4714 oppidanorum
1667 4621 1768 4711 lanei,
1862 4681 1867 4686 .

218 4753 251 4818 et
277 4749 382 4822 solvit
409 4749 554 4840 quilibet
568 4805 708 4820 ......
735 4751 823 4822 Item
852 4771 970 4821 omnes
998 4750 1073 4840 agri
1101 4747 1353 4839 oppidanorum
1381 4745 1548 4816 decimam
1575 4743 1768 4834 maniprda-

219 4887 286 4941 rem
314 4879 351 4942 ct
378 4870 517 4942 solvunt
544 4876 580 4942 et
607 4871 801 4943 conducunt
827 4893 890 4962 pro
917 4871 1129 4943 monasterio
1157 4867 1441 4956 Andrzeoviensi,
1482 4866 1638 4974 propriis
1661 4864 1769 4934 curri-

219 4987 288 5074 bm,
316 4993 351 5063 in
379 4991 559 5082 praedium
586 4992 799 5082 monasterii,
827 4997 863 5062 et
890 4991 988 5062 valor
1015 4991 1090 5064 eius
1118 4989 1325 5060 aestimatur
1352 4986 1396 5058 ad
1416 5040 1559 5055 ......

318 5112 545 5204 Ranossz,
573 5113 656 5184 villa
682 5113 745 5184 sub
773 5112 938 5204 parochis
965 5111 1008 5183 de
1028 5165 1142 5180 .....
1170 5111 1247 5199 sita,
1276 5109 1372 5180 cuius
1401 5105 1596 5196 proprietas
1623 5102 1668 5173 ad
1695 5122 1768 5173 mo

222 5235 406 5306 nasterium
434 5233 715 5306 Andrzeoviense
742 5235 904 5334 pertinet,
932 5233 1062 5304 donata
1088 5232 1157 5322 ipsi
1184 5229 1394 5301 monasterio
1420 5245 1484 5315 per
1509 5224 1533 5296 J
1543 5225 1768 5296 ohannem
1838 5250 1841 5256 ·

223 5353 521 5445 archiepiscopum,
548 5359 583 5426 et
610 5353 891 5426 Clementem
918 5353 1061 5424 militem
1089 5350 1274 5442 primarios
1301 5347 1510 5418 fundatores.
1537 5344 1577 5414 ln
1601 5363 1669 5433 qua
1686 5349 1768 5414 sunt
1805 5331 1814 5345 '

128 5471 130 5476 ’
223 5468 307 5546 lanei
334 5475 586 5566 cmethonales,
612 5480 648 5546 et
675 5475 779 5546 solvit
806 5474 952 5565 quilibet
972 5527 978 5542 .
998 5528 1005 5542 .
1025 5528 1032 5542 .
1107 5527 1113 5541 .
1134 5526 1168 5559 .,
1194 5469 1278 5541 item
1305 5487 1389 5556 ova,
1417 5467 1501 5538 item
1527 5464 1657 5555 gallos,
1685 5463 1774 5569 item

225 5611 345 5686 caseos
372 5598 455 5668 item
483 5596 593 5685 labor,
615 5597 702 5667 item
723 5593 880 5692 pmnabu,
908 5595 989 5664 item
1017 5614 1171 5687 oaszpep,
1196 5591 1280 5660 item
1308 5589 1484 5677 tabernae,
1511 5587 1594 5656 item
1612 5584 1766 5655 hortula-

205 5713 312 5806 ¹niue,
339 5719 423 5788 item
450 5715 649 5809 praedium,
677 5719 760 5788 item
787 5715 1039 5802 molendinum;
1080 5714 1162 5784 item
1190 5731 1307 5780 omnes
1335 5708 1411 5798 agri
1439 5706 1541 5780 villae
1567 5705 1707 5776 solvunt.
1733 5710 1770 5776 et
1846 5769 1856 5780 s
