4492 6592
473 740 551 814 tto

579 947 783 1021 nuendum
800 946 968 1035 tortium,
985 949 1021 1017 in
1039 947 1168 1037 oppido
1186 946 1400 1036 Lnbliuensi,
1418 946 1510 1037 quod
1529 948 1739 1017 monasterio
1756 948 1902 1017 donarit
1919 947 2030 1019 Lau-

472 1071 661 1140 rentius
687 1069 776 1139 alias
802 1068 1001 1138 Lorincz
1037 1068 1225 1137 advocatus
1253 1068 1494 1153 Lublineusis;
1529 1066 1635 1135 etde
1662 1067 1818 1157 quolibet
1843 1068 2028 1135 solvuntur

472 1198 622 1278 quatuor
647 1188 783 1277 lapides
810 1189 894 1276 sepi,
921 1209 991 1257 nna
1017 1208 1190 1276 sexagena
1215 1196 1252 1257 et
1279 1194 1430 1275 quatuor
1454 1188 1581 1273 grossi.

575 1308 725 1379 Ratione
750 1309 949 1377 donationis
975 1306 1210 1395 praelatorum
1237 1306 1342 1375 trium
1371 1304 1610 1393 macellornm,
1636 1324 1700 1393 per
1726 1304 1930 1373 advocatum
1959 1302 2031 1371 Lu-

472 1430 662 1501 blinensem
689 1428 821 1515 iactae,
856 1427 931 1515 ugit
956 1428 1205 1497 monasterinm
1242 1432 1447 1515 perpetuum
1488 1426 1764 1496 anniversarium
1795 1426 1888 1495 circa
1915 1425 2030 1495 altare

471 1551 589 1621 Sancti
615 1549 796 1621 Laurentii
822 1555 860 1617 et
886 1546 1033 1617 Sanctae
1057 1545 1192 1616 Mariae
1212 1544 1452 1635 Magdalenae,
1479 1546 1625 1635 singulis
1652 1546 1786 1635 qmrtis
1812 1546 1919 1633 leriis,
1946 1566 2031 1615 can·

470 1671 578 1741 tando
604 1671 744 1741 missam
772 1690 836 1759 pro
862 1668 1044 1739 defunctis

576 1787 796 1874 Ozwarielr,
823 1791 906 1861 item
934 1790 1064 1861 habent
1092 1788 1179 1859 dnos
1207 1788 1329 1859 hortm
1356 1788 1572 1859 donatoseis
1595 1808 1658 1877 per
1676 1790 1771 1859 cives
1788 1786 2031 1873 Lnnlinenses,

471 1920 509 1983 et
535 1912 579 1983 de
605 1912 761 2002 quolibet
787 1911 972 1983 solvuntur
997 1918 1071 1981 tres
1096 1911 1221 2001 grossi.

577 2032 784 2106 Praedium
810 2040 848 2103 et
874 2030 1022 2123 lapidea
1049 2031 1258 2121 Krydlar
1284 2032 1320 2103 in
1343 2031 1471 2122 oppido
1498 2030 1688 2119 Lublin,
1716 2052 1805 2121 quae
1824 2032 1941 2103 omnia
1957 2028 2031 2099 sol-

2096 561 2108 826 ι

2123 970 2143 1011 1

2127 1066 2143 1135 31

473 2163 559 2225 runt
585 2162 735 2245 quatuor
760 2174 896 2225 marcas
932 2154 1142 2225 monasterio
1167 2152 1289 2225 Sancti
1316 2152 1481 2225 Stanislai
1509 2152 1655 2243 singulis
1682 2154 1803 2241 annis,
1838 2173 1902 2242 pro
1929 2158 2032 2221 certa
2139 2146 2143 2210 l

471 2284 587 2348 autem
614 2277 781 2365 pecumoe
816 2295 951 2345 summa
984 2282 1206 2363 comparatus
1233 2274 1411 2365 praelatus
1437 2294 1582 2363 census,
1617 2276 1749 2367 domini
1775 2273 1907 2345 Petri
1944 2272 2030 2343 olim
2141 2266 2143 2313 ³

471 2396 650 2469 castellani
676 2397 915 2485 laminensis,
950 2400 1087 2483 emptus
1122 2395 1215 2485 apud
1241 2394 1412 2467 iacobum
1440 2394 1672 2487 Greydlar
1706 2402 1743 2467 et
1769 2416 1913 2465 uxorem
1942 2394 2031 2479 eius,

471 2519 607 2590 ratione
632 2519 730 2590 cuius
757 2517 1004 2589 monasterium
1037 2518 1114 2605 agit
1141 2518 1233 2587 circa
1259 2514 1370 2589 altare
1397 2517 1554 2607 corporis
1581 2516 1710 2588 curisti
1739 2516 2031 2601 anniversarium,

471 2658 536 2728 pro
563 2638 721 2729 praefato
747 2637 1108 2710 Kurowslrowslr
1118 2660 1159 2728 y,
1186 2637 1332 2727 legendo
1352 2638 1498 2728 singulis
1517 2640 1725 2729 septimanis¹
1752 2638 1841 2709 lerla
1875 2636 2031 2710 mcuuda

470 2762 611 2831 missam
638 2759 887 2845 detunctorum,
914 2766 950 2829 et
976 2759 1080 2829 aliam
1106 2758 1194 2829 teria
1221 2766 1354 2849 quarta,
1382 2766 1417 2837 et
1443 2760 1582 2829 tertiam
1609 2758 1698 2831 feria
1724 2766 1833 2831 serta

574 2880 783 2968 Notandum,
809 2880 902 2970 quod
921 2880 1169 2951 monasterium
1188 2879 1305 2951 Sancti
1325 2880 1491 2951 Stanislai
1510 2882 1545 2951 in
1574 2880 1744 2951 Lnlrlin
1772 2880 1906 2971 ordinis
1923 2901 2029 2969 prae-

470 3002 662 3072 dicatorum
690 3002 798 3074 habet
823 3010 898 3071 tam
922 3001 1110 3071 notabilem
1139 3002 1334 3091 portionem
1362 3000 1446 3090 ligni
1465 3000 1637 3073 Dominici
1663 3002 1769 3071 latam
1796 3010 1834 3071 et
1860 3003 2028 3071 obrotun-

470 3122 559 3210 dam,
585 3121 677 3212 quod
705 3142 768 3193 nec
793 3120 930 3191 Roma
956 3141 1020 3191 nec
1045 3119 1355 3210 Hycrusalem
1392 3142 1455 3191 nec
1482 3120 1937 3210 Constantinopolis
1964 3140 2027 3189 nec

470 3240 696 3330 Parisios,
722 3262 785 3311 uec
811 3241 1109 3330 Aquisgram,
1136 3262 1200 3311 nec
1219 3260 1454 3331 quaecumque
1481 3240 1549 3311 alia
1576 3243 1700 3313 civitas
1729 3242 1763 3313 in
1790 3242 1876 3311 orbe
1905 3240 2025 3311 catho-

469 3360 536 3431 lico
563 3368 683 3431 tantae
710 3361 915 3450 quantitatis
951 3380 1100 3430 massam
1127 3360 1170 3431 de
1197 3361 1291 3451 liguo
1318 3360 1501 3433 Dominico
1529 3362 1659 3433 habere
1686 3362 1899 3449 dinoscitur,
1937 3381 2025 3451 quae

469 3482 506 3551 in
533 3480 655 3552 eodem
682 3481 891 3553 monasterio
919 3480 1035 3551 Sancti
1062 3479 1228 3553 Stauislai
1255 3479 1458 3557 Lublluensi
1486 3481 1657 3571 conditur,
1683 3490 1720 3553 et
1743 3482 1914 3553 aChristi
1943 3480 2027 3553 lide-

470 3602 561 3673 titus
588 3601 790 3693 suppliciter
816 3602 993 3691 adoratur,
1019 3623 1083 3691 per
1108 3602 1201 3693 quod
1228 3602 1335 3673 etiam
1354 3602 1538 3675 clementia
1556 3604 1676 3675 divina
1697 3604 1847 3693 plurima
1873 3602 2027 3674 ostendit

470 3724 637 3795 miracula
663 3730 700 3794 et
726 3724 896 3813 prodigia,
924 3715 971 3793 in'
988 3724 1170 3798 sanatione
1197 3724 1447 3813 languidorum.
1476 3724 1602 3797 Modus
1620 3732 1746 3814 autem,
1774 3724 1927 3815 qualiter
1945 3745 2024 3814 por·

469 3847 520 3917 tio
547 3844 632 3936 ligni
660 3845 831 3917 Dominici
867 3853 939 3916 tarn
965 3845 1210 3935 illustrissima,
1238 3847 1449 3917 monasterio
1477 3844 1595 3919 Sancti
1622 3845 1787 3919 Stauislai
1814 3845 2025 3937 provenerit,

469 3967 551 4037 talis
576 3966 687 4037 fertur
712 3966 828 4037 luisse.
873 3966 957 4037 Fuit
992 3966 1130 4057 quidam
1169 3967 1396 4039 ruthenorum
1424 3974 1460 4037 et
1487 3966 1695 4059 Kyoviensis
1731 3968 1917 4059 primarius
1954 3966 2023 4037 dux

471 4086 752 4178 Gregorius,
779 4088 895 4159 colens
922 4088 1092 4172 iustitiam
1119 4094 1156 4159 et
1182 4088 1330 4179 diligens
1354 4090 1548 4179 veritatem;
1576 4090 1632 4161 hic
1649 4110 1726 4161 cum
1754 4096 1898 4179 propter
1924 4108 2023 4178 prae-

470 4210 583 4281 claras
609 4230 690 4281 suas
718 4210 867 4281 virtutes
893 4216 929 4279 et
955 4210 1130 4299 ingenium
1158 4208 1278 4301 docile,
1305 4218 1489 4301 praestans
1512 4216 1549 4285 et
1573 4210 1771 4300 gloriosum,
1800 4210 2021 4300 principibus,
2139 4194 2141 4221 '

469 4331 621 4421 satrapis
656 4338 693 4400 et
719 4331 893 4401 nobilibus
929 4329 1185 4419 Kyoviensibus
1221 4338 1257 4402 et
1285 4332 1431 4403 Russiae
1467 4332 1617 4423 odiosus,
1644 4334 1762 4421 gravis
1793 4338 1829 4402 et
1856 4352 2021 4403 onerosus
2139 4348 2140 4405 l

469 4458 571 4539 esset,
598 4472 619 4521 a
646 4452 843 4541 principatu
878 4472 941 4521 suo
967 4458 1005 4523 et
1029 4451 1113 4522 sede
1149 4450 1338 4542 Kyoviensi
1376 4474 1452 4525 cum
1480 4460 1642 4535 consorte
1679 4475 1742 4525 sua
1769 4452 1952 4537 Mariua
1987 4458 2019 4521 et

470 4571 542 4641 lilio
570 4592 633 4641 suo
659 4569 893 4661 Gygnatio
920 4572 1049 4662 pulsus,
1076 4579 1112 4642 et
1139 4573 1182 4643 de
1209 4573 1336 4645 Russia
1363 4575 1543 4663 exiliatuS,
1580 4575 1625 4647 ad
1653 4573 1914 4645 Casimirun
1956 4572 2020 4641 Se·
2139 4582 2140 4603 ¹

471 4692 662 4763 cundum
690 4690 854 4763 Poloniae
880 4714 997 4782 regem
1019 4715 1062 4765 se
1088 4696 1236 4767 eontulit
1263 4717 1339 4767 cum
1367 4697 1512 4786 coniuge
1538 4702 1575 4767 et
1601 4696 1755 4787 pignore,
1783 4696 1841 4785 qui
1867 4716 1946 4767 eum
1965 4695 2019 4765 be·
2139 4736 2140 4803 p

471 4814 575 4903 nigrm
615 4821 651 4884 et
686 4814 931 4885 humanissime
960 4816 1120 4905 suscepit,
1160 4817 1341 4907 ipsumque
1363 4825 1400 4889 et
1427 4838 1571 4889 uxorem
1599 4838 1697 4889 suam
1725 4824 1761 4889 et
1788 4816 1895 4887 lilium
1924 4836 2018 4887 suum

470 4934 740 5026 (ligustium
768 4936 949 5025 magnifico
976 4942 1012 5007 et
1039 4936 1175 5008 liberali
1203 4946 1351 5029 sumptu,
1378 4940 1461 5010 data
1483 4924 1627 5029 ei'apud
1654 4938 1818 5029 oppidum
1845 4944 1881 5009 et
1908 4958 2016 5007 arcem
2137 4968 2139 4995 ι

470 5058 714 5129 Lubllnensern
742 5058 889 5129 honeste
915 5057 1116 5148 residentia,
1144 5081 1252 5151 usque
1279 5060 1323 5131 ad
1351 5068 1496 5131 mortem
1520 5061 1696 5133 tractavit.
1723 5060 1790 5131 Hie
1807 5060 1927 5149 itaque
1953 5058 2017 5129 dur
2138 5082 2139 5121 t

468 5178 729 5270 Gregorius
756 5180 965 5272 Kyoviensis
992 5188 1029 5250 et
1056 5181 1164 5251 totius
1191 5180 1356 5271 Russiae,
1393 5182 1475 5253 dum
1510 5183 1623 5253 adhuc
1650 5183 1684 5253 in
1713 5182 1908 5271 principatu
1937 5180 2017 5249 resi·
2138 5212 2139 5215 ¹

469 5302 577 5392 deret,
606 5302 820 5392 praedictum
847 5303 978 5393 liguum
997 5301 1214 5389 Dominicum
1234 5323 1311 5373 cum
1335 5304 1480 5393 coniuge
1507 5324 1571 5373 sua
1598 5302 1780 5373 Mariua
1807 5309 1843 5372 et
1869 5301 2017 5372 filiosuo

470 5421 692 5513 Gignatio
728 5431 765 5495 et
791 5431 952 5495 consorte
979 5424 1221 5513 capiteauatus
1248 5424 1302 5497 sui
1329 5423 1538 5515 Kyoviensis
1577 5424 1840 5514 Theodoro,
1876 5428 2014 5512 argento
2137 5498 2138 5525 χ

469 5551 506 5613 et
532 5565 619 5615 auro
646 5546 832 5634 cooperiit,
867 5553 904 5615 et
930 5546 1086 5635 ornarit,
1121 5551 1257 5616 ettam
1292 5546 1544 5617 nobilissimum
1580 5545 1774 5617 clenodium
1793 5546 1846 5617 ,in
1873 5563 2011 5633 regnum
2136 5574 2138 5639 4

469 5660 634 5735 Poloniae
669 5685 785 5736 secum
821 5665 997 5756 deferens,
1032 5687 1096 5756 pro
1123 5671 1290 5756 perpetuo
1318 5673 1354 5736 et
1382 5668 1531 5738 maximo
1568 5666 1658 5738 dono
1695 5666 1782 5736 illud
1808 5664 2011 5737 monasterio
2098 5760 2103 5777 .
2137 5642 2138 5677 l
