4492 6592
1690 774 1765 849 459

213 989 474 1064 Oasimirus
500 988 739 1062 Secundus
766 989 932 1061 Poloniae
958 1009 1020 1059 rex
1046 1008 1138 1059 anuo
1166 984 1304 1059 Domini
1337 988 1433 1057 1342
1462 984 1621 1058 fundavit
1639 992 1674 1057 et
1692 1007 1767 1057 ere-

212 1112 271 1200 xit,
297 1116 336 1180 et
363 1131 480 1180 aream
508 1110 615 1180 latam
641 1115 679 1179 et
705 1110 893 1199 spatiosam
931 1129 995 1197 pro
1022 1110 1187 1178 coenobio
1216 1114 1252 1178 et
1279 1108 1426 1177 officinis
1453 1108 1528 1177 eins
1555 1112 1591 1176 et
1616 1126 1680 1196 pro
1707 1107 1769 1177 ha-

105 1201 133 1285 s
186 1232 383 1302 ‘bitatione
409 1229 557 1300 fratrum
585 1230 678 1299 circa
704 1250 822 1300 muros
848 1228 977 1319 oppidi,
1003 1226 1049 1299 ad
1075 1234 1195 1317 partes
1214 1227 1418 1300 orientalem
1446 1232 1481 1297 et
1508 1224 1766 1299 meridionalem

212 1348 318 1437 dedit,
346 1348 494 1447 contulit
519 1354 557 1419 et
582 1349 772 1438 inscripsit,
811 1348 1063 1437 ecclesiamque
1088 1366 1132 1417 ex
1160 1352 1259 1417 cocto
1286 1348 1397 1417 latere
1423 1347 1617 1418 fabricavit.
1661 1345 1767 1418 Cuius
1812 1376 1818 1385 ·
1855 1373 1873 1419 ,·

212 1468 350 1560 qudem
378 1469 581 1540 monasterii
608 1470 744 1560 aliquos
771 1473 961 1559 proventus
988 1458 1233 1538 describemus.
1269 1464 1434 1537 Refertur
1460 1472 1576 1537 autem
1603 1486 1625 1537 a
1652 1466 1768 1536 sciolis
1805 1470 1810 1481 '

212 1595 247 1660 et
271 1590 463 1679 veteribus,
490 1590 583 1680 quod
610 1596 688 1661 erat
714 1590 906 1661 oratorium
933 1593 1034 1661 vetus
1061 1588 1126 1659 sub
1152 1587 1256 1659 titulo
1283 1586 1430 1658 Sanctae
1447 1586 1577 1663 ¹Crucis
1604 1586 1767 1675 ligneum,

153 1756 161 1767 .
212 1712 246 1782 in
272 1731 342 1801 quo
371 1710 631 1783 casimirus
657 1710 896 1786 Secundus
918 1709 1170 1781 monasterium
1198 1708 1365 1780 fundavit.

313 1830 699 1924 Tazeszurow,·villa
725 1807 793 1905 sub
817 1832 984 1924 parochia
1010 1831 1177 1903 ecelesiae
1204 1830 1247 1901 de
1275 1828 1444 1900 Lublin
1471 1835 1507 1899 et
1534 1848 1642 1919 prope
1669 1830 1767 1919 oppi-

212 1953 291 2025 dum
318 1954 398 2043 sita
425 1956 522 2027 cuins
549 1954 718 2026 medietas
754 1954 908 2044 pertinet
934 1953 979 2023 ad
1005 1952 1254 2025 monasterinm
1282 1949 1399 2021 Sancti
1427 1948 1591 2021 Stanislai
1627 1951 1662 2019 in
1690 1948 1768 2019 Lu-

112 2097 114 2102 ·
210 2072 325 2165 blin,
364 2094 467 2167 quam
494 2077 578 2147 emit
605 2096 670 2166 pro
698 2076 791 2147 dicto
818 2074 1046 2164 monasterio,
1083 2080 1120 2145 et
1147 2077 1315 2163 perpetuo
1343 2072 1506 2159 donavit,
1533 2070 1642 2141 irater
1668 2068 1768 2139 Plri-

211 2194 371 2287 lippus
406 2198 539 2269 ordinis
566 2198 863 2299 praedicatorum,
897 2197 1082 2287 episcopus
1108 2194 1336 2285 Kyoviensis,
1376 2197 1565 2283 procerte
1601 2192 1767 2281 pecuniae

212 2318 420 2407 quantitate
447 2316 590 2390 donarit
616 2326 653 2389 et
679 2319 769 2389 idem
796 2317 1048 2407 Philippus
1076 2316 1259 2407 episcopus
1287 2314 1398 2385 eidem
1426 2314 1638 2385 monasterio
1665 2330 1768 2383 orua-

210 2443 291 2528 tnm,
319 2458 384 2509 seu
410 2438 562 2511 casulam
590 2439 634 2513 de
661 2440 814 2511 axamito
840 2440 969 2529 rubeo,
1004 2445 1040 2511 et
1066 2436 1208 2508 calicem
1235 2436 1363 2507 bonum
1392 2434 1617 2523 deauratum,
1645 2433 1703 2523 qui
1731 2434 1766 2502 in

211 2558 331 2647 eodem
360 2562 572 2632 monasterio
598 2560 803 2633 Lnblinensi
839 2560 995 2657 ¹sepultus
1030 2558 1228 2650 requiescit.
1273 2556 1428 2627 Alteram
1456 2561 1572 2626 antem
1601 2554 1768 2625 medieta—
1818 2648 1829 2655 ⁸

212 2686 278 2750 tem
305 2681 463 2753 eiusdem
499 2682 602 2753 villae
637 2681 943 2773 'l'rzesznyow
979 2680 1110 2751 habent
1145 2678 1282 2749 milites.
1326 2676 1414 2749 Item
1447 2677 1483 2747 in
1510 2680 1628 2767 parte,
1664 2694 1767 2765 quam
1904 2660 1909 2671 ’

211 2807 330 2872 tenent
357 2802 485 2874 fratres
512 2804 714 2874 monasterii
741 2802 860 2875 Sancti
887 2801 1063 2891 Stanislai,
1089 2821 1158 2872 non
1177 2805 1259 2871 sunt
1276 2798 1367 2869 lanei
1386 2797 1550 2885 distincti,
1578 2780 1638 2867 sed
1656 2802 1766 2866 totam

212 2923 433 2995 medietatem
461 2924 565 2995 villae
591 2924 675 2995 colit
701 2924 947 2996 monasterinm
975 2923 1119 3014 proprio
1147 2926 1266 2992 aratro
1292 2920 1357 3011 per
1383 2918 1551 2989 colonum.
1579 2917 1679 2988 item
1708 2916 1767 2987 de-

213 3043 333 3135 cimam
354 3045 614 3135 ‘manipularem
633 3044 773 3117 solvunt
792 3046 959 3117 ccclesiae
985 3043 1178 3135 parochiali
1206 3044 1240 3113 in
1269 3040 1439 3130 Lnbliu
1467 3038 1585 3109 Sancti
1612 3037 1767 3117 Michae-

212 3163 262 3233 lis.
288 3164 378 3236 Item
407 3166 518 3236 altera
544 3186 626 3256 pars
654 3166 757 3237 villae
784 3166 889 3238 solvit
915 3166 1081 3237 decimam
1108 3163 1358 3254 manipularem
1386 3162 1420 3231 iu
1448 3160 1562 3231 Lnbl
1575 3138 1627 3230 i‘n.
1653 3158 1768 3231 Confi-

214 3292 272 3355 uat
298 3307 378 3357 cum
407 3287 535 3377 oppido
562 3287 752 3376 Lubliu,
776 3285 1131 3375 Llakubowicze,
1158 3282 1454 3375 Ponykwada
1479 3288 1516 3351 et
1543 3279 1768 3369 Swyduik.

316 3404 466 3480 llorlus
495 3408 662 3500 primus,
700 3428 719 3478 e
747 3409 889 3498 regione
915 3406 1138 3496 monasterii,
1174 3424 1295 3475 versus
1322 3402 1463 3473 fluvium
1496 3401 1767 3471 Bistraicza

214 3527 308 3617 situs,
350 3528 395 3599 ad
421 3530 670 3600 monasterium
698 3528 816 3600 Sancti
843 3527 1007 3599 Stanislai
1035 3526 1235 3617 pertinere,
1271 3525 1306 3594 iu
1336 3544 1403 3613 quo
1431 3529 1486 3593 est
1511 3512 1766 3593 braseatorium
1816 3568 1822 3576 -

214 3654 247 3716 et
272 3648 423 3738 locatum
451 3656 506 3721 est
533 3647 704 3740 Gregorio
731 3648 878 3721 Goscz
906 3648 950 3720 ad
977 3649 1095 3736 vitam,
1121 3654 1158 3736 et
1186 3644 1290 3716 solvit
1316 3644 1360 3715 de
1379 3630 1420 3715 eo
1448 3648 1598 3733 quatuor
1625 3660 1758 3711 mareas

317 3768 466 3843 llortuc
493 3772 705 3855 secundus,
734 3790 756 3842 a
782 3771 923 3860 regione
941 3768 1152 3856 monasterii,
1179 3786 1300 3837 versus
1327 3764 1467 3835 fluvium
1496 3762 1768 3833 Bistrzicza

214 3891 309 3981 situs,
338 3891 383 3964 ad
410 3892 657 3963 monasterium
685 3891 803 3963 Sancti
825 3889 989 3962 Stauislai
1016 3888 1204 3979 pertinens,
1232 3886 1290 3976 qui
1317 3885 1450 3955 locatus
1478 3888 1532 3953 est
1560 3881 1696 3952 Glosz
1723 3879 1766 3950 ad

214 4011 329 4104 vitam,
357 4020 392 4084 et
418 4013 524 4085 solvit
550 4012 594 4084 de
621 4033 667 4084 eo.
691 4033 797 4085 unum
822 4010 1003 4083 fertonem.

233 4154 237 4159 ·
316 4132 651 4219 Hortustertlus,
693 4133 881 4223 eregione
917 4130 1127 4220 monasterii,
1164 4148 1286 4201 versus
1318 4126 1458 4197 fluvium
1495 4122 1767 4195 Bistrzicza

216 4254 310 4346 situs,
338 4255 382 4326 ad
409 4256 656 4329 monasterium
684 4254 802 4325 Sancti
825 4252 990 4325 Stanislai
1017 4242 1205 4344 pertinens,
1233 4248 1292 4341 qui
1319 4247 1453 4318 locatus
1469 4244 1609 4333 l'rix,
1636 4252 1673 4315 et
1699 4244 1768 4314 sol-

109 4403 117 4417 s
216 4374 265 4445 vit
290 4376 335 4447 de
361 4396 403 4447 eo
430 4396 536 4449 unum
563 4375 743 4467 fertonem.

320 4494 468 4580 Hortus
495 4502 675 4589 quartus,
712 4517 731 4566 e
757 4496 900 4585 regione
927 4494 1140 4583 monasterii,
1168 4510 1290 4565 versus
1315 4489 1455 4561 fluvium
1484 4488 1767 4580 Bystrzicza

218 4617 312 4709 situs,
341 4619 400 4709 qui
426 4618 561 4690 locatus
588 4623 643 4689 est
668 4616 843 4689 Stanislao
871 4614 1151 4708 Pyrzchala,
1180 4614 1238 4705 qul
1267 4612 1372 4684 solvit
1398 4630 1505 4681 unum
1531 4608 1712 4681 fertonem.

319 4736 466 4812 llorlus
494 4740 665 4832 quintus,
694 4759 713 4808 e
738 4739 881 4828 regione
908 4736 1111 4809 monasterii
1138 4754 1260 4807 versus
1287 4732 1564 4824 Bystrzicza
1591 4732 1693 4819 situs,
1722 4729 1765 4799 ad

198 4861 463 4942 ‘monasterium
489 4859 607 4932 Sancti
635 4859 798 4931 Stanislai
826 4860 1023 4949 pertinens,
1040 4869 1160 4949 'quem
1188 4856 1282 4929 solus
1309 4856 1407 4946 prior
1432 4854 1525 4943 colit,
1553 4860 1589 4923 et
1617 4852 1768 4923 necessi-

218 4986 305 5053 tates
331 4964 410 5073 pro‘
424 4980 572 5073 coquina
599 4982 800 5052 monasterii
828 4980 976 5070 supplet.
1303 5064 1312 5079 ,

320 5103 524 5176 Macellum
552 5101 716 5194 primum
744 5102 779 5171 iu
807 5101 935 5191 oppido
953 5099 1167 5188 Lublinensi,
1195 5097 1286 5189 quod
1315 5096 1524 5167 monasterio
1552 5092 1669 5163 Sancti
1689 5090 1767 5161 Sto-

218 5224 316 5296 nislai
343 5225 475 5296 ordinis
503 5223 781 5314 praedicatorum
815 5222 1101 5293 Laurentius
1138 5220 1225 5290 alias
1253 5219 1453 5289 Lorincz
1489 5214 1632 5285 donavit
1660 5214 1766 5285 advo-

220 5350 312 5417 catus
338 5346 569 5417 Lublinensis.

320 5466 526 5539 Macellum
553 5466 772 5539 secundum
801 5464 835 5533 in
863 5463 991 5552 oppido
1018 5462 1240 5549 Luhlinensi,
1267 5460 1359 5549 quod
1387 5457 1598 5528 monasterio
1626 5456 1769 5527 donavit
1813 5472 1825 5487 ‘
1857 5428 1860 5435 ¹

222 5582 502 5658 Laurentius
529 5586 616 5657 alias
643 5586 841 5656 Loriucz
869 5582 1060 5653 advocatus
1086 5581 1316 5652 Lublinensis.
1441 5628 1444 5635 -
1653 5588 1656 5594 '
