4492 6592
1726 739 1773 839 ai

123 961 128 964 ’
221 975 426 1046 Secundi
453 976 592 1046 natione
618 975 792 1065 Lithvani,
820 976 879 1064 qui
905 975 1144 1046 Ludovico
1171 977 1345 1066 successit,
1371 975 1537 1047 Poloniae
1562 977 1666 1067 regis,
1684 997 1775 1048 anno

222 1075 363 1166 Domini
396 1097 494 1168 1300
514 1150 627 1165 .....
652 1095 802 1166 Michael
829 1096 1048 1185 praepositus
1075 1096 1362 1188 Myeohoviensis,
1389 1099 1448 1187 qni
1474 1104 1513 1198 et
1538 1090 1777 1168 Michallro

221 1201 439 1307 appellatur,
475 1219 528 1288 vir
564 1237 690 1307 sagax,
722 1216 870 1288 factivus
906 1223 942 1288 et
977 1217 1187 1308 industrius,
1215 1219 1365 1309 egestati
1399 1219 1548 1310 praefati
1574 1219 1777 1290 monasterii

94 1324 101 1340 ‘
219 1338 369 1410 Sanctae
397 1339 565 1428 Hedvigis
593 1359 799 1428 compassus,
828 1345 956 1410 ettam
984 1340 1204 1428 monasterio,
1223 1359 1325 1429 quarn
1343 1339 1598 1410 miserabilibus
1616 1340 1775 1429 personis

220 1461 255 1530 in
282 1435 451 1550 hospitali
477 1481 538 1532 suo
566 1459 781 1550 degentibus,
808 1459 1021 1549 provisurus,
1048 1460 1083 1530 in
1112 1461 1239 1550 oppido
1266 1449 1615 1552 regio'Boehnya,
1642 1462 1678 1532 in
1705 1483 1774 1552 quo

222 1581 313 1653 sales
340 1582 481 1653 bancati
516 1581 744 1670 effodiuntur,
772 1601 910 1652 censum
938 1587 1141 1652 terrestrem
1168 1582 1315 1652 liberum
1342 1586 1378 1652 et
1402 1581 1490 1652 nulli
1517 1582 1713 1672 obnoxium,
1739 1588 1777 1654 et
1886 1667 1892 1680 „

222 1703 280 1793 qni
318 1702 403 1773 solis
437 1702 615 1774 fovearum
650 1722 817 1774 novarum
853 1703 1108 1792 impensorihus
1143 1709 1181 1774 et
1207 1703 1329 1774 salium
1357 1703 1593 1793 repertoribus
1620 1703 1776 1793 debetur,
1852 1737 1858 1744 ·

222 1821 381 1894 bernbrot
407 1823 543 1914 vulgari
571 1823 739 1895 vocabulo
776 1823 1006 1913 appellatum,
1034 1823 1179 1926 singulis
1206 1823 1409 1913 septimanis
1436 1825 1519 1895 anni
1545 1845 1647 1896 unam
1675 1845 1775 1896 sexa-

219 1965 344 2036 genam
379 1945 532 2017 latorum
567 1965 767 2034 grossorum
802 1941 1028 2034 Pragensium
1065 1945 1286 2031 reddentem,
1321 1966 1386 2034 pro
1421 1966 1485 2016 sno
1511 1953 1549 2017 et
1573 1947 1776 2018 monasterii

76 2072 77 2077 ’
222 2065 502 2157 Myechdviensis
528 2072 683 2157 argento,
710 2063 845 2138 duobus
872 2066 1034 2141 videlicet
1061 2066 1214 2138 millibus
1239 2087 1434 2138 marcarum
1460 2047 1620 2138 latorum
1637 2087 1777 2157 grosso·

221 2208 298 2258 rum
325 2185 554 2278 Pragensium
587 2188 721 2259 numeri
747 2187 965 2278 Polonicalis,
994 2187 1167 2278 emptione
1193 2195 1363 2278 perpetua
1388 2194 1426 2260 et
1452 2188 1673 2260 irrevocabili
1693 2189 1778 2260 emit
1854 2263 1857 2266 ,

221 2314 256 2380 et
282 2310 508 2400 comparavit,
535 2309 680 2399 provide
708 2315 864 2382 statuens
883 2313 919 2380 et
937 2309 1110 2399 ordinans,
1129 2315 1169 2380 ut
1185 2331 1229 2381 er
1247 2309 1444 2381 huiusmodi
1462 2309 1565 2381 unius
1582 2329 1776 2400 scxagenae
1817 2304 1821 2310 ’

219 2429 465 2502 bebdomadali
491 2451 613 2521 censu,
639 2417 859 2522 pra'epositus
886 2437 922 2502 et
948 2430 1077 2502 iratres
1104 2431 1307 2503 monasterii
1332 2429 1482 2521 praefati
1507 2431 1657 2502 mediam
1684 2451 1776 2501 mar·

220 2573 306 2642 cam,
334 2553 435 2643 egeni
461 2558 581 2644 autem,
604 2557 641 2623 et
667 2572 837 2642 personae
863 2553 1087 2640 miserabiles,
1115 2553 1151 2622 in
1178 2552 1272 2624 dicto
1298 2552 1463 2642 hospitali
1481 2551 1628 2624 Smctae
1645 2551 1776 2624 Hedvi·

218 2674 274 2764 gis
302 2673 488 2764 degentes,
514 2680 587 2746 tres
622 2672 775 2746 fertones
812 2673 1025 2765 percipiant,
1052 2675 1149 2744 etin
1177 2695 1260 2745 usus
1286 2693 1328 2745 ac
1353 2673 1584 2772 necessitates
1605 2661 1778 2764 snas'per

76 2831 78 2844 >
143 2821 155 2848 ·
219 2815 302 2866 snos
322 2800 485 2891 ,rectores
512 2801 726 2868 convertant.
749 2794 897 2867 vVeritus
924 2802 1040 2866 autern
1067 2794 1243 2885 praefatus
1269 2789 1421 2866 Michael
1436 2795 1658 2886 praepositus
1676 2794 1775 2887 Mye-

219 2917 430 3006 eboviensis,
457 2937 500 2987 ne
518 2937 651 2992 ¹census
677 2922 751 2988 tam
779 2915 976 2988 fructuosus
1007 2923 1043 2987 et
1068 2917 1232 3008 insignis,
1258 2915 1324 2988 sub
1348 2937 1454 3021 mann
1480 2914 1715 2987 ecclesiastica
1741 2921 1777 2986 et

76 3017 77 3102 l
219 3037 405 3128 spirituali,
433 3059 455 3110 a
481 3038 693 3110 monasterio
721 3044 756 3110 et
782 3038 949 3128 hospitali
975 3037 1143 3129 praefatis
1170 3059 1335 3130 processu
1360 3035 1544 3128 temporis,
1564 3037 1595 3108 si
1622 3037 1775 3109 saecula·
1898 3079 1901 3085 =

76 3219 77 3232 ,
219 3179 292 3230 rem
320 3181 391 3230 non
417 3159 561 3232 baberet
586 3165 746 3250 tutorem,
773 3160 914 3250 periret,
940 3160 1062 3251 ipsum,
1090 3159 1296 3265 Helizabetli
1323 3158 1668 3251 Granowslryey
1694 3159 1776 3230 reli·

76 3247 77 3317 l
219 3283 295 3352 ctae
336 3279 617 3354 olim-'Oltbnnis
658 3280 702 3352 de
737 3280 922 3373 Pylcza,
957 3285 1040 3352 tunc
1073 3281 1215 3372 reginae
1250 3280 1432 3371 Poloniae,
1468 3286 1505 3352 et
1538 3279 1776 3352 Vladislai

76 3467 77 3470 ,
219 3401 420 3474 Secundi
448 3402 611 3474 Poloniae
637 3403 731 3493 regis
758 3403 918 3496 consorti,
946 3407 982 3474 et
1008 3402 1062 3474 sui
1089 3402 1152 3473 filii
1177 3401 1350 3475 lobannis
1375 3409 1413 3474 et
1439 3421 1674 3473 successorum
1700 3402 1775 3472 eius
1867 3491 1874 3500 .

76 3543 77 3550 ¹
220 3525 390 3614 potestati
426 3531 463 3596 et
498 3524 621 3596 ditioni
657 3525 823 3614 subiecit,
859 3525 1136 3615 emptionemque
1161 3510 1199 3595 et
1223 3523 1475 3614 venditionem,
1502 3544 1543 3594 ac
1568 3523 1776 3614 resignatio·

76 3692 77 3697 =
219 3663 297 3716 nem
325 3651 362 3716 et
389 3644 642 3717 ordinationem
670 3645 1019 3736 distributionemque
1046 3666 1179 3736 censue,
1201 3646 1295 3716 inter
1320 3644 1566 3716 monasterium
1594 3650 1631 3714 et
1657 3644 1774 3734 bospi-

222 3765 292 3838 tale
318 3766 487 3856 fiendam,
515 3769 579 3839 sub
606 3767 743 3840 nomine
770 3767 946 3857 praelatae
972 3767 1179 3838 Helizsbetb
1206 3767 1347 3857 reginae
1373 3772 1410 3837 et
1435 3766 1499 3838 lilii
1525 3766 1580 3836 sui
1605 3764 1777 3836 Johannis

225 3887 267 3960 de
294 3887 477 3978 Pylcza,
506 3889 674 3960 celebrari
701 3894 737 3959 et
763 3888 906 3959 inscribi
933 3888 1153 3978 procuravit,
1180 3889 1280 3978 quasi
1305 3887 1446 3978 reginae
1473 3893 1618 3978 argento
1645 3892 1682 3957 et
1707 3907 1776 3957 non

103 4098 107 4108 Ι
225 4009 426 4081 monasterii
461 4009 755 4101 Myecboviensis,
792 4030 914 4080 census
949 4011 1023 4099 ipse
1058 4009 1182 4081 finisset
1216 4013 1402 4099 coemptus.
1448 4007 1503 4079 Ex
1529 4029 1602 4099 ,quo
1638 4007 1774 4098 quidem

221 4137 378 4222 tempore
413 4129 622 4204 Helizabeth
657 4132 780 4222 regina
806 4130 965 4221 praelata
991 4130 1252 4220 dunrviveret,
1278 4136 1391 4201 morte
1417 4151 1501 4201 vero
1537 4149 1601 4201 sna
1627 4136 1776 4220 sequuta

223 4253 313 4325 lilius
350 4273 434 4324 suus
470 4253 652 4364 lohannes⁸
683 4253 726 4326 de
761 4253 948 4345 Pylcza,
984 4254 1020 4324 in
1048 4253 1270 4330 castellanum
1298 4251 1560 4325 Gracoviensem
1586 4256 1776 4342 promotus,

222 4375 401 4447 dotatores
420 4396 457 4446 se
484 4374 633 4465 praeisti
660 4395 783 4448 census
810 4381 946 4466 gerunt,
971 4380 1010 4447 et
1038 4376 1219 4447 occasione
1244 4375 1330 4474 eins,
1348 4374 1549 4465 magistram
1566 4395 1631 4464 pro
1658 4373 1776 4463 egenis

221 4496 256 4566 in
283 4497 378 4568 dicto
404 4498 616 4568 monasterio
643 4517 707 4587 pro
735 4517 799 4569 sua
813 4499 1000 4587 potestate
1031 4503 1068 4569 et
1093 4497 1208 4587 libito,
1234 4497 1339 4568 toties
1374 4495 1509 4586 quoties
1545 4500 1778 4586 opportunum

223 4624 285 4709 est,
313 4625 456 4708 ponunt,
483 4619 672 4690 instituunt
698 4623 736 4690 et
762 4618 840 4694 dest
841 4618 966 4689 itnunt.
996 4617 1169 4691 Redditus
1200 4623 1317 4690 autem
1346 4623 1383 4689 et
1412 4621 1603 4707 proventus
1629 4615 1776 4706 praefati

223 4741 425 4812 monasterii
451 4739 596 4812 interius
623 4739 830 4831 singillatins
857 4739 1101 4812 describemus.
1432 4768 1437 4777 ¹

339 4861 413 4934 Nos
448 4861 632 4934 Elisabeth
667 4861 734 4934 Dei
769 4863 884 4953 gratia
918 4863 1040 4954 regina
1075 4861 1276 4952 Hungariae
1305 4865 1350 4933 et
1387 4859 1555 4933 Poloniae
1590 4860 1776 4930 memoriae

222 4984 503 5056 commendantes
537 4989 659 5055 tenore
698 4984 931 5074 praesentium
976 4983 1209 5074 significemus
1253 4983 1378 5073 quibus
1418 4980 1561 5073 expedit
1594 4981 1774 5069 universis,

222 5107 314 5198 qnod
342 5125 406 5178 nos
434 5105 661 5176 consideratis
692 5104 875 5178 industriis
910 5111 946 5177 et
972 5083 1223 5196 sagacitatibns
1249 5105 1490 5195 religiosorum
1517 5105 1775 5176 viror-umeru—
1812 5140 1816 5146 ·

222 5227 422 5316 citerorum,
450 5225 611 5304 videlicet
629 5227 810 5299 Benedicti
828 5228 1019 5318 praepositi
1037 5225 1256 5320 Gneznensis¹
1279 5232 1315 5298 et
1332 5224 1477 5298 Martini
1497 5202 1548 5296 ‘de
1566 5223 1776 5316 Myr-ebo·

222 5351 296 5420 via
322 5357 523 5420 nostrorum
559 5340 730 5439 fidelium,
758 5349 882 5439 quibus
909 5347 954 5419 ad
982 5331 1108 5438 opera
1125 5349 1293 5420 salutaria
1318 5345 1475 5419 iacienda
1510 5352 1548 5418 et
1582 5345 1776 5417 exercenda

222 5471 355 5542 habiles
382 5475 420 5541 et
438 5470 572 5540 strenui
597 5467 672 5550 fore
691 5469 953 5560 dignoscuntur,
981 5470 1195 5540 instituimus
1222 5476 1259 5540 et
1275 5469 1516 5541 constituimus
1543 5487 1603 5539 eos
1620 5473 1776 5540 rectores

223 5611 323 5665 verns
360 5599 397 5662 et
424 5573 598 5681 legitimos
634 5592 749 5682 operis
776 5591 870 5663 illius
906 5591 1027 5664 domus
1054 5591 1256 5681 hospitalis,
1284 5611 1386 5681 qnam
1413 5589 1585 5680 quondam
1617 5589 1776 5660 dominus

80 5757 82 5774 ‚
225 5711 486 5785 Oasin-irus
512 5733 583 5804 rex,
610 5713 720 5786 frater
746 5719 879 5806 noster,
907 5733 970 5810 pro
989 5712 1102 5784 solute
1130 5712 1265 5822 animae
1291 5731 1375 5792 snae
1393 5731 1503 5812 prope
1530 5711 1637 5800 finem,
1660 5710 1776 5807 pontis
