4492 6592
1679 714 1683 723 ⁵
1713 764 1787 835 aas

241 963 416 1035 Minorum
442 986 486 1035 ne
513 970 606 1036 esset
632 966 782 1055 primus,
817 966 905 1039 ordo
931 988 1014 1040 vero
1042 968 1215 1039 Minorum
1245 969 1437 1059 praeripuit
1464 970 1591 1041 ordini·
1604 968 1788 1041 Praedica-

227 1078 354 1156 ·'torum
381 1106 424 1155 ne
451 1090 544 1173 esset
578 1107 685 1177 unus,
725 1092 763 1157 et
793 1108 873 1173 ¹cum
908 1109 1014 1159 unum
1049 1088 1204 1160 habeant
1240 1090 1473 1178 praepositum
1509 1090 1725 1179 paupertatis
1752 1094 1787 1161 et

241 1204 464 1295 praedicandi
491 1212 619 1297 votnm,
645 1207 736 1279 alter
761 1212 887 1297 tamen,
913 1208 1075 1280 videlicet
1093 1208 1376 1281 Praedicatorunr
1405 1209 1501 1298 ordo,
1527 1211 1564 1281 in
1591 1208 1788 1281 refellendis

240 1325 442 1397 haeresibus
469 1326 611 1399 corvina
636 1327 746 1418 pollet
771 1328 972 1417 calliditate,
998 1328 1088 1399 alter
1114 1349 1213 1418 vero,
1240 1328 1401 1402 videlicet
1428 1330 1513 1401 ordo
1540 1329 1725 1419 Minorum,
1752 1330 1789 1401 in
1828 1316 1831 1326 ¹

240 1444 454 1535 perferendis
481 1446 701 1537 passionibus
718 1453 756 1520 et
772 1443 939 1539 adversis,
965 1448 1195 1521 columbinam
1216 1450 1351 1521 redolet
1378 1450 1645 1540 simplicitatem
1672 1450 1789 1541 sicque

240 1570 385 1656 uterque
413 1547 571 1639 maximis
607 1566 807 1640 fulminibus
843 1568 1024 1657 impletus,
1060 1568 1240 1661 ecclesiam
1266 1568 1331 1641 Dei
1359 1570 1521 1641 continua
1556 1570 1789 1643 foecunditate

239 1685 374 1775 plantat
400 1692 437 1757 et
462 1686 557 1777 rigat
582 1688 841 1777 incrementum,
869 1692 1071 1778 praestante
1097 1688 1182 1760 Deo.
1209 1688 1392 1761 Praefatus
1420 1696 1535 1763 antem
1563 1690 1648 1762 ordo
1676 1690 1790 1761 Mino-

240 1826 314 1876 rum
341 1806 379 1877 in
405 1827 550 1897 regnum
577 1807 743 1880 Poloniae
769 1829 859 1891 anno
887 1809 1026 1880 Domini
1049 1809 1156 1880 1257.
1183 1803 1246 1899 per
1273 1808 1539 1881 Boleslanm
1567 1808 1790 1882 Pudicum

241 1925 503 1997 Gracoriensem
531 1927 913 2021 Sandomiriensemque
940 1928 1061 2001 ducem
1080 1933 1117 2000 et
1133 1928 1299 2001 Poloniae
1325 1931 1546 2002 monarcham
1573 1929 1791 2003 introductus

239 2054 302 2136 est,
328 2048 430 2118 annis
456 2048 536 2138 plus
563 2070 665 2139 qnam
693 2050 817 2139 viginti
851 2049 1043 2140 posterius,
1080 2068 1183 2139 qnam
1210 2050 1295 2122 ordo
1323 2050 1626 2141 Praedicatorum,
1653 2057 1689 2123 et
1716 2050 1787 2141 pri·

241 2188 316 2239 mns
342 2167 395 2238 illi
417 2168 519 2241 locus
544 2171 745 2260 primusque
762 2176 963 2243 ‘conventus
987 2170 1092 2241 datus
1118 2176 1174 2241 est
1200 2171 1235 2241 in
1263 2171 1405 2243 civitate
1431 2172 1537 2261 regia,
1564 2172 1662 2245 etin
1688 2171 1791 2243 Polo-

240 2288 317 2359 niae
344 2289 541 2380 metropoli,
567 2288 840 2381 Gracoviae,
866 2310 931 2381 per
948 2288 1142 2382 praefatum
1169 2290 1435 2363 Boleslanm
1463 2292 1594 2383 ducem,
1621 2293 1696 2365 eius
1720 2290 1791 2383 pri-

239 2410 388 2481 marium
413 2410 642 2501 fundatorem
668 2411 729 2502 qui
754 2411 843 2484 mim
871 2411 1066 2485 devotionis
1091 2411 1193 2515 modp
1220 2411 1382 2502 religioni
1408 2412 1586 2502 praefatae
1613 2418 1650 2485 et
1677 2412 1791 2484 ordini

240 2530 467 2622 afficiebatur,
493 2533 553 2623 qni
579 2538 617 2603 et
643 2532 823 2603 ecclesiam
851 2537 888 2628 et
914 2531 1160 2603 monasterium
1188 2553 1209 2603 a
1236 2532 1356 2622 primis
1383 2531 1617 2605 fundamentis
1642 2532 1791 2605 fabrica-

191 2682 198 2703 =
239 2653 290 2721 rit
315 2656 354 2723 et
380 2652 476 2741 iecit,
503 2658 539 2724 et
564 2652 689 2724 turrim
716 2654 753 2722 in
779 2653 893 2724 medio
928 2652 1026 2723 chori
1052 2658 1089 2723 et
1115 2654 1272 2742 corporis
1299 2652 1514 2743 altissimam,
1542 2652 1648 2725 debili
1674 2659 1790 2725 mmen

228 2773 395 2843 ‘innixam
421 2772 666 2863 fundamento,
702 2794 790 2863 quae
816 2774 881 2844 sub
907 2778 1024 2844 aetate
1049 2790 1127 2843 mea
1152 2792 1279 2863 magna
1305 2772 1395 2845 mole
1422 2773 1564 2864 corruit,
1592 2773 1792 2863 sustulerat,

240 2898 276 2963 et
301 2915 372 2964 non
399 2896 435 2964 in
457 2895 608 2967 ecclesia
634 2893 835 2982 cathedrali,
861 2900 902 2965 ut
928 2892 1058 2964 caeteri
1084 2910 1186 2983 reges
1212 2897 1248 2965 et
1273 2892 1456 2984 principer,
1484 2894 1545 2965 sed
1571 2894 1606 2964 in
1635 2893 1791 2984 praefato

240 3015 455 3088 monasterio
481 3014 601 3087 Sancti
619 3015 797 3089 Francisci
823 3015 891 3086 sibi
917 3014 1074 3104 deligens
1101 3014 1317 3104 sepulturam
1344 3014 1380 3085 in
1407 3015 1512 3086 choro
1540 3014 1693 3087 eiusdem
1720 3034 1792 3086 mo·
1896 3092 1901 3103 ,

239 3135 394 3225 nasterii,
420 3136 457 3205 in
484 3142 585 3227 parte
611 3136 711 3207 laeva
737 3137 900 3207 humatus
927 3132 1123 3226 requiescit.
1151 3134 1222 3207 Sub
1249 3134 1347 3207 brevi
1373 3140 1490 3207 autem
1523 3141 1690 3227 tempore¹
1707 3135 1792 3207 ordo

239 3254 415 3327 Minorum
443 3258 480 3328 in
507 3278 614 3348 regno
642 3256 806 3328 Poloniae
833 3257 932 3328 etin
959 3255 1109 3327 dioecesi
1138 3253 1360 3327 Gracoricnsi
1387 3261 1509 3327 auctus
1536 3256 1617 3347 fuit,
1644 3262 1681 3328 et
1708 3256 1792 3328 duo·

240 3372 304 3447 bns
331 3365 418 3448 locis
454 3378 627 3468 virginum
663 3378 699 3448 in
725 3370 1027 3449 Zawich'osth
1062 3380 1098 3447 et
1129 3376 1166 3447 in
1194 3375 1337 3467 antiqua
1372 3376 1594 3468 Sandecz,
1630 3376 1794 3449 notabili*
1871 3462 1876 3469 ‚

241 3496 375 3588 busque
403 3498 569 3571 clenodiis
596 3504 632 3569 et
658 3498 871 3569 ornamentis
906 3495 1112 3587 insignitus,
1153 3503 1347 3568 accesserat
1379 3498 1507 3569 etenim
1534 3498 1578 3569 ad
1605 3481 1730 3569 famam
1759 3502 1795 3569 et

105 3683 107 3688 .
242 3618 504 3710 amplitudinem
532 3621 618 3709 eius,
646 3619 737 3710 quod
765 3624 800 3688 et
826 3616 1036 3689 Salomea
1070 3636 1236 3706 germana
1262 3638 1363 3689 soror
1390 3617 1601 3689 Boleslai
1629 3617 1794 3689 Pudici

241 3746 277 3810 et
303 3740 427 3811 relicta
463 3740 545 3811 olim
581 3739 820 3813 Colomani
859 3737 1062 3827 Hungariae
1087 3736 1199 3826 regis,
1237 3736 1309 3807 filia
1347 3736 1644 3809 Leschkonis
1685 3737 1794 3807 Albi

242 3858 484 3933 cracoviensis
501 3867 539 3933 et
557 3860 846 3933 Sandomiriensis
864 3858 973 3947 duom,
994 3858 1078 3930 item
1101 3855 1410 3947 ¹(innegundis
1432 3856 1504 3929 lilia
1530 3856 1671 3929 Belae
1697 3856 1795 3929 Hun-

241 3982 361 4071 gariae
387 3982 481 4072 regis
508 3988 544 4054 et
570 3982 693 4059 relicta
728 3979 939 4053 Boleslai
974 3977 1140 4049 Pudici
1176 3976 1416 4051 cracoviensis
1443 3983 1479 4049 et
1505 3977 1796 4051 Sandomiriensis

241 4101 359 4192 ducis,
394 4103 478 4175 item
518 4102 711 4175 Jolenta
750 4123 849 4173 soror
882 4120 1049 4191 germana
1084 4099 1239 4171 eiusdem
1274 4098 1572 4189 (lunegundis
1609 4098 1796 4171 etrelicta

243 4222 462 4319 Boleslai
498 4223 570 4295 Pii
610 4222 854 4295 Galischiensis
880 4222 996 4312 ducis,
1031 4227 1148 4321 morte
1171 4220 1375 4293 maritorum
1403 4226 1566 4311 sequuta,
1601 4220 1796 4312 praefatum

245 4343 401 4414 ordinem
429 4343 618 4435 ingressae,
644 4344 760 4415 omnia
785 4342 859 4415 fere
884 4343 961 4419 loca
987 4342 1061 4414 eius
1087 4340 1259 4413 munificis
1290 4340 1535 4413 donationibus
1562 4346 1599 4415 et
1625 4342 1796 4415 libertati-

243 4465 308 4535 bus
336 4462 543 4536 ertnlerunt.
587 4464 704 4536 Habet
731 4469 846 4536 autern
872 4464 1021 4536 assertio
1048 4468 1222 4553 veterum,
1263 4462 1354 4553 quod
1381 4462 1528 4535 ecclesia
1555 4446 1731 4535 Minorem
1759 4463 1794 4535 in

242 4584 410 4657 honorem
438 4583 601 4675 Corporis
628 4583 759 4675 Christi
785 4584 1024 4676 principaliter
1061 4584 1177 4655 dicata
1202 4582 1324 4674 fuerit,
1352 4582 1413 4657 sed
1440 4582 1698 4657 Gasimirus
1725 4584 1819 4661 Sc-.

244 4705 420 4779 nundus
455 4704 621 4778 Poloniae
648 4727 730 4797 rex,
766 4706 906 4779 condito
942 4705 1070 4797 oppido
1097 4704 1335 4791 casimiriensi
1369 4711 1405 4779 et
1432 4706 1578 4779 ecclesia
1604 4706 1796 4798 parochiali
1859 4774 1864 4789 ,

244 4826 409 4919 Corporis
437 4826 566 4899 Christi
594 4830 629 4899 in
657 4849 699 4900 eo
725 4826 887 4918 fundata,
913 4849 935 4898 a
960 4827 1130 4899 ministris
1166 4825 1397 4901 etfratribus
1423 4826 1601 4904 Minorum
1634 4829 1795 4918 obtinuit,

244 4954 285 5020 nt
310 4950 413 5023 titulo
440 4950 556 5041 prisco
583 4950 748 5040 Corporis
776 4949 906 5022 Christi
933 4951 1111 5041 abrogato,
1139 4948 1407 5039 appellationem
1426 4954 1462 5021 et
1480 4948 1796 5025 denominationem

246 5070 364 5143 Sancti
390 5072 587 5157 Francisci,
623 5092 726 5162 qnam
753 5072 789 5143 in
816 5071 906 5143 hanc
932 5070 1023 5143 diem
1050 5070 1196 5161 obtinet,
1223 5070 1417 5142 sortiretur.
1462 5069 1533 5141 Sub
1561 5090 1628 5161 quo
1657 5068 1795 5161 quidem

245 5212 327 5283 rege
353 5191 583 5264 (lasimiro
612 5214 687 5265 cum
715 5191 913 5265 differentia
937 5197 974 5263 et
1000 5191 1212 5265 concertatio
1239 5190 1332 5263 inter
1360 5189 1428 5263 duo
1456 5192 1683 5280 monasteria,
1711 5190 1796 5263 Sau-

245 5319 320 5385 ctae
348 5314 531 5387 Trinitatis
557 5314 841 5388 Praedicatorum
868 5318 904 5387 et
929 5311 1248 5393 SanctiFrancisci
1275 5311 1462 5401 Minorum,
1489 5310 1580 5402 quod
1608 5312 1704 5401 prius
1732 5332 1796 5402 pro
1868 5294 1873 5301 ⁵

246 5433 372 5506 divinis
408 5437 633 5508 matutinibus
670 5456 813 5527 surgere
840 5441 876 5508 et
903 5456 1028 5509 souare
1062 5454 1263 5525 campanam
1300 5432 1445 5507 deberet
1481 5433 1637 5525 quaestio
1665 5438 1796 5523 exorta,

246 5556 349 5627 etad
377 5557 470 5646 regis
498 5556 705 5629 decisionem
732 5556 901 5658 perducta
925 5556 1065 5645 fuisset,
1101 5562 1137 5627 et
1164 5576 1246 5646 pars
1273 5554 1554 5627 praedicatorum
1588 5558 1797 5627 vetustatem

104 5735 110 5750 „
246 5675 410 5767 allegaret
439 5678 601 5769 hospitii,
636 5699 718 5768 pars
746 5698 829 5750 rero
856 5676 1032 5749 Minorum
1068 5677 1144 5748 iure
1179 5676 1353 5749 refelleret
1380 5676 1578 5767 dignitatis,
1603 5676 1796 5761 ,sententiis
