4492 6592
500 762 572 836 152
620 856 624 862 .

358 976 361 982 '
498 969 641 1061 proprio
681 990 785 1040 curru
825 975 886 1040 aut
902 967 907 994 ¹
925 975 1041 1040 aratro
1081 974 1156 1041 tres
1194 971 1270 1042 dies
1308 971 1345 1041 in
1383 991 1494 1059 anno;
1532 971 1615 1042 item
1656 970 1790 1042 decima
1823 970 2047 1060 manipularis

495 1096 575 1180 post
611 1109 728 1160 omnes
765 1109 867 1180 agros
904 1089 1051 1162 solvitur
1087 1091 1298 1162 monasterio
1324 1091 1360 1161 iu
1389 1090 1605 1180 MstboW,
1632 1095 1669 1162 et
1694 1090 1870 1162 inducitur
1895 1084 2047 1180 propriis

496 1211 653 1281 curribus
681 1211 898 1281 cmethonum
936 1211 971 1280 in
998 1211 1161 1282 horreum
1188 1233 1210 1282 a
1235 1207 1400 1283 coenobio
1427 1211 1630 1300 locandum,
1656 1218 1692 1282 et
1719 1211 1822 1283 valor·
1842 1212 1918 1282 eius
1946 1212 2046 1282 aesti-

495 1335 609 1401 matur
645 1331 689 1401 ad
726 1331 875 1421 quinque
911 1351 1063 1428 marcas,
1099 1331 1285 1422 aliqnando
1321 1331 1365 1420 aq
1403 1332 1530 1403 decem.
1574 1332 1714 1403 Donata
1747 1332 1961 1404 monasterio
1987 1353 2047 1422 per

494 1452 676 1522 lvonem
704 1452 902 1541 episcopum
929 1451 1203 1523 Gracoueusem.
1229 1451 1317 1523 ltcm
1344 1457 1399 1523 est
1416 1452 1465 1523 ibi
1482 1453 1649 1524 scoltetns
1667 1453 1800 1524 habens
1817 1452 1904 1524 duos
1926 1453 2046 1524 lancos

496 1571 645 1660 liberos,
673 1572 716 1643 de
752 1592 855 1642 censu
891 1592 974 1642 vero
1011 1571 1097 1642 nlhil
1125 1572 1248 1662 habet,
1286 1578 1366 1663 post
1401 1573 1499 1644 cuius
1534 1593 1638 1662 agros
1664 1572 1798 1644 decima
1823 1572 2049 1662 manipularis

499 1692 664 1764 coenobio
692 1691 934 1764 Msthoviensi.
962 1689 1122 1764 Continet
1148 1713 1223 1763 cum
1251 1692 1362 1764 villis:
1388 1693 1625 1784 Dupycze,
1651 1691 1917 1783 Oromolow,
1944 1692 2050 1764 Zan-

496 1813 718 1902 kowyczc,
746 1810 1041 1902 Skarszycze.
2157 1902 2158 1908 ἵ

601 1931 849 2023 Sunuszuczn
886 1933 970 2004 villa
1006 1933 1069 2004 sub
1096 1933 1264 2022 parochia
1298 1933 1464 2004 ecelesiae
1491 1933 1534 2004 de
1561 1931 1925 2022 (immolensis,
1953 1934 2050 2004 cuins
2157 1914 2158 1975 3

496 2055 691 2143 proprietas
730 2059 766 2124 et
801 2053 990 2125 dominium
1027 2054 1070 2126 ed
1106 2055 1356 2131 monasterium
1392 2054 1435 2125 de
1461 2053 1668 2125 Mstbow.
1708 2055 1750 2125 In
1775 2073 1845 2144 qua
1870 2075 1941 2125 non
1970 2060 2051 2125 sunt

498 2174 713 2262 cmethones‚
749 2174 860 2245 solum
897 2179 1028 2264 septem
1064 2175 1241 2245 hortulani
1277 2175 1445 2246 habentes
1472 2189 1590 2264 agros,
1617 2180 1654 2245 et
1681 2174 1827 2264 quilibet
1853 2175 1961 2246 solvit
1987 2195 2049 2264 pro
2157 2185 2158 2261 l

499 2315 613 2364 annno
649 2313 755 2364 ceusu
790 2315 896 2365 unum
927 2293 1114 2384 fertonem,
1150 2296 1234 2365 item
1260 2294 1347 2366 duos
1371 2295 1499 2385 gallos,
1526 2295 1651 2385 viginti
1677 2315 1765 2383 ova3
1799 2296 1884 2366 item
1911 2316 2049 2389 oaazycp
2157 2306 2158 2325 l

496 2435 564 2486 nou
602 2413 741 2486 solvunt
775 2415 859 2485 item
895 2419 974 2504 post
1010 2432 1128 2486 omnes
1163 2435 1267 2505 agros
1304 2415 1453 2486 solvitur
1488 2415 1622 2486 ¹decima
1652 2415 1878 2506 manipularis
1914 2417 2050 2505 episto

496 2555 539 2624 po
577 2533 816 2625 Gracoviensi,
842 2539 879 2606 et
915 2535 1060 2625 quilibet
1090 2536 1226 2607 emetha
1261 2537 1405 2625 proprio
1431 2535 1536 2606 curru
1550 2532 1724 2608 'conducit
1749 2537 1785 2606 in
1811 2536 1979 2608 horreum
2007 2538 2050 2608 ab

422 2679 425 2682 ·
494 2655 656 2745 episcopo
691 2655 880 2728 locandum.
925 2657 1013 2728 Item
1049 2662 1151 2727 erant
1188 2657 1239 2728 ibi
1278 2656 1450 2746 quondam
1486 2658 1563 2747 agri
1599 2657 1812 2748 praediales,
1848 2659 1883 2727 iu
1921 2658 2047 2747 quibus

495 2797 586 2847 nunc
612 2777 788 2848 hortulani
815 2776 977 2866 resident,
1004 2777 1048 2848 de
1075 2777 1201 2866 quibus
1228 2776 1420 2848 decimatur
1437 2797 1501 2867 pro
1521 2778 1683 2868 episcopo
1702 2777 1933 2849 Oraconiensi.
1961 2779 2049 2849 Item

496 2901 579 2968 sunt
614 2897 663 2969 ibi
699 2886 758 2968 alii
795 2897 884 2987 agrii
911 2897 1125 2986 praedulce,
1153 2897 1211 2987 qui
1238 2902 1381 2968 arantur
1407 2903 1444 2968 et
1471 2897 1633 2968 coluntur
1658 2919 1723 2988 pro
1749 2899 1979 2987 monasterio,
2008 2897 2050 2968 de

497 3017 622 3108 quibus
650 3039 719 3090 non
747 3018 888 3090 solvunt
914 3017 1016 3088 alicui
1043 3018 1210 3089 decimam
1237 3018 1299 3090 sed
1325 3019 1573 3090 monasterinm
1598 3017 1836 3090 Msthovieuse
1861 3017 1959 3089 illam
1986 3039 2049 3108 pro

496 3159 533 3209 sc
560 3137 663 3210 tollit.

601 3258 834 3330 Sunzrunow
869 3257 1018 3348 Muros,
1045 3259 1129 3328 villa
1164 3259 1201 3328 in
1237 3258 1388 3330 dioecesi
1424 3257 1640 3348 Gneznansi,
1666 3264 1704 3329 et
1729 3259 1795 3331 sub
1820 3261 1990 3349 parocbia
2014 3262 2049 3331 in

488 3379 693 3450 ·Msthow
720 3379 801 3468 sita,
829 3379 925 3450 auius
952 3379 1149 3469 proprietas
1184 3384 1221 3450 et
1246 3379 1435 3450 dominium
1462 3379 1508 3450 ad
1534 3381 1781 3451 monasterium
1808 3379 2049 3453 Msthoviense

496 3500 658 3590 pertinet.
685 3500 726 3570 In
754 3520 822 3590 qua
850 3505 931 3572 suut
958 3505 1090 3589 septem
1117 3499 1210 3570 lanei
1236 3499 1480 3589 cmetboualcs,
1507 3505 1543 3570 et
1565 3500 1713 3589 quilibet
1729 3501 1835 3571 solvit
1851 3521 1915 3590 pro
1936 3521 2049 3572 annuo

497 3641 600 3694 censu
638 3641 701 3711 per
727 3641 830 3691 unam
858 3641 1027 3709 marcam,
1055 3621 1138 3690 item
1175 3619 1263 3690 dnos
1287 3620 1415 3710 gallos,
1443 3620 1569 3710 viginti
1596 3641 1681 3708 ova3
1707 3620 1790 3691 item
1816 3643 1957 3716 caczyep
1982 3641 2048 3692 nou

490 3741 653 3830 solvunt3
689 3741 771 3826 item
808 3726 871 3813 est'
897 3741 947 3812 ibi
982 3761 1052 3812 aua
1086 3739 1306 3829 hortulania,
1333 3761 1423 3830 quae
1458 3761 1522 3831 pro
1549 3761 1655 3812 censu
1682 3741 1787 3812 solvit
1812 3763 1873 3812 sex
1900 3746 2049 3828 scottos3

496 3863 578 3933 item
606 3863 768 3934 laborant
793 3867 866 3933 tres
894 3861 968 3932 dies
996 3863 1031 3932 in
1058 3880 1159 3951 auno,
1185 3861 1328 3951 proprio
1355 3881 1460 3932 curru
1487 3867 1548 3933 ant
1574 3868 1704 3951 aratro,
1727 3863 1810 3933 itam
1828 3862 1871 3932 de
1889 3863 2048 3934 omnibus

500 3983 593 4073 agris
621 3983 769 4054 solvitur
796 3983 929 4053 decima
955 3963 1181 4071 manipularis
1206 3981 1426 4071 praebendae
1453 3964 1668 4072 Gnezneusi‘,
1695 4003 1797 4072 qnam
1824 4003 1915 4053 nnnc
1942 3983 2049 4054 babet

426 4135 428 4140 ·
496 4101 671 4193 S'pinko
700 4108 736 4174 et
763 4103 939 4174 inducitur
966 4104 1002 4172 in
1029 4103 1192 4174 horreum
1219 4123 1241 4172 a
1266 4103 1433 4174 canonico
1459 4103 1653 4193 locandum,
1680 4109 1717 4174 et
1737 4104 1927 4196 valarsius
1947 4104 2049 4174 aesti-

498 4229 612 4296 matur
640 4225 684 4294 ad
711 4245 772 4295 sex
800 4244 940 4294 marcas.
968 4223 1054 4294 Item
1081 4229 1137 4294 est
1161 4223 1212 4294 ibi
1238 4215 1344 4294 unum
1369 4223 1603 4295 molendinum
1629 4223 1666 4294 in
1691 4225 1831 4295 flumine
1857 4223 2050 4294 Wartba

497 4347 612 4434 situm,
639 4351 675 4416 et
702 4345 807 4416 solvit
833 4365 896 4434 pro
924 4363 1029 4415 censu
1057 4363 1171 4415 annuo
1199 4344 1286 4415 duas
1311 4363 1511 4434 sexagenas.
1538 4345 1720 4417 Tabernae
1745 4366 1815 4416 non
1841 4351 1933 4416 sunt
1960 4344 2049 4417 Gon-
2157 4360 2158 4363 ’

495 4465 582 4537 linat
608 4485 684 4535 cum
711 4465 884 4536 Maiori
911 4463 1195 4556 Skrzydlew,
1222 4464 1615 4555 Rzerzauczycze

507 4632 511 4642 -
600 4584 804 4674 Kueuunr,
831 4585 914 4656 villa
950 4585 1013 4656 sub
1050 4585 1214 4674 parocbia
1242 4585 1409 4657 ecclesiae
1435 4585 1480 4656 de
1505 4585 1701 4658 Mstbow
1728 4587 1815 4676 sita,
1842 4586 1941 4657 caius
1969 4604 2048 4676 pro-

494 4705 627 4796 prietas
653 4709 689 4776 et
715 4705 903 4778 dominium
929 4705 974 4776 ad
992 4706 1242 4777 monasterium
1260 4706 1304 4778 de
1321 4705 1518 4792 Msthow
1543 4707 1705 4796 pertinet,
1722 4712 1759 4778 et
1778 4707 1926 4797 quilibet
1943 4707 2048 4778 solvit

497 4847 559 4917 per
586 4825 767 4898 duodecim
795 4830 934 4916 scottos,
961 4830 997 4897 et
1023 4831 1104 4897 sunt
1130 4826 1180 4897 ibi
1207 4825 1386 4897 duodecim
1412 4827 1524 4916 lanei,
1548 4830 1690 4917 praeter
1715 4827 1936 4915 scoltetiales,
1963 4829 2045 4899 item

494 4949 580 5020 duos
607 4947 726 5038 gallos,
753 4946 988 5038 vigintique,
1016 4947 1100 5018 item
1127 4967 1196 5018 non
1223 4947 1363 5018 solvunt
1388 4969 1544 5042 oaazycp,
1571 4947 1654 5018 item
1680 4947 1843 5020 laborant
1868 4952 1944 5018 tres
1973 4947 2063 5018 diest
2157 5014 2158 5033 q

494 5070 529 5140 in
557 5089 648 5142 auno
675 5067 818 5160 proprio
845 5088 948 5139 curru
975 5073 1036 5139 aut
1062 5073 1190 5157 aratro,
1217 5067 1301 5138 item
1327 5066 1462 5138 decima
1487 5067 1715 5157 manipularis
1740 5067 1889 5139 solvitur
1906 5068 1956 5139 ibi
1975 5089 2045 5140 mo

494 5192 647 5262 nasterio
675 5189 917 5279 Msthoviensi,
944 5195 979 5260 ct
1005 5188 1182 5259 inducitur
1209 5189 1244 5259 in
1272 5189 1435 5280 borreum
1462 5188 1667 5260 acoenobio
1685 5187 1877 5278 locandum,
1895 5194 1937 5260 et
1951 5189 2047 5260 valor
2157 5178 2158 5207 ³

494 5313 569 5382 eius
596 5311 801 5383 aestimatur
828 5309 872 5382 ad
895 5304 1049 5400 quatuor
1075 5329 1219 5380 marcas.
1246 5309 1344 5381 ltem
1371 5313 1427 5380 est
1452 5309 1580 5380 ibidem
1608 5309 1774 5381 scultetus
1801 5309 1935 5380 habens
1962 5309 2046 5381 duos

493 5423 613 5503 laneos
639 5433 787 5523 liberos,
814 5431 901 5503 nihil
915 5431 1033 5517 ¹habet
1060 5429 1103 5502 de
1130 5451 1254 5519 censu,
1281 5429 1325 5500 de
1351 5430 1450 5501 cuius
1476 5429 1571 5520 agria
1607 5429 1754 5501 solvitur
1780 5429 1923 5500 decima.
1940 5430 2047 5501 mani-

494 5553 625 5645 pularis
653 5553 863 5626 monasterio
890 5551 1132 5624 Msthoviensi,
1158 5551 1297 5622 Donata
1323 5551 1534 5622 monasterio
1561 5571 1624 5640 per
1641 5551 1822 5621 leonem
1849 5549 2048 5641 episcopum
