4492 6592
1690 746 1762 816 349

194 935 308 1008 solvit
338 939 493 1030 quilibet
519 960 622 1012 uuam
641 941 799 1032 siliginis,
826 947 862 1013 et
888 931 1322 1018 duas'avenae-mensuras
1348 945 1531 1037 confertas,
1556 952 1593 1019 et
1618 954 1767 1038 quatuor
1797 966 1802 978 ⁴

191 1039 348 1146 grossos
380 1061 518 1132 rati0no
545 1083 713 1156 optumae.
757 1062 846 1134 Item
875 1064 1038 1136 scoltetia
1066 1071 1120 1136 est
1147 1065 1215 1155 ibi,
1250 1087 1339 1156 quae
1365 1067 1472 1139 babet
1497 1089 1603 1140 unum
1630 1068 1767 1142 laneum

193 1177 356 1250 liberum
389 1187 426 1252 et
452 1182 631 1271 proprium
668 1183 909 1256 molendinum.
953 1185 1040 1256 Item
1073 1182 1259 1276 tabernae,
1294 1188 1378 1259 item
1405 1187 1634 1260 hortulaniae
1677 1189 1764 1260 Item
1877 1194 1883 1204 '

194 1318 323 1370 omnes
354 1302 437 1390 agri
465 1302 567 1375 villae
594 1304 734 1374 solvunt
760 1311 796 1376 et
822 1305 1018 1376 conducunt
1045 1305 1212 1377 decimam
1239 1307 1487 1396 manipularem
1509 1313 1547 1380 et
1564 1283 1764 1399 canapalem

193 1439 261 1508 pro
291 1423 518 1494 monasterio
545 1425 865 1516 sanctimonialium,
906 1433 942 1498 et
970 1426 1068 1498 valor
1094 1427 1169 1498 eius
1195 1427 1400 1499 aestimatur
1426 1427 1470 1499 ad
1498 1429 1648 1519 quinque
1674 1449 1764 1502 mar-

194 1560 266 1630 cas,
296 1549 449 1631 praeter
476 1543 563 1616 duos
589 1544 718 1635 laneos,
745 1546 936 1637 dequibus
964 1547 1111 1618 solvitur
1127 1547 1302 1625 ¹ecclesiae
1320 1555 1358 1618 et
1375 1548 1523 1639 plebano
1550 1550 1587 1620 in
1614 1549 1763 1621 Laucz-

194 1661 290 1732 sko.
322 1660 492 1736 Confluat
519 1643 728 1736 cumss'ss...
1152 1749 1154 1753 ¹
1544 1670 1551 1678 '
1697 1677 1701 1682 ’

306 1781 617 1876 Masznownczn,
644 1787 728 1857 villa
754 1787 818 1858 sub
845 1787 1010 1876 parochia
1036 1787 1079 1858 de
1105 1787 1349 1860 Lanczsko
1376 1789 1458 1879 sita,
1485 1789 1582 1861 cuius
1607 1792 1764 1881 proprie

196 1909 252 1973 tas
282 1905 447 1994 pertinet
473 1905 518 1977 ad
545 1907 747 1978 coenobium
775 1907 1088 1978 sanctimonialium
1115 1907 1411 1988 Sandeczeusium.
1438 1908 1478 1979 In
1506 1930 1575 1999 qna
1600 1916 1682 1982 sunt
1709 1931 1763 1983 se·

197 2022 315 2096 decim
345 2025 444 2097 lanei
471 2026 715 2116 cmcthouales,
742 2035 778 2100 et
804 2028 909 2110 solvit
936 2027 1082 2118 quilibet
1109 2048 1173 2117 pro
1200 2048 1306 2100 censu
1332 2049 1438 2100 unum
1464 2029 1652 2120 fertonem,
1679 2031 1763 2103 item

197 2165 308 2246 unum
339 2145 485 2237 gallum,
512 2147 595 2218 item
622 2147 709 2218 duos
736 2167 865 2250 caseos,
893 2149 975 2219 item
1002 2148 1127 2238 viginti
1153 2169 1228 2220 ova
1263 2149 1353 2220 Item
1379 2170 1482 2220 unam
1502 2149 1688 2244 potoobnm
1713 2151 1764 2221 la·

198 2267 335 2338 borant
365 2288 557 2358 provere,
595 2269 740 2340 alteram
776 2290 840 2360 pro
867 2270 1000 2362 hyeme.
1044 2269 1132 2340 Item
1159 2251 1459 2372 ratione‘osszyep
1487 2271 1592 2342 solvit
1618 2272 1764 2361 quilibet

200 2408 309 2458 unam
339 2389 503 2479 siliginis,
530 2397 567 2462 et
593 2390 679 2462 duas
698 2411 829 2462 avenae
849 2411 1029 2462 mensuras
1057 2389 1240 2480 confertas,
1267 2396 1304 2462 et
1321 2395 1471 2482 quatuor
1496 2412 1647 2482 grossos.
1675 2392 1762 2468 Item

201 2509 359 2580 taberna
387 2515 442 2580 est
469 2511 600 2582 habens
627 2533 748 2602 agros,
775 2517 810 2582 et
837 2511 941 2582 solvit
967 2530 1030 2603 pro
1058 2531 1165 2582 censu
1191 2517 1263 2582 tres
1289 2510 1449 2582 fertones.
1489 2511 1577 2583 Item
1603 2513 1764 2584 scoltetia

201 2650 272 2700 non
301 2637 372 2700 est.
401 2631 487 2702 Item
515 2633 735 2704 hortulaniae
762 2637 830 2704 non
858 2639 947 2723 sunt,
975 2633 1057 2703 item
1084 2632 1274 2721 praedium.
1309 2631 1397 2702 Item
1424 2653 1542 2704 omnes
1568 2634 1645 2722 agri
1672 2653 1763 2704 cme·

202 2750 372 2822 thonales
400 2758 436 2822 et
461 2754 627 2824 tabernae
663 2754 802 2826 solvunt
828 2759 864 2824 et
890 2754 1085 2825 conducunt
1121 2751 1289 2824 decimam
1322 2753 1571 2854 manipularem
1598 2761 1635 2824 et
1659 2775 1763 2826 cana·

204 2870 318 2960 palem
350 2893 418 2962 pro
444 2845 606 2978 episcopo
633 2872 871 2966 Gracovieusi,
908 2881 944 2945 et
971 2867 1069 2944 valor
1094 2875 1169 2944 eius
1195 2874 1401 2944 aestImatur
1430 2874 1475 2944 od
1503 2851 1763 2964 quatuordecim

203 3010 355 3064 marcas.
386 2991 546 3074 Gonfim
572 3015 648 3064 cnm
668 3049 809 3064 ......
1826 3075 1833 3086 ,

310 3112 547 3204 Scznanscu,
583 3115 667 3186 villa
702 3115 766 3186 sub
803 3115 969 3206 parochia
1005 3115 1171 3186 ecclesiae
1197 3115 1240 3185 de
1267 3113 1510 3186 Lanczsko
1545 3117 1631 3203 sita,
1667 3117 1764 3186 cuius

205 3234 410 3324 proprietas
437 3235 481 3306 ad
509 3236 784 3307 sanctimoniales
820 3236 982 3328 pertinet.
1019 3236 1058 3306 In
1086 3241 1263 3326 quaeunt
1298 3239 1447 3326 quatuor
1482 3235 1573 3306 lanei
1609 3237 1762 3307 cmctho-

205 3355 312 3446 nales,
342 3377 491 3445 quorum
518 3362 591 3428 tres
618 3357 758 3430 solvunt
785 3378 847 3448 per
874 3357 997 3446 viginti
1025 3363 1176 3447 scottos,
1204 3361 1347 3447 quartus
1373 3361 1488 3427 autem
1515 3355 1620 3428 solvit
1645 3356 1763 3429 decom

208 3457 351 3568 scottos
383 3479 465 3548 item
493 3499 597 3550 unum
624 3478 768 3568 gallum,
789 3480 871 3556 item
900 3478 986 3549 duos
1013 3499 1142 3567 caseos,
1169 3477 1253 3548 item
1280 3478 1403 3566 viginti
1430 3497 1517 3565 ova;
1542 3478 1626 3548 item
1645 3499 1764 3572 pomo·
1900 3555 1904 3561 ,

208 3594 289 3666 boor
313 3619 387 3670 non
415 3599 593 3688 laborant,
621 3620 731 3689 neque
758 3621 822 3688 pro
850 3599 990 3690 hyeme,
1018 3619 1131 3701 noque
1157 3618 1221 3687 pro
1247 3602 1391 3669 aestate.
1418 3597 1505 3668 Item
1535 3598 1682 3688 quilibet
1709 3617 1764 3668 ra-

207 3717 301 3789 tione
327 3741 469 3814 oaszyep
497 3720 601 3792 solvit
636 3741 738 3791 unam
765 3719 931 3810 siliginis,
966 3726 1003 3789 et
1030 3719 1116 3790 duas
1143 3739 1274 3789 avenae
1300 3738 1480 3788 mensuras
1507 3716 1697 3808 confertas,
1725 3723 1761 3788 et

212 3844 362 3930 quatuor
388 3861 540 3931 grossos.
566 3841 654 3914 ltem
682 3841 842 3913 scoltetia
869 3845 931 3930 est,
959 3847 995 3912 et
1014 3839 1119 3911 habet
1138 3839 1225 3910 dnos
1253 3838 1371 3908 laneos
1398 3838 1538 3926 liberos,
1564 3843 1600 3908 et
1627 3843 1762 3908 sextum

212 3959 393 4032 denarium
421 3961 464 4034 de
483 3983 606 4052 censu,
633 3964 716 4034 item
743 3963 898 4052 taberna,
925 3962 1007 4031 item
1034 3959 1221 4031 hortulani<
1247 3959 1333 4029 Item
1361 3977 1480 4029 omnes
1507 3959 1583 4046 agri
1610 3957 1764 4030 cmotho

213 4081 308 4184 noles
337 4091 374 4154 et
402 4083 610 4158 scoltetiales
646 4084 786 4156 solvunt
818 4090 854 4154 ct
882 4082 1076 4155 conducunt
1112 4080 1279 4151 decimam
1316 4077 1566 4168 manipularem
1600 4085 1636 4148 et
1662 4098 1763 4148 cana-

213 4203 324 4291 palem
352 4225 417 4296 pro
444 4206 645 4296 episcopatu
664 4202 895 4304 Gracoyiensi
923 4209 960 4274 et
979 4202 1076 4274 valor
1094 4202 1168 4272 eius
1187 4201 1390 4271 aestimatur
1408 4199 1453 4270 ad
1471 4201 1602 4290 septem
1620 4219 1764 4269 marcas.
1896 4270 1908 4282 ,

215 4321 375 4398 Continet
403 4347 478 4398 cum
498 4380 639 4396 ......
833 4299 839 4314 ³

316 4447 585 4537 Suaurnczuu,
605 4447 688 4518 villa
715 4447 779 4518 sub
806 4445 971 4536 parochia
999 4443 1166 4515 ecclesiae
1193 4443 1237 4513 de
1257 4494 1397 4512 ......
1416 4441 1493 4512 sita.
1520 4441 1561 4511 In
1588 4445 1764 4530 quaeunt

215 4563 304 4638 lanei
331 4568 583 4658 cmcthouales,
610 4574 647 4638 et
673 4566 820 4659 quilibet
848 4566 952 4637 solvit
977 4585 1041 4656 pro
1069 4583 1175 4637 censu
1202 4583 1306 4634 unum
1333 4562 1522 4652 fertonem,
1548 4563 1631 4632 item
1646 4561 1762 4630 uuum
1853 4660 1856 4668 .

120 4723 123 4730 ·
216 4665 361 4779 gallum,
389 4690 473 4764 item
499 4689 587 4760 dnos
614 4709 751 4778 emens,
788 4688 870 4758 item
898 4687 1022 4776 viginti
1050 4707 1125 4756 ova
1152 4684 1354 4775 Proprietas
1382 4683 1694 4754 sanctimonialium
1722 4682 1765 4752 de
1812 4681 1817 4688 ’

219 4805 420 4900 Antiqua
446 4809 660 4881 Sandecz.
687 4809 773 4880 Item
794 4805 979 4902 powobom
998 4827 1065 4877 non
1085 4806 1255 4894 laborant,
1283 4817 1393 4895 neque
1412 4825 1475 4908 pro
1494 4804 1627 4895 hyeme,
1653 4822 1765 4892 neque
1828 4855 1832 4862 .

219 4946 279 5014 pro
306 4937 449 5004 aestate.
476 4932 563 5002 Item
592 4929 738 5021 quilibet
756 4930 892 5002 ratione
911 4950 1026 5022 osszep
1045 4927 1150 4998 solvit
1167 4948 1269 4998 unam
1290 4926 1447 5016 siliginis,
1474 4930 1510 4996 et
1528 4925 1616 4994 duas
1634 4941 1764 4994 avenae

220 5067 394 5124 mensuras
421 5051 603 5142 confertas,
630 5058 665 5122 et
693 5055 842 5141 quatuor
859 5069 1015 5140 grossos.
1053 5048 1142 5119 Item
1169 5047 1328 5118 scoltetia
1354 5067 1423 5117 non
1450 5051 1505 5115 est
1531 5045 1567 5113 In
1594 5043 1676 5113 villa
1702 5061 1760 5112 ea·
1882 5033 1885 5040 ’

154 5207 157 5216 =
222 5167 312 5262 dem,
346 5192 457 5265 noque
483 5174 648 5262 taberna,
680 5192 794 5262 >neque
822 5171 1030 5242 hortulanis.
1066 5170 1155 5240 Item
1182 5189 1301 5240 omnes
1328 5168 1404 5257 agri
1431 5165 1535 5236 villae
1560 5163 1699 5234 solvunt
1728 5167 1764 5233 et

222 5291 409 5366 conducunt
435 5293 603 5365 decimam
630 5292 879 5382 manipularem
907 5297 943 5362 et
969 5290 1169 5379 canapalem
1197 5310 1263 5378 pro
1279 5289 1442 5376 episcopo
1469 5282 1699 5371 Cracoviensi,
1726 5289 1762 5353 et
1841 5349 1849 5366 ,
1911 5283 1917 5290 “

224 5411 314 5483 valor
336 5416 414 5486 eius
440 5417 644 5486 aestimatur
671 5413 715 5485 ad
742 5419 890 5504 quatuor
926 5431 1067 5482 marcas.
1104 5410 1192 5480 Item
1229 5429 1297 5478 non
1325 5413 1378 5478 est
1406 5404 1586 5495 praedium
1614 5405 1649 5474 in
1677 5403 1760 5474 villa
1804 5497 1808 5505 ὁ

224 5533 381 5626 praelata,
409 5537 491 5608 item
519 5556 632 5626 neque
657 5535 898 5606 molendn'num.
926 5531 1085 5602 Corrdrmt
1113 5551 1188 5600 cum
1215 5527 1453 5598 Olochaua.

319 5653 641 5744 Ocnonnnrczm,
676 5655 760 5726 villa
788 5655 851 5724 sub
878 5651 1042 5742 parochia
1069 5651 1111 5720 de
1139 5647 1379 5719 Lanczsho
1416 5647 1493 5718 sita.
1520 5645 1560 5716 In
1588 5665 1657 5737 qua
1683 5649 1764 5716 sunt
