4492 6592
506 731 581 845 4ῥῖ

503 938 649 1029 quilibet
675 936 779 1009 solvit
806 955 869 1043 pro
897 954 1003 1007 ceusu
1029 934 1178 1007 medinm
1206 954 1367 1025 marcam,
1385 934 1469 1005 item
1488 954 1563 1023 ova,
1582 934 1665 1005 item
1684 933 1805 1025 gallos,
1824 934 1913 1005 item
1931 952 2045 1025 caseus

504 1060 587 1131 item
614 1058 724 1147 labor,
751 1057 835 1128 item
857 1054 1017 1151 possode,
1043 1056 1128 1128 item
1156 1078 1302 1151 osszpcp,
1331 1056 1414 1127 item
1440 1076 1510 1127 una
1537 1054 1736 1127 hortulania
1762 1061 1835 1144 est,
1864 1053 1951 1125 item
1974 1057 2045 1127 scol-

358 1196 366 1212 *
502 1181 588 1252 tetia
614 1185 677 1270 est,
704 1198 793 1271 quae
820 1178 926 1249 babet
952 1178 1081 1251 lancos.
1108 1178 1195 1249 Item
1223 1179 1300 1268 agri
1328 1178 1430 1249 villae
1457 1178 1598 1250 solvunt
1625 1185 1661 1248 et
1679 1177 1880 1249 conducunt
1898 1175 2046 1249 decimam

502 1301 752 1393 manipularem
780 1305 816 1371 et
841 1300 1042 1391 canapalem
1069 1321 1133 1390 pro
1153 1355 1160 1369 .
1180 1354 1187 1369 .
1207 1355 1213 1369 .
1232 1300 1319 1373 Item
1346 1300 1608 1389 iuspatronatus
1635 1298 1800 1373 ecclesiae
1826 1299 1867 1369 in
1895 1297 2047 1391 Drogy·

504 1417 590 1515 nya
616 1424 723 1528 babet
750 1444 825 1493 cum
854 1422 983 1493 abbate
1010 1422 1249 1511 Ozirziczensi,
1277 1422 1498 1513 praepositus
1519 1420 1666 1493 Sanctae
1686 1420 1857 1511 Hcdvigis
1878 1420 1924 1491 de
1940 1418 2047 1491 Stra·

419 1522 425 1539 ’
504 1544 682 1636 domya,
717 1543 900 1615 alternatis
935 1544 1088 1632 vicibus,
1116 1544 1253 1619 rationo
1290 1543 1401 1615 uillae¹
1428 1542 1451 1615 J
1461 1543 1714 1633 ugowicae,
1741 1542 1786 1613 ad
1812 1542 2049 1613 monasterium

504 1650 652 1739 Sanctae
677 1664 849 1755 Hedrigis
867 1666 1092 1756 pertinentia,
1120 1665 1164 1737 de
1191 1686 1259 1756 qua
1286 1669 1429 1757 etpost
1456 1666 1655 1738 emethones
1682 1670 1719 1735 et
1745 1663 1941 1755 praedium,
1963 1662 2050 1737 datur

286 1776 290 1783 ’
398 1851 407 1861 ,
504 1787 639 1860 decima
664 1787 891 1879 manipularis
918 1788 954 1857 in
981 1786 1232 1878 Droginya.
1260 1784 1421 1859 Gonfinat
1447 1804 1524 1859 cum
1544 1840 1551 1857 .
1570 1840 1603 1857 ..

608 1910 908 1999 Buzoczormcza,
935 1908 1019 1981 uilla
1045 1909 1110 1981 sub
1138 1909 1304 1999 parocbia
1331 1910 1373 1981 de
1400 1908 1642 1999 Droginya
1668 1908 1751 1999 sita,
1778 1908 1881 1981 cuius
1909 1907 2049 1999 proprie

504 2038 560 2105 tas
587 2032 630 2103 ad
658 2032 906 2104 monasterium
932 2031 1167 2104 Ozirziczense
1195 2032 1357 2121 pertinet.
1384 2031 1433 2107 Iu·
1452 2052 1520 2121 qua
1547 2030 1744 2104 suntlanei
1762 2026 2050 2119 cmethonalesct

504 2154 609 2227 solvit
636 2153 782 2245 quilibet
809 2173 873 2245 pro
902 2172 1007 2225 censu
1024 2208 1033 2223 .
1052 2206 1060 2223 .
1078 2206 1104 2242 .,
1133 2153 1216 2225 imm
1243 2174 1318 2241 ova,
1345 2153 1429 2225 item
1455 2152 1566 2243 gallos
1584 2154 1666 2225 item
1684 2171 1824 2241 caseos;
1853 2151 1941 2223 item
1959 2151 2049 2241 labor,

503 2276 587 2345 item
616 2271 783 2369 muodo,
812 2273 896 2344 item
923 2295 1079 2370 oaaayep,
1106 2274 1188 2345 item
1217 2274 1403 2364 tabernae,
1430 2273 1512 2345 item
1541 2273 1734 2363 hortulani,
1761 2274 1845 2345 item
1876 2271 2049 2363 praedium

474 2410 479 2417 ·
503 2398 591 2468 Item
617 2397 694 2487 agri
721 2396 824 2468 villae
861 2395 1002 2467 solvunt
1037 2401 1074 2467 et
1100 2396 1298 2469 conducunt
1325 2394 1492 2468 decimam
1520 2395 1770 2486 manipularem
1798 2401 1835 2469 et
1864 2394 2050 2485 canapalem

315 2549 317 2557 ·
435 2530 444 2547 '
504 2517 1012 2609 pro...Gonfinateum...

606 2638 837 2729 Ponowrczn,
864 2638 947 2711 villa
972 2638 1038 2711 snb
1063 2638 1244 2729 parocbia.
1257 2638 1300 2711 de
1315 2692 1429 2709 .....
1448 2600 1526 2728 sita,
1553 2639 1650 2712 cuius
1677 2639 1890 2731 proprietas
1906 2659 1969 2729 pro
1993 2658 2047 2711 uua
2125 2692 2126 2695 ,

463 2820 470 2837 .
503 2765 599 2833 sorte
625 2760 669 2833 ad
697 2760 945 2837 monasterium
972 2759 1254 2845 Waucboozenae
1282 2760 1705 2853 pertinetpertinereque
1731 2760 1838 2833 debet
1858 2816 1866 2829 .
1887 2814 1922 2829 ..

707 3022 908 3105 Declmae
942 3023 1228 3127 manipulares
1261 3026 1504 3107 monastertl
1534 3021 1865 3106 Ozlrzlozenale.

606 3242 961 3323 Posznscnowuczn
985 3243 1153 3334 primum,
1182 3243 1266 3315 villa
1301 3244 1364 3317 sub
1401 3244 1566 3335 parocbia
1601 3244 1644 3316 de
1671 3244 2043 3319 Raazocbowiczc

504 3367 582 3457 sita,
605 3365 706 3437 cuius
732 3364 900 3437 haeredes
935 3364 1210 3437 Stanislaus
1246 3372 1282 3437 et
1309 3362 1553 3439 lohannes¹
1572 3368 1730 3463 germani
1756 3366 1799 3439 de
1827 3368 2044 3459 Brzeszye

443 3537 447 3550 .
504 3486 548 3559 de
574 3487 677 3559 domo
704 3486 1009 3559 Flammarum
1035 3486 1125 3559 alias
1150 3486 1339 3559 Zadora.
1374 3487 1415 3559 ln
1443 3508 1511 3579 qua
1537 3494 1619 3561 sunt
1645 3488 1737 3562 lanei
1763 3470 1996 3564 cmctbonales
2017 3494 2044 3559 et

503 3610 547 3681 de
574 3609 734 3681 omnibus
761 3608 908 3681 solvitur
933 3614 970 3681 et
996 3609 1201 3683 conducitur
1227 3608 1361 3683 decima
1387 3610 1612 3701 manipularis
1639 3616 1675 3683 et
1702 3612 1882 3701 canapalia
1909 3632 1970 3701 pro
1986 3632 2042 3681 mo

504 3730 659 3803 nasterio
686 3728 923 3820 Gairziczensi,
949 3737 987 3803 et
1014 3731 1111 3805 valor
1139 3732 1213 3805 eius
1239 3731 1445 3811 aestimatur
1471 3731 1515 3803 ad
1535 3786 1542 3801 .
1561 3786 1569 3801 .
1588 3786 1622 3803 ..
1651 3732 1735 3805 item
1763 3733 1951 3822 tabernae,
1976 3732 2042 3820 item

505 3852 692 3942 hortulani,
719 3852 802 3923 item
830 3850 1019 3942 praedium,
1046 3853 1131 3925 item
1159 3852 1401 3925 molendinum.
1537 3876 1549 3901 ⁰
1998 3866 2001 3874 ’

609 3972 964 4057 Posanacuowucnu
991 3972 1190 4063 secundum,
1217 3973 1301 4045 villa
1327 3973 1391 4045 sub
1418 3974 1584 4077 parochia
1610 3974 1653 4045 de
1671 3968 2041 4047 Raozecbouicze

372 4091 379 4113 '
505 4094 582 4183 sita,
609 4094 707 4167 cuius
733 4094 901 4165 haeredes
928 4094 1198 4167 Stanislaus
1234 4101 1270 4167 et
1295 4093 1535 4167 Jobannos
1563 4095 1730 4171 haeredes
1756 4095 1800 4167 de
1828 4096 2041 4184 Brzesryc

504 4214 547 4287 de
582 4214 684 4288 domo
720 4213 1031 4296 Flammarum.
1071 4215 1112 4326 lp
1150 4237 1218 4306 qua
1253 4221 1334 4287 sunt
1369 4216 1461 4303 lanei
1488 4216 1741 4307 emetbouales,
1767 4220 1804 4287 et
1830 4216 1875 4288 de
1903 4216 2039 4289 omnibus

506 4335 717 4407 soluitur-et
742 4335 948 4407 conducitur
975 4336 1109 4408 decima
1137 4336 1361 4427 manipularis
1388 4341 1424 4407 et
1451 4337 1626 4429 caarapalis
1653 4358 1717 4428 pro
1739 4317 1956 4411 ¹monasterio
1979 4334 2039 4407 Gri-

505 4458 683 4546 rziczensi,
709 4462 748 4528 et
774 4456 874 4529 valor
900 4458 1209 4533 eiusaestimatur
1235 4458 1280 4530 ad
1299 4510 1433 4535 ......
1441 4457 1530 4531 Item
1557 4459 1733 4549 tabernae,
1760 4460 1845 4533 item
1874 4456 2039 4545 hortulani,

504 4579 588 4651 item
615 4577 804 4668 praedium.

609 4698 779 4789 Vunzon,
806 4699 889 4771 villa
915 4701 979 4773 sub
998 4701 1172 4791 'parochia
1199 4700 1242 4773 de
1270 4700 1574 4792 Wysanyowa.
1601 4684 1652 4773 In
1670 4722 1738 4793 qua
1756 4708 1839 4775 sunt
1857 4702 1948 4775 lanei
1965 4719 2037 4773 cmc-

503 4820 675 4911 thonales,
702 4820 808 4893 etde
836 4822 996 4895 omnibus
1023 4802 1172 4895 soluitur
1198 4829 1244 4905 et¹
1260 4822 1465 4906 conducitur
1493 4824 1626 4897 decima
1653 4824 1882 4915 manipularis
1900 4831 1935 4897 ct
1951 4806 2035 4895 cana·

353 5014 357 5019 .
501 4944 591 5035 palis
616 4965 681 5034 pro
707 4944 917 5015 monasterio
944 4943 1180 5034 Ozirziczensi,
1207 4952 1243 5017 et
1271 4945 1367 5018 valor
1394 4946 1469 5018 eius
1496 4947 1701 5019 aestimatur
1727 4947 1797 5019 ad.
1817 5002 1825 5015 .
1845 5001 1880 5019 ..
1900 4970 1935 5035 .;
1968 4946 2033 5015 item

504 5066 660 5157 taberna,
687 5066 769 5137 item
797 5065 984 5155 bortulani,
1011 5068 1094 5139 item
1122 5066 1302 5157 praedium
1330 5068 1413 5139 item
1440 5067 1704 5163 molendinum.

728 5329 930 5413 Decimae
962 5330 1198 5413 tertonalea
1231 5332 1475 5412 monaster-lt
1510 5328 1839 5413 Ozlrzlezeuela.

609 5552 755 5624 ernm
782 5552 1029 5643 Vmczuoram,
1056 5553 1140 5625 villa
1167 5553 1231 5625 sub
1258 5554 1424 5644 parocbia
1451 5553 1494 5627 de
1521 5552 1820 5647 Wysznyowa
1847 5556 1932 5641 sita,
1956 5550 2032 5625 cuius

505 5670 674 5743 haeredes
699 5672 722 5745 J
732 5673 938 5745 ohannes
965 5680 1001 5745 et
1028 5673 1257 5747 Derslaus
1285 5675 1419 5747 nobiles
1446 5674 1489 5746 de
1516 5676 1622 5747 armis
1642 5731 1648 5745 .
1668 5731 1675 5745 .
1696 5730 1701 5744 .
1721 5676 1761 5747 Iu
1781 5696 1849 5765 qua
1866 5682 1944 5747 sunt
1959 5667 2031 5745 lanei
