<?xml version="1.0" encoding="UTF-8"?>
<!DOCTYPE html PUBLIC "-//W3C//DTD XHTML 1.0 Transitional//EN"
    "http://www.w3.org/TR/xhtml1/DTD/xhtml1-transitional.dtd">
<html xmlns="http://www.w3.org/1999/xhtml" xml:lang="en" lang="en">
 <head>
  <title>
</title>
<meta http-equiv="Content-Type" content="text/html;charset=utf-8" />
  <meta name='ocr-system' content='tesseract 3.04.00' />
  <meta name='ocr-capabilities' content='ocr_page ocr_carea ocr_par ocr_line ocrx_word'/>
</head>
<body>
  <div class='ocr_page' id='page_1' title='image "./operaomnia00paulgoog_0217.png"; bbox 0 0 4492 6592; ppageno 0'>
   <div class='ocr_carea' id='block_1_1' title="bbox 524 718 697 788">
    <p class='ocr_par' dir='ltr' id='par_1_1' title="bbox 524 718 697 788">
     <span class='ocr_line' id='line_1_1' title="bbox 524 718 697 788; baseline 0 -1"><span class='ocrx_word' id='word_1_1' title='bbox 524 718 599 788; x_wconf 71' lang='lat'>202</span> <span class='ocrx_word' id='word_1_2' title='bbox 690 765 697 768; x_wconf 97' lang='lat'>-</span> 
     </span>
    </p>
   </div>
   <div class='ocr_carea' id='block_1_2' title="bbox 369 919 2141 4905">
    <p class='ocr_par' dir='ltr' id='par_1_2' title="bbox 505 919 2071 1499">
     <span class='ocr_line' id='line_1_2' title="bbox 524 919 2069 1010; baseline 0.003 -17"><span class='ocrx_word' id='word_1_3' title='bbox 524 929 579 994; x_wconf 89' lang='lat' dir='ltr'>est</span> <span class='ocrx_word' id='word_1_4' title='bbox 606 922 738 994; x_wconf 82' lang='lat' dir='ltr'>babens</span> <span class='ocrx_word' id='word_1_5' title='bbox 766 921 853 992; x_wconf 87' lang='lat' dir='ltr'>duos</span> <span class='ocrx_word' id='word_1_6' title='bbox 880 920 998 990; x_wconf 82' lang='lat' dir='ltr'>laneos</span> <span class='ocrx_word' id='word_1_7' title='bbox 1026 925 1062 990; x_wconf 90' lang='lat' dir='ltr'>et</span> <span class='ocrx_word' id='word_1_8' title='bbox 1088 919 1258 992; x_wconf 78' lang='lat' dir='ltr'>decimam</span> <span class='ocrx_word' id='word_1_9' title='bbox 1285 920 1400 1010; x_wconf 81' lang='lat' dir='ltr'>soluit3</span> <span class='ocrx_word' id='word_1_10' title='bbox 1439 921 1523 992; x_wconf 84' lang='lat' dir='ltr'>item</span> <span class='ocrx_word' id='word_1_11' title='bbox 1548 921 1592 992; x_wconf 90' lang='lat' dir='ltr'>de</span> <span class='ocrx_word' id='word_1_12' title='bbox 1618 942 1725 993; x_wconf 85' lang='lat' dir='ltr'>oensu</span> <span class='ocrx_word' id='word_1_13' title='bbox 1751 921 1858 994; x_wconf 81' lang='lat' dir='ltr'>villae</span> <span class='ocrx_word' id='word_1_14' title='bbox 1878 975 1886 990; x_wconf 93' lang='lat'><strong><em>.</em></strong></span> <span class='ocrx_word' id='word_1_15' title='bbox 1906 976 1914 990; x_wconf 91' lang='lat'><strong>.</strong></span> <span class='ocrx_word' id='word_1_16' title='bbox 1933 975 1968 990; x_wconf 92' lang='lat'>..</span> <span class='ocrx_word' id='word_1_17' title='bbox 1992 922 2069 998; x_wconf 68' lang='lat' dir='ltr'>neu</span> 
     </span>
     <span class='ocr_line' id='line_1_3' title="bbox 505 1040 2071 1134; baseline 0.002 -20"><span class='ocrx_word' id='word_1_18' title='bbox 505 1042 701 1134; x_wconf 80' lang='lat' dir='ltr'>praedium</span> <span class='ocrx_word' id='word_1_19' title='bbox 730 1047 785 1112; x_wconf 89' lang='lat' dir='ltr'>est</span> <span class='ocrx_word' id='word_1_20' title='bbox 811 1041 860 1112; x_wconf 91' lang='lat' dir='ltr'>ibi</span> <span class='ocrx_word' id='word_1_21' title='bbox 887 1061 993 1110; x_wconf 90' lang='lat' dir='ltr'>unum</span> <span class='ocrx_word' id='word_1_22' title='bbox 1021 1040 1238 1130; x_wconf 77' lang='lat' dir='ltr'>coenobiale,</span> <span class='ocrx_word' id='word_1_23' title='bbox 1274 1040 1317 1112; x_wconf 90' lang='lat' dir='ltr'>de</span> <span class='ocrx_word' id='word_1_24' title='bbox 1344 1063 1412 1131; x_wconf 93' lang='lat' dir='ltr'>quo</span> <span class='ocrx_word' id='word_1_25' title='bbox 1440 1041 1526 1112; x_wconf 87' lang='lat' dir='ltr'>nulli</span> <span class='ocrx_word' id='word_1_26' title='bbox 1554 1041 1722 1131; x_wconf 84' lang='lat' dir='ltr'>decimat,</span> <span class='ocrx_word' id='word_1_27' title='bbox 1758 1042 1927 1114; x_wconf 78' lang='lat' dir='ltr'>sedeam</span> <span class='ocrx_word' id='word_1_28' title='bbox 1955 1053 2016 1133; x_wconf 80' lang='lat' dir='ltr'>pre</span> <span class='ocrx_word' id='word_1_29' title='bbox 2039 1065 2071 1118; x_wconf 80' lang='lat' dir='ltr'>te</span> 
     </span>
     <span class='ocr_line' id='line_1_4' title="bbox 523 1162 2071 1260; baseline 0.001 -24"><span class='ocrx_word' id='word_1_30' title='bbox 523 1163 625 1236; x_wconf 89' lang='lat' dir='ltr'>tollit.</span> <span class='ocrx_word' id='word_1_31' title='bbox 665 1163 754 1234; x_wconf 84' lang='lat' dir='ltr'><strong>Item</strong></span> <span class='ocrx_word' id='word_1_32' title='bbox 781 1168 836 1234; x_wconf 86' lang='lat' dir='ltr'>est</span> <span class='ocrx_word' id='word_1_33' title='bbox 862 1162 912 1234; x_wconf 92' lang='lat' dir='ltr'>ibi</span> <span class='ocrx_word' id='word_1_34' title='bbox 940 1162 1191 1252; x_wconf 81' lang='lat' dir='ltr'>molendinum,</span> <span class='ocrx_word' id='word_1_35' title='bbox 1226 1162 1271 1234; x_wconf 91' lang='lat' dir='ltr'>de</span> <span class='ocrx_word' id='word_1_36' title='bbox 1297 1183 1366 1252; x_wconf 92' lang='lat' dir='ltr'>quo</span> <span class='ocrx_word' id='word_1_37' title='bbox 1392 1163 1576 1234; x_wconf 83' lang='lat' dir='ltr'>solvuntur</span> <span class='ocrx_word' id='word_1_38' title='bbox 1604 1165 2071 1260; x_wconf 29' lang='lat' dir='ltr'>monasterio-metretaein</span> 
     </span>
     <span class='ocr_line' id='line_1_5' title="bbox 521 1283 2070 1376; baseline 0.001 -20"><span class='ocrx_word' id='word_1_39' title='bbox 521 1306 641 1376; x_wconf 78' lang='lat' dir='ltr'>grano.</span> <span class='ocrx_word' id='word_1_40' title='bbox 669 1283 923 1356; x_wconf 81' lang='lat' dir='ltr'>Confinutoum</span> <span class='ocrx_word' id='word_1_41' title='bbox 941 1284 1236 1376; x_wconf 82' lang='lat' dir='ltr'>Kauyeezyn,</span> <span class='ocrx_word' id='word_1_42' title='bbox 1259 1283 1477 1374; x_wconf 66' lang='lat' dir='ltr'>Zagurae,</span> <span class='ocrx_word' id='word_1_43' title='bbox 1502 1283 1724 1376; x_wconf 75' lang='lat' dir='ltr'>Jodlowe,</span> <span class='ocrx_word' id='word_1_44' title='bbox 1750 1284 2070 1376; x_wconf 80' lang='lat' dir='ltr'>Przedeziezr,</span> 
     </span>
     <span class='ocr_line' id='line_1_6' title="bbox 524 1405 1153 1499; baseline -0.005 -23"><span class='ocrx_word' id='word_1_45' title='bbox 524 1405 869 1499; x_wconf 80' lang='lat' dir='ltr'>Strygorzieze.</span> <span class='ocrx_word' id='word_1_46' title='bbox 1149 1483 1153 1491; x_wconf 51' lang='grc'><em>,</em></span> 
     </span>
    </p>

    <p class='ocr_par' dir='ltr' id='par_1_3' title="bbox 369 1524 2141 3097">
     <span class='ocr_line' id='line_1_7' title="bbox 626 1524 2071 1617; baseline 0.001 -19"><span class='ocrx_word' id='word_1_47' title='bbox 626 1526 912 1615; x_wconf 80' lang='lat' dir='ltr'>anwunezrn,</span> <span class='ocrx_word' id='word_1_48' title='bbox 939 1525 1023 1597; x_wconf 87' lang='lat' dir='ltr'>ville</span> <span class='ocrx_word' id='word_1_49' title='bbox 1049 1525 1113 1598; x_wconf 83' lang='lat' dir='ltr'>sub</span> <span class='ocrx_word' id='word_1_50' title='bbox 1142 1525 1309 1616; x_wconf 83' lang='lat' dir='ltr'>parocbia</span> <span class='ocrx_word' id='word_1_51' title='bbox 1332 1524 1377 1597; x_wconf 92' lang='lat' dir='ltr'>de</span> <span class='ocrx_word' id='word_1_52' title='bbox 1403 1525 1850 1617; x_wconf 56' lang='lat' dir='ltr'>Przedcziczaoito,</span> <span class='ocrx_word' id='word_1_53' title='bbox 1869 1527 1972 1600; x_wconf 71' lang='lat' dir='ltr'>etiae</span> <span class='ocrx_word' id='word_1_54' title='bbox 2001 1549 2071 1617; x_wconf 82' lang='lat' dir='ltr'>pro</span> 
     </span>
     <span class='ocr_line' id='line_1_8' title="bbox 523 1644 2071 1737; baseline 0.001 -19"><span class='ocrx_word' id='word_1_55' title='bbox 523 1647 655 1737; x_wconf 79' lang='lat' dir='ltr'>prietes</span> <span class='ocrx_word' id='word_1_56' title='bbox 682 1646 725 1717; x_wconf 86' lang='lat' dir='ltr'>ad</span> <span class='ocrx_word' id='word_1_57' title='bbox 753 1646 1001 1718; x_wconf 85' lang='lat' dir='ltr'>monasterium</span> <span class='ocrx_word' id='word_1_58' title='bbox 1029 1644 1236 1718; x_wconf 82' lang='lat' dir='ltr'>Thincieuee</span> <span class='ocrx_word' id='word_1_59' title='bbox 1263 1645 1424 1736; x_wconf 87' lang='lat' dir='ltr'>pertinet.</span> <span class='ocrx_word' id='word_1_60' title='bbox 1451 1646 1492 1716; x_wconf 93' lang='lat' dir='ltr'>ln</span> <span class='ocrx_word' id='word_1_61' title='bbox 1518 1667 1588 1736; x_wconf 84' lang='lat' dir='ltr'>quc</span> <span class='ocrx_word' id='word_1_62' title='bbox 1614 1653 1698 1718; x_wconf 85' lang='lat' dir='ltr'>sunt</span> <span class='ocrx_word' id='word_1_63' title='bbox 1714 1653 1850 1737; x_wconf 88' lang='lat' dir='ltr'>septem</span> <span class='ocrx_word' id='word_1_64' title='bbox 1880 1646 1976 1719; x_wconf 86' lang='lat' dir='ltr'>lanei</span> <span class='ocrx_word' id='word_1_65' title='bbox 1992 1667 2071 1720; x_wconf 72' lang='lat' dir='ltr'>mo</span> 
     </span>
     <span class='ocr_line' id='line_1_9' title="bbox 469 1765 2073 1860; baseline 0.001 -20"><span class='ocrx_word' id='word_1_66' title='bbox 469 1773 470 1776; x_wconf 75' lang='grc'>’</span> <span class='ocrx_word' id='word_1_67' title='bbox 523 1768 684 1840; x_wconf 86' lang='lat' dir='ltr'>thonales</span> <span class='ocrx_word' id='word_1_68' title='bbox 712 1767 1041 1858; x_wconf 83' lang='lat' dir='ltr'>sivehortulaniae,</span> <span class='ocrx_word' id='word_1_69' title='bbox 1069 1788 1159 1858; x_wconf 88' lang='lat' dir='ltr'>quae</span> <span class='ocrx_word' id='word_1_70' title='bbox 1177 1767 1315 1839; x_wconf 82' lang='lat' dir='ltr'>solvunt</span> <span class='ocrx_word' id='word_1_71' title='bbox 1340 1787 1405 1858; x_wconf 89' lang='lat' dir='ltr'>pro</span> <span class='ocrx_word' id='word_1_72' title='bbox 1423 1787 1527 1839; x_wconf 87' lang='lat' dir='ltr'>censu</span> <span class='ocrx_word' id='word_1_73' title='bbox 1553 1788 1674 1840; x_wconf 79' lang='lat' dir='ltr'>omues</span> <span class='ocrx_word' id='word_1_74' title='bbox 1700 1773 1834 1860; x_wconf 77' lang='lat' dir='ltr'>septem</span> <span class='ocrx_word' id='word_1_75' title='bbox 1861 1765 2073 1842; x_wconf 80' lang='lat' dir='ltr'>hortulaniae</span> 
     </span>
     <span class='ocr_line' id='line_1_10' title="bbox 488 1888 2072 1980; baseline 0 -18"><span class='ocrx_word' id='word_1_76' title='bbox 488 1891 491 1902; x_wconf 89' lang='lat'>&#39;</span> <span class='ocrx_word' id='word_1_77' title='bbox 523 1911 628 1962; x_wconf 82' lang='lat' dir='ltr'>unam</span> <span class='ocrx_word' id='word_1_78' title='bbox 655 1910 806 1962; x_wconf 81' lang='lat' dir='ltr'>marcam</span> <span class='ocrx_word' id='word_1_79' title='bbox 833 1895 987 1978; x_wconf 83' lang='lat' dir='ltr'>tentum,</span> <span class='ocrx_word' id='word_1_80' title='bbox 1024 1889 1106 1960; x_wconf 89' lang='lat' dir='ltr'>item</span> <span class='ocrx_word' id='word_1_81' title='bbox 1134 1910 1200 1962; x_wconf 81' lang='lat' dir='ltr'>ovo</span> <span class='ocrx_word' id='word_1_82' title='bbox 1226 1888 1427 1979; x_wconf 81' lang='lat' dir='ltr'>duodecim,</span> <span class='ocrx_word' id='word_1_83' title='bbox 1452 1889 1537 1960; x_wconf 88' lang='lat' dir='ltr'>item</span> <span class='ocrx_word' id='word_1_84' title='bbox 1563 1889 1677 1980; x_wconf 83' lang='lat' dir='ltr'>gallos</span> <span class='ocrx_word' id='word_1_85' title='bbox 1701 1889 1808 1979; x_wconf 82' lang='lat' dir='ltr'>duos,</span> <span class='ocrx_word' id='word_1_86' title='bbox 1834 1889 1925 1962; x_wconf 88' lang='lat' dir='ltr'>item</span> <span class='ocrx_word' id='word_1_87' title='bbox 1953 1910 2072 1980; x_wconf 77' lang='lat' dir='ltr'>uraeoo,</span> 
     </span>
     <span class='ocr_line' id='line_1_11' title="bbox 476 2007 2071 2106; baseline 0.003 -25"><span class='ocrx_word' id='word_1_88' title='bbox 476 2041 482 2048; x_wconf 85' lang='grc'><em>·</em></span> <span class='ocrx_word' id='word_1_89' title='bbox 524 2012 608 2082; x_wconf 90' lang='lat' dir='ltr'>item</span> <span class='ocrx_word' id='word_1_90' title='bbox 636 2011 797 2083; x_wconf 79' lang='lat' dir='ltr'>laborant</span> <span class='ocrx_word' id='word_1_91' title='bbox 822 2007 988 2106; x_wconf 70' lang='lat' dir='ltr'>increpui,</span> <span class='ocrx_word' id='word_1_92' title='bbox 1016 2009 1167 2100; x_wconf 79' lang='lat' dir='ltr'>arando,</span> <span class='ocrx_word' id='word_1_93' title='bbox 1193 2009 1623 2100; x_wconf 64' lang='lat' dir='ltr'>mmmmm-metendo,</span> <span class='ocrx_word' id='word_1_94' title='bbox 1649 2010 1897 2101; x_wconf 77' lang='lat' dir='ltr'>conducendo3</span> <span class='ocrx_word' id='word_1_95' title='bbox 1928 2011 2010 2082; x_wconf 71' lang='lat' dir='ltr'>itmu</span> <span class='ocrx_word' id='word_1_96' title='bbox 2032 2011 2071 2086; x_wconf 86' lang='lat' dir='ltr'>ad</span> 
     </span>
     <span class='ocr_line' id='line_1_12' title="bbox 519 2130 2071 2228; baseline 0 -23"><span class='ocrx_word' id='word_1_97' title='bbox 519 2130 706 2228; x_wconf 73' lang='lat' dir='ltr'>ponebam</span> <span class='ocrx_word' id='word_1_98' title='bbox 723 2187 864 2221; x_wconf 90' lang='grc'><strong>......</strong></span> <span class='ocrx_word' id='word_1_99' title='bbox 891 2133 973 2204; x_wconf 88' lang='lat' dir='ltr'>item</span> <span class='ocrx_word' id='word_1_100' title='bbox 1001 2133 1149 2206; x_wconf 76' lang='lat' dir='ltr'>taberne</span> <span class='ocrx_word' id='word_1_101' title='bbox 1175 2138 1229 2204; x_wconf 79' lang='lat' dir='ltr'>eet</span> <span class='ocrx_word' id='word_1_102' title='bbox 1256 2133 1389 2205; x_wconf 81' lang='lat' dir='ltr'>babens</span> <span class='ocrx_word' id='word_1_103' title='bbox 1414 2153 1527 2224; x_wconf 74' lang='lat' dir='ltr'>egros,</span> <span class='ocrx_word' id='word_1_104' title='bbox 1553 2137 1591 2203; x_wconf 89' lang='lat' dir='ltr'>et</span> <span class='ocrx_word' id='word_1_105' title='bbox 1617 2131 1720 2205; x_wconf 81' lang='lat' dir='ltr'>solvit</span> <span class='ocrx_word' id='word_1_106' title='bbox 1739 2185 1856 2222; x_wconf 91' lang='lat'>.....</span> <span class='ocrx_word' id='word_1_107' title='bbox 1888 2133 1975 2204; x_wconf 86' lang='lat' dir='ltr'>item</span> <span class='ocrx_word' id='word_1_108' title='bbox 2000 2134 2071 2206; x_wconf 80' lang='lat' dir='ltr'>lior-</span> 
     </span>
     <span class='ocr_line' id='line_1_13' title="bbox 524 2253 2141 2358; baseline 0.002 -33"><span class='ocrx_word' id='word_1_109' title='bbox 524 2254 676 2326; x_wconf 83' lang='lat' dir='ltr'>tulaniee</span> <span class='ocrx_word' id='word_1_110' title='bbox 716 2275 784 2325; x_wconf 91' lang='lat' dir='ltr'>non</span> <span class='ocrx_word' id='word_1_111' title='bbox 813 2259 912 2343; x_wconf 82' lang='lat' dir='ltr'>sunt,</span> <span class='ocrx_word' id='word_1_112' title='bbox 948 2253 1181 2326; x_wconf 86' lang='lat' dir='ltr'>molendinum</span> <span class='ocrx_word' id='word_1_113' title='bbox 1221 2274 1290 2326; x_wconf 91' lang='lat' dir='ltr'>nou</span> <span class='ocrx_word' id='word_1_114' title='bbox 1331 2261 1401 2342; x_wconf 82' lang='lat' dir='ltr'>eet,</span> <span class='ocrx_word' id='word_1_115' title='bbox 1437 2254 1521 2326; x_wconf 86' lang='lat' dir='ltr'>itam</span> <span class='ocrx_word' id='word_1_116' title='bbox 1561 2253 1740 2344; x_wconf 77' lang='lat' dir='ltr'>praedium</span> <span class='ocrx_word' id='word_1_117' title='bbox 1776 2275 1845 2328; x_wconf 88' lang='lat' dir='ltr'>nou</span> <span class='ocrx_word' id='word_1_118' title='bbox 1882 2259 1949 2326; x_wconf 81' lang='lat' dir='ltr'>&#39;eet</span> <span class='ocrx_word' id='word_1_119' title='bbox 1988 2255 2069 2328; x_wconf 78' lang='lat' dir='ltr'>liam</span> <span class='ocrx_word' id='word_1_120' title='bbox 2140 2355 2141 2358; x_wconf 8' lang='grc' dir='ltr'><strong>Ἴ</strong></span> 
     </span>
     <span class='ocr_line' id='line_1_14' title="bbox 524 2353 2141 2466; baseline 0 -18"><span class='ocrx_word' id='word_1_121' title='bbox 524 2395 642 2448; x_wconf 82' lang='lat' dir='ltr'>omnes</span> <span class='ocrx_word' id='word_1_122' title='bbox 669 2374 761 2446; x_wconf 85' lang='lat' dir='ltr'>lanei</span> <span class='ocrx_word' id='word_1_123' title='bbox 788 2374 1023 2446; x_wconf 84' lang='lat' dir='ltr'>cmetbonoles</span> <span class='ocrx_word' id='word_1_124' title='bbox 1051 2374 1192 2448; x_wconf 82' lang='lat' dir='ltr'>solvunt</span> <span class='ocrx_word' id='word_1_125' title='bbox 1217 2373 1387 2446; x_wconf 77' lang='lat' dir='ltr'>decimam</span> <span class='ocrx_word' id='word_1_126' title='bbox 1413 2353 1629 2466; x_wconf 80' lang='lat' dir='ltr'>pecudialem</span> <span class='ocrx_word' id='word_1_127' title='bbox 1656 2377 1720 2466; x_wconf 84' lang='lat' dir='ltr'>pro</span> <span class='ocrx_word' id='word_1_128' title='bbox 1739 2375 1957 2452; x_wconf 71' lang='lat' dir='ltr'>monasterio</span> <span class='ocrx_word' id='word_1_129' title='bbox 1975 2375 2071 2448; x_wconf 80' lang='lat' dir='ltr'>Thin·</span> <span class='ocrx_word' id='word_1_130' title='bbox 2140 2452 2141 2457; x_wconf 59' lang='grc'>,</span> 
     </span>
     <span class='ocr_line' id='line_1_15' title="bbox 523 2496 2141 2589; baseline 0.002 -21"><span class='ocrx_word' id='word_1_131' title='bbox 523 2497 649 2586; x_wconf 87' lang='lat' dir='ltr'>ciensi,</span> <span class='ocrx_word' id='word_1_132' title='bbox 686 2517 749 2587; x_wconf 90' lang='lat' dir='ltr'>per</span> <span class='ocrx_word' id='word_1_133' title='bbox 776 2516 836 2568; x_wconf 86' lang='lat' dir='ltr'>sex</span> <span class='ocrx_word' id='word_1_134' title='bbox 861 2516 1004 2586; x_wconf 78' lang='lat' dir='ltr'>grossos</span> <span class='ocrx_word' id='word_1_135' title='bbox 1029 2496 1066 2568; x_wconf 88' lang='lat' dir='ltr'>in</span> <span class='ocrx_word' id='word_1_136' title='bbox 1094 2496 1438 2568; x_wconf 74' lang='lat' dir='ltr'>monetaeommuni.</span> <span class='ocrx_word' id='word_1_137' title='bbox 1473 2496 1562 2578; x_wconf 83' lang='lat' dir='ltr'>ltem</span> <span class='ocrx_word' id='word_1_138' title='bbox 1588 2496 1749 2569; x_wconf 80' lang='lat' dir='ltr'>scoltetia</span> <span class='ocrx_word' id='word_1_139' title='bbox 1773 2504 1830 2589; x_wconf 82' lang='lat' dir='ltr'>eet</span> <span class='ocrx_word' id='word_1_140' title='bbox 1855 2498 1921 2586; x_wconf 81' lang='lat' dir='ltr'>ibi,</span> <span class='ocrx_word' id='word_1_141' title='bbox 1946 2497 2067 2570; x_wconf 77' lang='lat' dir='ltr'>babmo</span> <span class='ocrx_word' id='word_1_142' title='bbox 2140 2518 2141 2521; x_wconf 71' lang='grc'>’</span> 
     </span>
     <span class='ocr_line' id='line_1_16' title="bbox 523 2615 2067 2708; baseline 0.001 -19"><span class='ocrx_word' id='word_1_143' title='bbox 523 2617 609 2689; x_wconf 85' lang='lat' dir='ltr'>duos</span> <span class='ocrx_word' id='word_1_144' title='bbox 636 2617 764 2688; x_wconf 73' lang='lat' dir='ltr'>lunone</span> <span class='ocrx_word' id='word_1_145' title='bbox 783 2622 817 2688; x_wconf 88' lang='lat' dir='ltr'>et</span> <span class='ocrx_word' id='word_1_146' title='bbox 845 2617 950 2688; x_wconf 84' lang='lat' dir='ltr'>solvit</span> <span class='ocrx_word' id='word_1_147' title='bbox 977 2617 1183 2688; x_wconf 81' lang='lat' dir='ltr'>decimum...</span> <span class='ocrx_word' id='word_1_148' title='bbox 1201 2617 1291 2687; x_wconf 87' lang='lat' dir='ltr'>Item</span> <span class='ocrx_word' id='word_1_149' title='bbox 1319 2615 1362 2688; x_wconf 90' lang='lat' dir='ltr'>de</span> <span class='ocrx_word' id='word_1_150' title='bbox 1388 2637 1494 2690; x_wconf 77' lang='lat' dir='ltr'>censu</span> <span class='ocrx_word' id='word_1_151' title='bbox 1520 2617 1624 2690; x_wconf 79' lang='lat' dir='ltr'>villae</span> <span class='ocrx_word' id='word_1_152' title='bbox 1650 2618 1778 2708; x_wconf 73' lang='lat' dir='ltr'>occipit</span> <span class='ocrx_word' id='word_1_153' title='bbox 1802 2618 1976 2696; x_wconf 73' lang='lat' dir='ltr'>scoltetua</span> <span class='ocrx_word' id='word_1_154' title='bbox 1999 2625 2067 2691; x_wconf 87' lang='lat' dir='ltr'>ecte</span> 
     </span>
     <span class='ocr_line' id='line_1_17' title="bbox 522 2732 2141 2831; baseline 0.001 -22"><span class='ocrx_word' id='word_1_155' title='bbox 522 2757 672 2828; x_wconf 82' lang='lat' dir='ltr'>grossos,</span> <span class='ocrx_word' id='word_1_156' title='bbox 698 2743 736 2808; x_wconf 91' lang='lat' dir='ltr'>et</span> <span class='ocrx_word' id='word_1_157' title='bbox 762 2737 867 2810; x_wconf 83' lang='lat' dir='ltr'>solvit</span> <span class='ocrx_word' id='word_1_158' title='bbox 892 2738 1013 2810; x_wconf 76' lang='lat' dir='ltr'>abbati</span> <span class='ocrx_word' id='word_1_159' title='bbox 1053 2757 1118 2826; x_wconf 89' lang='lat' dir='ltr'>pro</span> <span class='ocrx_word' id='word_1_160' title='bbox 1145 2732 1291 2831; x_wconf 71' lang='lat' dir='ltr'>obyedne</span> <span class='ocrx_word' id='word_1_161' title='bbox 1318 2758 1379 2810; x_wconf 84' lang='lat' dir='ltr'>sex</span> <span class='ocrx_word' id='word_1_162' title='bbox 1403 2758 1566 2827; x_wconf 59' lang='lat' dir='ltr'>grossum</span> <span class='ocrx_word' id='word_1_163' title='bbox 1601 2739 1686 2810; x_wconf 80' lang='lat' dir='ltr'>item</span> <span class='ocrx_word' id='word_1_164' title='bbox 1713 2740 1918 2812; x_wconf 84' lang='lat' dir='ltr'>ometbouee</span> <span class='ocrx_word' id='word_1_165' title='bbox 1943 2740 2067 2810; x_wconf 84' lang='lat' dir='ltr'>ratione</span> <span class='ocrx_word' id='word_1_166' title='bbox 2140 2818 2141 2827; x_wconf 8' lang='grc' dir='ltr'>χ</span> 
     </span>
     <span class='ocr_line' id='line_1_18' title="bbox 369 2856 2066 2954; baseline 0 -22"><span class='ocrx_word' id='word_1_167' title='bbox 369 2927 373 2932; x_wconf 90' lang='grc'>,</span> <span class='ocrx_word' id='word_1_168' title='bbox 523 2856 669 2954; x_wconf 77' lang='lat' dir='ltr'>olpedoe</span> <span class='ocrx_word' id='word_1_169' title='bbox 695 2859 835 2932; x_wconf 79' lang='lat' dir='ltr'>solvunt</span> <span class='ocrx_word' id='word_1_170' title='bbox 861 2860 981 2932; x_wconf 78' lang='lat' dir='ltr'>abbati</span> <span class='ocrx_word' id='word_1_171' title='bbox 1009 2879 1113 2930; x_wconf 92' lang='lat' dir='ltr'>unum</span> <span class='ocrx_word' id='word_1_172' title='bbox 1141 2858 1322 2932; x_wconf 82' lang='lat' dir='ltr'>fertonem.</span> <span class='ocrx_word' id='word_1_173' title='bbox 1349 2858 1510 2932; x_wconf 72' lang='lat' dir='ltr'>munnae</span> <span class='ocrx_word' id='word_1_174' title='bbox 1535 2879 1611 2932; x_wconf 89' lang='lat' dir='ltr'>eum</span> <span class='ocrx_word' id='word_1_175' title='bbox 1637 2860 1866 2951; x_wconf 78' lang='lat' dir='ltr'>Zagorze,</span> <span class='ocrx_word' id='word_1_176' title='bbox 1894 2860 2066 2932; x_wconf 84' lang='lat' dir='ltr'>Dambo-</span> 
     </span>
     <span class='ocr_line' id='line_1_19' title="bbox 522 2979 2141 3097; baseline 0.001 -45"><span class='ocrx_word' id='word_1_177' title='bbox 522 3001 634 3072; x_wconf 86' lang='lat' dir='ltr'>rzyn</span> <span class='ocrx_word' id='word_1_178' title='bbox 661 2986 698 3053; x_wconf 92' lang='lat' dir='ltr'>et</span> <span class='ocrx_word' id='word_1_179' title='bbox 724 2979 1068 3054; x_wconf 86' lang='lat' dir='ltr'>Przedcziezu..</span> <span class='ocrx_word' id='word_1_180' title='bbox 2134 3067 2141 3097; x_wconf 27' lang='grc' dir='ltr'><strong>Ὗ</strong></span> 
     </span>
    </p>

    <p class='ocr_par' dir='ltr' id='par_1_4' title="bbox 434 3100 2141 4537">
     <span class='ocr_line' id='line_1_20' title="bbox 626 3100 2141 3194; baseline 0.005 -24"><span class='ocrx_word' id='word_1_181' title='bbox 626 3101 812 3192; x_wconf 75' lang='lat' dir='ltr'>Zneonzn,</span> <span class='ocrx_word' id='word_1_182' title='bbox 839 3101 922 3172; x_wconf 86' lang='lat' dir='ltr'>villa</span> <span class='ocrx_word' id='word_1_183' title='bbox 949 3102 1013 3174; x_wconf 84' lang='lat' dir='ltr'>sub</span> <span class='ocrx_word' id='word_1_184' title='bbox 1040 3102 1208 3190; x_wconf 77' lang='lat' dir='ltr'>parochie</span> <span class='ocrx_word' id='word_1_185' title='bbox 1233 3100 1277 3172; x_wconf 90' lang='lat' dir='ltr'>de</span> <span class='ocrx_word' id='word_1_186' title='bbox 1304 3101 1618 3174; x_wconf 78' lang='lat' dir='ltr'>Przedczicza</span> <span class='ocrx_word' id='word_1_187' title='bbox 1644 3104 1726 3191; x_wconf 84' lang='lat' dir='ltr'>sita,</span> <span class='ocrx_word' id='word_1_188' title='bbox 1752 3103 1851 3174; x_wconf 80' lang='lat' dir='ltr'>cuim</span> <span class='ocrx_word' id='word_1_189' title='bbox 1880 3103 2067 3194; x_wconf 72' lang='lat' dir='ltr'>proprietas</span> <span class='ocrx_word' id='word_1_190' title='bbox 2140 3106 2141 3180; x_wconf 63' lang='grc' dir='ltr'><strong>ἒ</strong></span> 
     </span>
     <span class='ocr_line' id='line_1_21' title="bbox 524 3220 2141 3317; baseline 0.001 -25"><span class='ocrx_word' id='word_1_191' title='bbox 524 3221 569 3292; x_wconf 86' lang='lat' dir='ltr'>ed</span> <span class='ocrx_word' id='word_1_192' title='bbox 596 3221 842 3293; x_wconf 82' lang='lat' dir='ltr'>monesterium</span> <span class='ocrx_word' id='word_1_193' title='bbox 872 3221 1079 3292; x_wconf 82' lang='lat' dir='ltr'>Thincienee</span> <span class='ocrx_word' id='word_1_194' title='bbox 1105 3220 1269 3310; x_wconf 78' lang='lat' dir='ltr'>pertinet.</span> <span class='ocrx_word' id='word_1_195' title='bbox 1296 3220 1336 3292; x_wconf 87' lang='lat' dir='ltr'>lu</span> <span class='ocrx_word' id='word_1_196' title='bbox 1354 3228 1523 3311; x_wconf 82' lang='lat' dir='ltr'>quaeunt</span> <span class='ocrx_word' id='word_1_197' title='bbox 1540 3228 1614 3296; x_wconf 80' lang='lat' dir='ltr'>tres</span> <span class='ocrx_word' id='word_1_198' title='bbox 1631 3243 1710 3296; x_wconf 86' lang='lat' dir='ltr'>cnm</span> <span class='ocrx_word' id='word_1_199' title='bbox 1727 3223 1842 3296; x_wconf 85' lang='lat' dir='ltr'>medio</span> <span class='ocrx_word' id='word_1_200' title='bbox 1869 3224 1963 3294; x_wconf 84' lang='lat' dir='ltr'>lanei</span> <span class='ocrx_word' id='word_1_201' title='bbox 1987 3241 2064 3294; x_wconf 79' lang='lat' dir='ltr'>cue·</span> <span class='ocrx_word' id='word_1_202' title='bbox 2140 3300 2141 3317; x_wconf 50' lang='lat'>,</span> 
     </span>
     <span class='ocr_line' id='line_1_22' title="bbox 467 3325 2141 3434; baseline -0.001 -20"><span class='ocrx_word' id='word_1_203' title='bbox 467 3347 468 3350; x_wconf 75' lang='grc'>’</span> <span class='ocrx_word' id='word_1_204' title='bbox 524 3342 694 3432; x_wconf 77' lang='lat' dir='ltr'>thonales,</span> <span class='ocrx_word' id='word_1_205' title='bbox 713 3348 749 3415; x_wconf 90' lang='lat' dir='ltr'>et</span> <span class='ocrx_word' id='word_1_206' title='bbox 767 3341 854 3416; x_wconf 89' lang='lat' dir='ltr'>duae</span> <span class='ocrx_word' id='word_1_207' title='bbox 872 3342 1001 3432; x_wconf 71' lang='lat' dir='ltr'>virgae,</span> <span class='ocrx_word' id='word_1_208' title='bbox 1025 3347 1062 3414; x_wconf 88' lang='lat' dir='ltr'>et</span> <span class='ocrx_word' id='word_1_209' title='bbox 1080 3341 1227 3432; x_wconf 83' lang='lat' dir='ltr'>quilibet</span> <span class='ocrx_word' id='word_1_210' title='bbox 1244 3342 1350 3416; x_wconf 79' lang='lat' dir='ltr'>solvit</span> <span class='ocrx_word' id='word_1_211' title='bbox 1367 3363 1431 3432; x_wconf 87' lang='lat' dir='ltr'>pro</span> <span class='ocrx_word' id='word_1_212' title='bbox 1457 3363 1565 3414; x_wconf 78' lang='lat' dir='ltr'>ceusu</span> <span class='ocrx_word' id='word_1_213' title='bbox 1590 3325 1695 3416; x_wconf 84' lang='lat' dir='ltr'>unam</span> <span class='ocrx_word' id='word_1_214' title='bbox 1722 3363 1885 3434; x_wconf 68' lang='lat' dir='ltr'>marum,</span> <span class='ocrx_word' id='word_1_215' title='bbox 1912 3345 1994 3415; x_wconf 85' lang='lat' dir='ltr'>item</span> <span class='ocrx_word' id='word_1_216' title='bbox 2010 3363 2066 3414; x_wconf 79' lang='lat' dir='ltr'>ora</span> <span class='ocrx_word' id='word_1_217' title='bbox 2140 3364 2141 3379; x_wconf 57' lang='lat'>¹</span> 
     </span>
     <span class='ocr_line' id='line_1_23' title="bbox 525 3454 2141 3562; baseline 0.001 -28"><span class='ocrx_word' id='word_1_218' title='bbox 525 3462 715 3551; x_wconf 87' lang='lat' dir='ltr'>duodecim,</span> <span class='ocrx_word' id='word_1_219' title='bbox 742 3464 825 3536; x_wconf 87' lang='lat' dir='ltr'>item</span> <span class='ocrx_word' id='word_1_220' title='bbox 851 3463 962 3554; x_wconf 77' lang='lat' dir='ltr'>gallos</span> <span class='ocrx_word' id='word_1_221' title='bbox 989 3463 1086 3552; x_wconf 79' lang='lat' dir='ltr'>duce,</span> <span class='ocrx_word' id='word_1_222' title='bbox 1109 3463 1199 3534; x_wconf 87' lang='lat' dir='ltr'>item</span> <span class='ocrx_word' id='word_1_223' title='bbox 1216 3481 1337 3536; x_wconf 78' lang='lat' dir='ltr'>caseos</span> <span class='ocrx_word' id='word_1_224' title='bbox 1361 3463 1461 3551; x_wconf 63' lang='lat' dir='ltr'>duom</span> <span class='ocrx_word' id='word_1_225' title='bbox 1487 3465 1570 3536; x_wconf 88' lang='lat' dir='ltr'>item</span> <span class='ocrx_word' id='word_1_226' title='bbox 1598 3464 1760 3539; x_wconf 82' lang='lat' dir='ltr'>laborant</span> <span class='ocrx_word' id='word_1_227' title='bbox 1785 3462 1950 3562; x_wconf 71' lang='lat' dir='ltr'>iuoaym&#39;,</span> <span class='ocrx_word' id='word_1_228' title='bbox 1975 3462 2064 3536; x_wconf 83' lang='lat' dir='ltr'>arai·</span> <span class='ocrx_word' id='word_1_229' title='bbox 2140 3454 2141 3521; x_wconf 64' lang='grc' dir='ltr'>ὲ</span> 
     </span>
     <span class='ocr_line' id='line_1_24' title="bbox 524 3583 2062 3685; baseline 0.001 -29"><span class='ocrx_word' id='word_1_230' title='bbox 524 3584 579 3675; x_wconf 88' lang='lat' dir='ltr'>do,</span> <span class='ocrx_word' id='word_1_231' title='bbox 607 3584 818 3675; x_wconf 86' lang='lat' dir='ltr'>seminando,</span> <span class='ocrx_word' id='word_1_232' title='bbox 845 3583 1015 3685; x_wconf 85' lang='lat' dir='ltr'>metendo,</span> <span class='ocrx_word' id='word_1_233' title='bbox 1043 3584 1277 3671; x_wconf 87' lang='lat' dir='ltr'>conducendo;</span> <span class='ocrx_word' id='word_1_234' title='bbox 1303 3585 1387 3656; x_wconf 86' lang='lat' dir='ltr'>itam</span> <span class='ocrx_word' id='word_1_235' title='bbox 1407 3584 1458 3658; x_wconf 80' lang='lat' dir='ltr'>ed</span> <span class='ocrx_word' id='word_1_236' title='bbox 1476 3583 1663 3680; x_wconf 67' lang='lat' dir='ltr'>pecudum</span> <span class='ocrx_word' id='word_1_237' title='bbox 1688 3608 1758 3660; x_wconf 85' lang='lat' dir='ltr'>non</span> <span class='ocrx_word' id='word_1_238' title='bbox 1784 3593 1968 3675; x_wconf 65' lang='lat' dir='ltr'>tenentum</span> <span class='ocrx_word' id='word_1_239' title='bbox 1990 3586 2062 3657; x_wconf 83' lang='lat' dir='ltr'>item</span> 
     </span>
     <span class='ocr_line' id='line_1_25' title="bbox 524 3705 2141 3809; baseline 0.002 -32"><span class='ocrx_word' id='word_1_240' title='bbox 524 3705 671 3778; x_wconf 80' lang='lat' dir='ltr'>taberna</span> <span class='ocrx_word' id='word_1_241' title='bbox 696 3712 751 3776; x_wconf 85' lang='lat' dir='ltr'>est</span> <span class='ocrx_word' id='word_1_242' title='bbox 778 3706 827 3777; x_wconf 88' lang='lat' dir='ltr'>ibi</span> <span class='ocrx_word' id='word_1_243' title='bbox 853 3727 923 3776; x_wconf 83' lang='lat' dir='ltr'>una</span> <span class='ocrx_word' id='word_1_244' title='bbox 940 3706 1072 3778; x_wconf 87' lang='lat' dir='ltr'>habens</span> <span class='ocrx_word' id='word_1_245' title='bbox 1091 3725 1205 3809; x_wconf 76' lang='lat' dir='ltr'>agros,</span> <span class='ocrx_word' id='word_1_246' title='bbox 1230 3711 1268 3778; x_wconf 89' lang='lat' dir='ltr'>et</span> <span class='ocrx_word' id='word_1_247' title='bbox 1289 3705 1395 3778; x_wconf 84' lang='lat' dir='ltr'>oolrit</span> <span class='ocrx_word' id='word_1_248' title='bbox 1421 3726 1486 3796; x_wconf 88' lang='lat' dir='ltr'>pru</span> <span class='ocrx_word' id='word_1_249' title='bbox 1512 3727 1618 3780; x_wconf 87' lang='lat' dir='ltr'>ceusu</span> <span class='ocrx_word' id='word_1_250' title='bbox 1636 3759 1750 3797; x_wconf 88' lang='lat'>.....</span> <span class='ocrx_word' id='word_1_251' title='bbox 1778 3708 1863 3780; x_wconf 80' lang='lat' dir='ltr'>item</span> <span class='ocrx_word' id='word_1_252' title='bbox 1892 3705 2062 3793; x_wconf 69' lang='lat' dir='ltr'>hortulani</span> <span class='ocrx_word' id='word_1_253' title='bbox 2140 3742 2141 3757; x_wconf 36' lang='grc' dir='ltr'>ι</span> 
     </span>
     <span class='ocr_line' id='line_1_26' title="bbox 523 3825 2141 3920; baseline 0 -22"><span class='ocrx_word' id='word_1_254' title='bbox 523 3827 606 3898; x_wconf 86' lang='lat' dir='ltr'>item</span> <span class='ocrx_word' id='word_1_255' title='bbox 632 3825 709 3918; x_wconf 80' lang='lat' dir='ltr'>agri</span> <span class='ocrx_word' id='word_1_256' title='bbox 736 3827 968 3900; x_wconf 85' lang='lat' dir='ltr'>emethoncles</span> <span class='ocrx_word' id='word_1_257' title='bbox 995 3827 1135 3900; x_wconf 85' lang='lat' dir='ltr'>solvunt</span> <span class='ocrx_word' id='word_1_258' title='bbox 1169 3827 1338 3898; x_wconf 85' lang='lat' dir='ltr'>decimam</span> <span class='ocrx_word' id='word_1_259' title='bbox 1373 3827 1586 3917; x_wconf 84' lang='lat' dir='ltr'>pecuniulem</span> <span class='ocrx_word' id='word_1_260' title='bbox 1621 3828 1833 3901; x_wconf 81' lang='lat' dir='ltr'>monasterio</span> <span class='ocrx_word' id='word_1_261' title='bbox 1867 3826 2062 3920; x_wconf 84' lang='lat' dir='ltr'>Thynciemi</span> <span class='ocrx_word' id='word_1_262' title='bbox 2140 3858 2141 3881; x_wconf 57' lang='lat'>1</span> 
     </span>
     <span class='ocr_line' id='line_1_27' title="bbox 434 3937 2061 4041; baseline 0.002 -22"><span class='ocrx_word' id='word_1_263' title='bbox 434 3937 449 3992; x_wconf 60' lang='lat' dir='ltr'>s</span> <span class='ocrx_word' id='word_1_264' title='bbox 523 3969 586 4038; x_wconf 92' lang='lat' dir='ltr'>per</span> <span class='ocrx_word' id='word_1_265' title='bbox 614 3968 674 4020; x_wconf 85' lang='lat' dir='ltr'>sex</span> <span class='ocrx_word' id='word_1_266' title='bbox 701 3955 833 4022; x_wconf 81' lang='lat' dir='ltr'>scottos</span> <span class='ocrx_word' id='word_1_267' title='bbox 861 3953 1000 4022; x_wconf 83' lang='lat' dir='ltr'>moneta</span> <span class='ocrx_word' id='word_1_268' title='bbox 1026 3948 1208 4020; x_wconf 87' lang='lat' dir='ltr'>communi.</span> <span class='ocrx_word' id='word_1_269' title='bbox 1234 3947 1324 4022; x_wconf 83' lang='lat' dir='ltr'>Item</span> <span class='ocrx_word' id='word_1_270' title='bbox 1347 3948 1510 4022; x_wconf 79' lang='lat' dir='ltr'>seoltetia</span> <span class='ocrx_word' id='word_1_271' title='bbox 1535 3953 1589 4022; x_wconf 83' lang='lat' dir='ltr'>eet</span> <span class='ocrx_word' id='word_1_272' title='bbox 1613 3949 1652 4020; x_wconf 88' lang='lat' dir='ltr'>iu</span> <span class='ocrx_word' id='word_1_273' title='bbox 1677 3948 1798 4022; x_wconf 88' lang='lat' dir='ltr'>eadem</span> <span class='ocrx_word' id='word_1_274' title='bbox 1824 3949 1922 4041; x_wconf 85' lang='lat' dir='ltr'>villa,</span> <span class='ocrx_word' id='word_1_275' title='bbox 1947 3949 2061 4022; x_wconf 80' lang='lat' dir='ltr'>bubum</span> 
     </span>
     <span class='ocr_line' id='line_1_28' title="bbox 523 4068 2141 4160; baseline 0.001 -20"><span class='ocrx_word' id='word_1_276' title='bbox 523 4068 610 4158; x_wconf 80' lang='lat' dir='ltr'>duos</span> <span class='ocrx_word' id='word_1_277' title='bbox 637 4069 765 4160; x_wconf 83' lang='lat' dir='ltr'>laneos,</span> <span class='ocrx_word' id='word_1_278' title='bbox 792 4075 829 4140; x_wconf 89' lang='lat' dir='ltr'>et</span> <span class='ocrx_word' id='word_1_279' title='bbox 854 4071 960 4142; x_wconf 83' lang='lat' dir='ltr'>solvit</span> <span class='ocrx_word' id='word_1_280' title='bbox 986 4070 1167 4157; x_wconf 81' lang='lat' dir='ltr'>decimom3</span> <span class='ocrx_word' id='word_1_281' title='bbox 1193 4069 1277 4142; x_wconf 89' lang='lat' dir='ltr'>item</span> <span class='ocrx_word' id='word_1_282' title='bbox 1303 4069 1348 4142; x_wconf 89' lang='lat' dir='ltr'>de</span> <span class='ocrx_word' id='word_1_283' title='bbox 1374 4089 1480 4142; x_wconf 77' lang='lat' dir='ltr'>ceusu</span> <span class='ocrx_word' id='word_1_284' title='bbox 1506 4070 1631 4160; x_wconf 87' lang='lat' dir='ltr'>recipit</span> <span class='ocrx_word' id='word_1_285' title='bbox 1656 4070 1921 4160; x_wconf 74' lang='lat' dir='ltr'>quatuordecim</span> <span class='ocrx_word' id='word_1_286' title='bbox 1947 4074 2062 4142; x_wconf 71' lang='lat' dir='ltr'>amco</span> <span class='ocrx_word' id='word_1_287' title='bbox 2140 4096 2141 4099; x_wconf 38' lang='lat'>¹</span> 
     </span>
     <span class='ocr_line' id='line_1_29' title="bbox 524 4188 2060 4283; baseline -0.001 -21"><span class='ocrx_word' id='word_1_288' title='bbox 524 4189 698 4264; x_wconf 80' lang='lat' dir='ltr'>scultetus.</span> <span class='ocrx_word' id='word_1_289' title='bbox 743 4188 831 4262; x_wconf 82' lang='lat' dir='ltr'>It&#39;em</span> <span class='ocrx_word' id='word_1_290' title='bbox 859 4191 1038 4281; x_wconf 82' lang='lat' dir='ltr'>praedium</span> <span class='ocrx_word' id='word_1_291' title='bbox 1075 4211 1145 4264; x_wconf 89' lang='lat' dir='ltr'>nou</span> <span class='ocrx_word' id='word_1_292' title='bbox 1172 4196 1226 4262; x_wconf 82' lang='lat' dir='ltr'>eet</span> <span class='ocrx_word' id='word_1_293' title='bbox 1252 4191 1301 4263; x_wconf 93' lang='lat' dir='ltr'>ibi</span> <span class='ocrx_word' id='word_1_294' title='bbox 1328 4190 1469 4283; x_wconf 79' lang='lat' dir='ltr'>aliquod</span> <span class='ocrx_word' id='word_1_295' title='bbox 1504 4191 1714 4264; x_wconf 75' lang='lat' dir='ltr'>coenobiale.</span> <span class='ocrx_word' id='word_1_296' title='bbox 1759 4191 1850 4264; x_wconf 78' lang='lat' dir='ltr'>Item</span> <span class='ocrx_word' id='word_1_297' title='bbox 1876 4192 2060 4266; x_wconf 83' lang='lat' dir='ltr'>emetbooea</span> 
     </span>
     <span class='ocr_line' id='line_1_30' title="bbox 522 4311 2141 4406; baseline 0 -24"><span class='ocrx_word' id='word_1_298' title='bbox 522 4311 662 4384; x_wconf 83' lang='lat' dir='ltr'>solvunt</span> <span class='ocrx_word' id='word_1_299' title='bbox 688 4333 841 4406; x_wconf 75' lang='lat' dir='ltr'>oeszyep,</span> <span class='ocrx_word' id='word_1_300' title='bbox 877 4311 920 4384; x_wconf 88' lang='lat' dir='ltr'>de</span> <span class='ocrx_word' id='word_1_301' title='bbox 948 4311 1103 4402; x_wconf 89' lang='lat' dir='ltr'>quolibet</span> <span class='ocrx_word' id='word_1_302' title='bbox 1138 4311 1239 4384; x_wconf 81' lang='lat' dir='ltr'>laneo</span> <span class='ocrx_word' id='word_1_303' title='bbox 1275 4311 1362 4384; x_wconf 84' lang='lat' dir='ltr'>duas</span> <span class='ocrx_word' id='word_1_304' title='bbox 1398 4331 1579 4386; x_wconf 80' lang='lat' dir='ltr'>mensurus</span> <span class='ocrx_word' id='word_1_305' title='bbox 1614 4333 1755 4384; x_wconf 84' lang='lat' dir='ltr'>avenae.</span> <span class='ocrx_word' id='word_1_306' title='bbox 1800 4311 1966 4388; x_wconf 77' lang='lat' dir='ltr'>Confluat</span> <span class='ocrx_word' id='word_1_307' title='bbox 1995 4328 2058 4382; x_wconf 85' lang='lat' dir='ltr'>eum</span> <span class='ocrx_word' id='word_1_308' title='bbox 2140 4322 2141 4375; x_wconf 65' lang='lat' dir='ltr'>l</span> 
     </span>
     <span class='ocr_line' id='line_1_31' title="bbox 523 4429 1632 4537; baseline 0.005 -37"><span class='ocrx_word' id='word_1_309' title='bbox 523 4429 828 4522; x_wconf 84' lang='lat' dir='ltr'>Dcmborzyn,</span> <span class='ocrx_word' id='word_1_310' title='bbox 856 4430 1134 4522; x_wconf 82' lang='lat' dir='ltr'>Jawczicze,</span> <span class='ocrx_word' id='word_1_311' title='bbox 1160 4431 1384 4537; x_wconf 70' lang='lat' dir='ltr'>Jodlone.</span> <span class='ocrx_word' id='word_1_312' title='bbox 1629 4518 1632 4522; x_wconf 35' lang='grc'><strong>,</strong></span> 
     </span>
    </p>

    <p class='ocr_par' dir='ltr' id='par_1_5' title="bbox 523 4550 2141 4905">
     <span class='ocr_line' id='line_1_32' title="bbox 628 4550 2141 4648; baseline 0 -26"><span class='ocrx_word' id='word_1_313' title='bbox 628 4550 902 4642; x_wconf 77' lang='lat' dir='ltr'>Knnrnurozn,</span> <span class='ocrx_word' id='word_1_314' title='bbox 930 4553 1012 4626; x_wconf 82' lang='lat' dir='ltr'>ville</span> <span class='ocrx_word' id='word_1_315' title='bbox 1038 4553 1296 4644; x_wconf 83' lang='lat' dir='ltr'>subparochia</span> <span class='ocrx_word' id='word_1_316' title='bbox 1321 4553 1365 4625; x_wconf 89' lang='lat' dir='ltr'>de</span> <span class='ocrx_word' id='word_1_317' title='bbox 1392 4553 1660 4628; x_wconf 82' lang='lat' dir='ltr'>Brzostlrelr</span> <span class='ocrx_word' id='word_1_318' title='bbox 1687 4556 1768 4644; x_wconf 79' lang='lat' dir='ltr'>nita,</span> <span class='ocrx_word' id='word_1_319' title='bbox 1794 4554 1894 4627; x_wconf 81' lang='lat' dir='ltr'>cuiue</span> <span class='ocrx_word' id='word_1_320' title='bbox 1921 4553 2057 4648; x_wconf 77' lang='lat' dir='ltr'>propria</span> <span class='ocrx_word' id='word_1_321' title='bbox 2140 4590 2141 4593; x_wconf 16' lang='grc' dir='ltr'><strong><em>κ</em></strong></span> 
     </span>
     <span class='ocr_line' id='line_1_33' title="bbox 523 4672 2056 4766; baseline 0 -22"><span class='ocrx_word' id='word_1_322' title='bbox 523 4677 577 4744; x_wconf 83' lang='lat' dir='ltr'>tos</span> <span class='ocrx_word' id='word_1_323' title='bbox 604 4672 648 4743; x_wconf 84' lang='lat' dir='ltr'>ed</span> <span class='ocrx_word' id='word_1_324' title='bbox 676 4673 921 4744; x_wconf 82' lang='lat' dir='ltr'>monasterium</span> <span class='ocrx_word' id='word_1_325' title='bbox 951 4674 1156 4746; x_wconf 86' lang='lat' dir='ltr'>Thinciense</span> <span class='ocrx_word' id='word_1_326' title='bbox 1182 4675 1345 4765; x_wconf 86' lang='lat' dir='ltr'>pertinet</span> <span class='ocrx_word' id='word_1_327' title='bbox 1372 4675 1413 4746; x_wconf 93' lang='lat' dir='ltr'>ln</span> <span class='ocrx_word' id='word_1_328' title='bbox 1430 4696 1501 4766; x_wconf 88' lang='lat' dir='ltr'>qua</span> <span class='ocrx_word' id='word_1_329' title='bbox 1518 4681 1600 4748; x_wconf 84' lang='lat' dir='ltr'>suut</span> <span class='ocrx_word' id='word_1_330' title='bbox 1626 4677 1751 4766; x_wconf 75' lang='lat' dir='ltr'>uiginti</span> <span class='ocrx_word' id='word_1_331' title='bbox 1777 4676 1846 4750; x_wconf 91' lang='lat' dir='ltr'>duo</span> <span class='ocrx_word' id='word_1_332' title='bbox 1874 4677 1965 4750; x_wconf 73' lang='lat' dir='ltr'>leuci</span> <span class='ocrx_word' id='word_1_333' title='bbox 1982 4691 2056 4746; x_wconf 89' lang='lat' dir='ltr'>eme·</span> 
     </span>
     <span class='ocr_line' id='line_1_34' title="bbox 524 4793 2141 4905; baseline -0.002 -39"><span class='ocrx_word' id='word_1_334' title='bbox 524 4793 700 4883; x_wconf 81' lang='lat' dir='ltr'>thonalee,</span> <span class='ocrx_word' id='word_1_335' title='bbox 727 4799 764 4864; x_wconf 91' lang='lat' dir='ltr'>et</span> <span class='ocrx_word' id='word_1_336' title='bbox 791 4795 936 4884; x_wconf 90' lang='lat' dir='ltr'>quilibet</span> <span class='ocrx_word' id='word_1_337' title='bbox 963 4796 1067 4868; x_wconf 86' lang='lat' dir='ltr'>solvit</span> <span class='ocrx_word' id='word_1_338' title='bbox 1102 4815 1166 4886; x_wconf 92' lang='lat' dir='ltr'>pro</span> <span class='ocrx_word' id='word_1_339' title='bbox 1194 4814 1300 4868; x_wconf 79' lang='lat' dir='ltr'>censu</span> <span class='ocrx_word' id='word_1_340' title='bbox 1326 4817 1429 4868; x_wconf 85' lang='lat' dir='ltr'>ouem</span> <span class='ocrx_word' id='word_1_341' title='bbox 1464 4817 1542 4868; x_wconf 91' lang='lat' dir='ltr'>cum</span> <span class='ocrx_word' id='word_1_342' title='bbox 1569 4797 1682 4868; x_wconf 80' lang='lat' dir='ltr'>medie</span> <span class='ocrx_word' id='word_1_343' title='bbox 1708 4817 1863 4887; x_wconf 77' lang='lat' dir='ltr'>mercat,</span> <span class='ocrx_word' id='word_1_344' title='bbox 1898 4799 1980 4872; x_wconf 85' lang='lat' dir='ltr'>item</span> <span class='ocrx_word' id='word_1_345' title='bbox 2002 4813 2056 4867; x_wconf 83' lang='lat' dir='ltr'>ora</span> <span class='ocrx_word' id='word_1_346' title='bbox 2140 4826 2141 4905; x_wconf 68' lang='lat'>3</span> 
     </span>
    </p>
   </div>
   <div class='ocr_carea' id='block_1_3' title="bbox 386 4901 2141 5008">
    <p class='ocr_par' dir='ltr' id='par_1_6' title="bbox 386 4901 2141 5008">
     <span class='ocr_line' id='line_1_35' title="bbox 386 4901 2141 5008; baseline -0.002 -19"><span class='ocrx_word' id='word_1_347' title='bbox 386 4901 398 4910; x_wconf 52' lang='lat'>⁸</span> <span class='ocrx_word' id='word_1_348' title='bbox 524 4915 649 5007; x_wconf 75' lang='lat' dir='ltr'>vigniti</span> <span class='ocrx_word' id='word_1_349' title='bbox 677 4920 843 5006; x_wconf 86' lang='lat' dir='ltr'>quatuor,</span> <span class='ocrx_word' id='word_1_350' title='bbox 879 4916 963 4988; x_wconf 90' lang='lat' dir='ltr'>item</span> <span class='ocrx_word' id='word_1_351' title='bbox 989 4917 1099 5008; x_wconf 77' lang='lat' dir='ltr'>gallos</span> <span class='ocrx_word' id='word_1_352' title='bbox 1127 4916 1234 5007; x_wconf 82' lang='lat' dir='ltr'>duos,</span> <span class='ocrx_word' id='word_1_353' title='bbox 1259 4917 1344 4988; x_wconf 89' lang='lat' dir='ltr'>item</span> <span class='ocrx_word' id='word_1_354' title='bbox 1371 4938 1490 4990; x_wconf 82' lang='lat' dir='ltr'>caseos</span> <span class='ocrx_word' id='word_1_355' title='bbox 1516 4918 1623 5008; x_wconf 81' lang='lat' dir='ltr'>duee,</span> <span class='ocrx_word' id='word_1_356' title='bbox 1650 4919 1733 4990; x_wconf 83' lang='lat' dir='ltr'>item</span> <span class='ocrx_word' id='word_1_357' title='bbox 1760 4919 1882 5008; x_wconf 81' lang='lat' dir='ltr'>labor3</span> <span class='ocrx_word' id='word_1_358' title='bbox 1919 4911 2055 4994; x_wconf 79' lang='lat' dir='ltr'>itemad</span> <span class='ocrx_word' id='word_1_359' title='bbox 2140 4998 2141 5007; x_wconf 8' lang='grc' dir='ltr'>χ</span> 
     </span>
    </p>
   </div>
   <div class='ocr_carea' id='block_1_4' title="bbox 417 5034 2141 5741">
    <p class='ocr_par' dir='ltr' id='par_1_7' title="bbox 417 5034 2141 5741">
     <span class='ocr_line' id='line_1_36' title="bbox 519 5034 2141 5133; baseline 0.007 -25"><span class='ocrx_word' id='word_1_360' title='bbox 519 5034 701 5133; x_wconf 77' lang='lat' dir='ltr'>peccabam</span> <span class='ocrx_word' id='word_1_361' title='bbox 728 5057 797 5108; x_wconf 90' lang='lat' dir='ltr'>nou</span> <span class='ocrx_word' id='word_1_362' title='bbox 824 5041 997 5127; x_wconf 72' lang='lat' dir='ltr'>tenentur,</span> <span class='ocrx_word' id='word_1_363' title='bbox 1025 5040 1109 5109; x_wconf 91' lang='lat' dir='ltr'>item</span> <span class='ocrx_word' id='word_1_364' title='bbox 1133 5040 1283 5112; x_wconf 84' lang='lat' dir='ltr'>taberna</span> <span class='ocrx_word' id='word_1_365' title='bbox 1307 5044 1364 5110; x_wconf 85' lang='lat' dir='ltr'>est</span> <span class='ocrx_word' id='word_1_366' title='bbox 1390 5039 1439 5112; x_wconf 90' lang='lat' dir='ltr'>ibi</span> <span class='ocrx_word' id='word_1_367' title='bbox 1466 5060 1536 5110; x_wconf 88' lang='lat' dir='ltr'>uua</span> <span class='ocrx_word' id='word_1_368' title='bbox 1560 5040 1772 5130; x_wconf 81' lang='lat' dir='ltr'>monasterii,</span> <span class='ocrx_word' id='word_1_369' title='bbox 1799 5046 1837 5113; x_wconf 89' lang='lat' dir='ltr'>et</span> <span class='ocrx_word' id='word_1_370' title='bbox 1862 5041 1967 5117; x_wconf 81' lang='lat' dir='ltr'>solvit</span> <span class='ocrx_word' id='word_1_371' title='bbox 1982 5093 1989 5108; x_wconf 86' lang='lat'>·</span> <span class='ocrx_word' id='word_1_372' title='bbox 2005 5092 2011 5106; x_wconf 90' lang='lat'><em>·</em></span> <span class='ocrx_word' id='word_1_373' title='bbox 2026 5055 2054 5120; x_wconf 80' lang='lat'>·;</span> <span class='ocrx_word' id='word_1_374' title='bbox 2140 5068 2141 5085; x_wconf 61' lang='lat'>¹</span> 
     </span>
     <span class='ocr_line' id='line_1_37' title="bbox 522 5157 2141 5254; baseline 0.002 -26"><span class='ocrx_word' id='word_1_375' title='bbox 522 5158 606 5231; x_wconf 90' lang='lat' dir='ltr'>item</span> <span class='ocrx_word' id='word_1_376' title='bbox 632 5157 852 5230; x_wconf 83' lang='lat' dir='ltr'>hortulaniee</span> <span class='ocrx_word' id='word_1_377' title='bbox 879 5181 947 5232; x_wconf 87' lang='lat' dir='ltr'>uon</span> <span class='ocrx_word' id='word_1_378' title='bbox 975 5165 1066 5248; x_wconf 88' lang='lat' dir='ltr'>sunt,</span> <span class='ocrx_word' id='word_1_379' title='bbox 1093 5160 1176 5232; x_wconf 82' lang='lat' dir='ltr'>item</span> <span class='ocrx_word' id='word_1_380' title='bbox 1203 5159 1383 5250; x_wconf 77' lang='lat' dir='ltr'>praedium</span> <span class='ocrx_word' id='word_1_381' title='bbox 1410 5182 1480 5234; x_wconf 87' lang='lat' dir='ltr'>nou</span> <span class='ocrx_word' id='word_1_382' title='bbox 1506 5166 1570 5232; x_wconf 80' lang='lat' dir='ltr'>eut</span> <span class='ocrx_word' id='word_1_383' title='bbox 1606 5161 1694 5234; x_wconf 83' lang='lat' dir='ltr'>Item</span> <span class='ocrx_word' id='word_1_384' title='bbox 1722 5182 1841 5234; x_wconf 86' lang='lat' dir='ltr'>omnes</span> <span class='ocrx_word' id='word_1_385' title='bbox 1867 5162 1946 5254; x_wconf 69' lang='lat' dir='ltr'>agri</span> <span class='ocrx_word' id='word_1_386' title='bbox 1970 5157 2054 5232; x_wconf 75' lang='lat' dir='ltr'>uillae</span> <span class='ocrx_word' id='word_1_387' title='bbox 2140 5208 2141 5219; x_wconf 23' lang='grc' dir='ltr'>η</span> 
     </span>
     <span class='ocr_line' id='line_1_38' title="bbox 417 5279 2055 5374; baseline 0.002 -25"><span class='ocrx_word' id='word_1_388' title='bbox 417 5327 422 5337; x_wconf 76' lang='lat'><em>·</em></span> <span class='ocrx_word' id='word_1_389' title='bbox 522 5279 663 5354; x_wconf 81' lang='lat' dir='ltr'>solvunt</span> <span class='ocrx_word' id='word_1_390' title='bbox 690 5280 857 5352; x_wconf 79' lang='lat' dir='ltr'>decimum</span> <span class='ocrx_word' id='word_1_391' title='bbox 884 5281 1098 5372; x_wconf 81' lang='lat' dir='ltr'>pecunialem</span> <span class='ocrx_word' id='word_1_392' title='bbox 1125 5281 1288 5372; x_wconf 79' lang='lat' dir='ltr'>episcopo</span> <span class='ocrx_word' id='word_1_393' title='bbox 1316 5279 1538 5355; x_wconf 75' lang='lat' dir='ltr'>cracoviensi</span> <span class='ocrx_word' id='word_1_394' title='bbox 1569 5303 1633 5374; x_wconf 90' lang='lat' dir='ltr'>per</span> <span class='ocrx_word' id='word_1_395' title='bbox 1659 5303 1764 5354; x_wconf 89' lang='lat' dir='ltr'>unum</span> <span class='ocrx_word' id='word_1_396' title='bbox 1790 5282 1960 5356; x_wconf 55' lang='lat' dir='ltr'>emonem</span> <span class='ocrx_word' id='word_1_397' title='bbox 1982 5280 2055 5353; x_wconf 74' lang='lat' dir='ltr'>uro</span> 
     </span>
     <span class='ocr_line' id='line_1_39' title="bbox 522 5374 2053 5494; baseline -0.001 -21"><span class='ocrx_word' id='word_1_398' title='bbox 522 5422 598 5472; x_wconf 87' lang='lat' dir='ltr'>rum</span> <span class='ocrx_word' id='word_1_399' title='bbox 625 5423 837 5494; x_wconf 81' lang='lat' dir='ltr'>grossorum,</span> <span class='ocrx_word' id='word_1_400' title='bbox 864 5409 900 5475; x_wconf 87' lang='lat' dir='ltr'>et</span> <span class='ocrx_word' id='word_1_401' title='bbox 926 5403 1136 5494; x_wconf 90' lang='lat' dir='ltr'>proveniunt</span> <span class='ocrx_word' id='word_1_402' title='bbox 1162 5424 1223 5476; x_wconf 85' lang='lat' dir='ltr'>sex</span> <span class='ocrx_word' id='word_1_403' title='bbox 1250 5374 1406 5493; x_wconf 63' lang='lat' dir='ltr'>marcae}</span> <span class='ocrx_word' id='word_1_404' title='bbox 1443 5403 1527 5477; x_wconf 88' lang='lat' dir='ltr'>item</span> <span class='ocrx_word' id='word_1_405' title='bbox 1554 5403 1714 5477; x_wconf 76' lang='lat' dir='ltr'>scoltetia</span> <span class='ocrx_word' id='word_1_406' title='bbox 1739 5410 1796 5476; x_wconf 83' lang='lat' dir='ltr'>eut</span> <span class='ocrx_word' id='word_1_407' title='bbox 1820 5405 1954 5478; x_wconf 83' lang='lat' dir='ltr'>habene</span> <span class='ocrx_word' id='word_1_408' title='bbox 1983 5402 2053 5474; x_wconf 84' lang='lat' dir='ltr'>duaa</span> 
     </span>
     <span class='ocr_line' id='line_1_40' title="bbox 522 5519 2051 5624; baseline 0.003 -33"><span class='ocrx_word' id='word_1_409' title='bbox 522 5519 649 5611; x_wconf 80' lang='lat' dir='ltr'>laneos,</span> <span class='ocrx_word' id='word_1_410' title='bbox 677 5530 712 5596; x_wconf 87' lang='lat' dir='ltr'>et</span> <span class='ocrx_word' id='word_1_411' title='bbox 739 5523 844 5596; x_wconf 86' lang='lat' dir='ltr'>solvit</span> <span class='ocrx_word' id='word_1_412' title='bbox 871 5524 1046 5614; x_wconf 81' lang='lat' dir='ltr'>deciman,</span> <span class='ocrx_word' id='word_1_413' title='bbox 1075 5525 1159 5624; x_wconf 70' lang='lat' dir='ltr'>item</span> <span class='ocrx_word' id='word_1_414' title='bbox 1179 5525 1230 5596; x_wconf 87' lang='lat' dir='ltr'>de</span> <span class='ocrx_word' id='word_1_415' title='bbox 1257 5545 1362 5602; x_wconf 78' lang='lat' dir='ltr'>censu</span> <span class='ocrx_word' id='word_1_416' title='bbox 1388 5524 1556 5598; x_wconf 82' lang='lat' dir='ltr'>scultetus</span> <span class='ocrx_word' id='word_1_417' title='bbox 1570 5579 1713 5596; x_wconf 91' lang='grc'><strong>......</strong></span> <span class='ocrx_word' id='word_1_418' title='bbox 1792 5525 1881 5596; x_wconf 82' lang='lat' dir='ltr'>Item</span> <span class='ocrx_word' id='word_1_419' title='bbox 1908 5525 2051 5599; x_wconf 78' lang='lat' dir='ltr'>scoltetua</span> 
     </span>
     <span class='ocr_line' id='line_1_41' title="bbox 425 5639 2050 5741; baseline 0.002 -31"><span class='ocrx_word' id='word_1_420' title='bbox 425 5675 431 5684; x_wconf 91' lang='lat'><em>-</em></span> <span class='ocrx_word' id='word_1_421' title='bbox 522 5639 629 5712; x_wconf 86' lang='lat' dir='ltr'>babet</span> <span class='ocrx_word' id='word_1_422' title='bbox 654 5643 896 5737; x_wconf 89' lang='lat' dir='ltr'>molendinum,</span> <span class='ocrx_word' id='word_1_423' title='bbox 924 5646 1016 5735; x_wconf 92' lang='lat' dir='ltr'>quod</span> <span class='ocrx_word' id='word_1_424' title='bbox 1043 5646 1149 5720; x_wconf 83' lang='lat' dir='ltr'>solvit</span> <span class='ocrx_word' id='word_1_425' title='bbox 1166 5699 1313 5736; x_wconf 89' lang='lat'>......</span> <span class='ocrx_word' id='word_1_426' title='bbox 1348 5642 1432 5720; x_wconf 85' lang='lat' dir='ltr'>it&#39;em</span> <span class='ocrx_word' id='word_1_427' title='bbox 1460 5647 1626 5722; x_wconf 70' lang='lat' dir='ltr'>scultetum</span> <span class='ocrx_word' id='word_1_428' title='bbox 1663 5646 1767 5718; x_wconf 85' lang='lat' dir='ltr'>solvit</span> <span class='ocrx_word' id='word_1_429' title='bbox 1791 5645 1943 5741; x_wconf 68' lang='lat' dir='ltr'>loycam</span> <span class='ocrx_word' id='word_1_430' title='bbox 1965 5650 2050 5720; x_wconf 76' lang='lat' dir='ltr'>munt</span> 
     </span>
    </p>
   </div>
   <div class='ocr_carea' id='block_1_5' title="bbox 0 0 2250 6592">
    <p class='ocr_par' dir='ltr' id='par_1_8' title="bbox 0 0 2250 6592">
     <span class='ocr_line' id='line_1_42' title="bbox 0 0 2250 6592; baseline 0 2"><span class='ocrx_word' id='word_1_431' title='bbox 0 0 2250 6592; x_wconf 95' lang='lat' dir='ltr'> </span> 
     </span>
    </p>
   </div>
  </div>
 </body>
</html>
