4492 6592
1714 767 1787 840 343
1917 740 1923 756 '

205 963 297 1034 item
342 969 547 1056 praedium.
582 938 671 1044 Item
704 975 759 1042 est
792 971 839 1043 ibi
867 971 1033 1044 scoltetus
1061 973 1195 1044 habens
1222 994 1326 1045 unum
1354 971 1490 1044 laneum
1518 972 1675 1067 liberum.
1701 974 1790 1047 Item
1821 971 1825 976 ’

204 1093 295 1174 post
338 1111 472 1162 omnes
509 1110 611 1206 agros
648 1092 796 1164 soletur
831 1097 867 1163 et
903 1093 1107 1166 conducitur
1141 1093 1275 1165 decirua
1302 1094 1529 1186 manipularis
1555 1082 1601 1165 et'
1618 1095 1795 1186 canapalis

203 1227 278 1296 pro
309 1211 493 1303 episeopo
519 1211 752 1303 Or‘acoviensi,
779 1219 815 1284 et
842 1213 940 1285 valor
966 1215 1041 1286 eius
1069 1217 1273 1287 aestimatur
1298 1215 1342 1286 ad
1370 1221 1445 1286 tres
1462 1236 1606 1287 marcas.
1633 1215 1794 1289 confiunt

326 1450 691 1546 Wrousuomuczm
727 1455 810 1527 nilla
845 1458 909 1529 sub
946 1452 1112 1548 parochia
1147 1457 1314 1535 eeclesiae
1349 1458 1394 1530 de
1419 1457 1690 1548 Podgrodze
1715 1460 1793 1550 sita
1837 1542 1841 1551 ³

208 1571 320 1644 cuius
353 1576 559 1665 proprietas
586 1583 622 1652 et
649 1576 837 1650 dominium
866 1578 909 1649 ad
937 1578 1217 1652 sanctimoniales
1243 1580 1406 1669 pertinet.
1433 1579 1473 1650 In
1501 1601 1569 1672 qna
1595 1586 1682 1652 sunt
1700 1579 1794 1660 lanei

211 1695 485 1787 emetbonales,
513 1719 658 1788 quorum
687 1720 782 1771 unua.
802 1699 907 1772 solvit
934 1721 1037 1772 unam
1066 1718 1227 1790 marcam,
1255 1700 1344 1772 alius
1363 1701 1511 1772 mediam
1530 1721 1690 1791 marcam,
1709 1703 1793 1773 item

161 1899 168 1911 ¹
210 1837 330 1888 unum
365 1818 509 1908 gallum,
536 1819 659 1910 viginti
686 1841 762 1910 ova,
789 1821 876 1892 duos
903 1841 1032 1896 caseos.
1059 1821 1147 1892 Item
1175 1843 1244 1894 non
1270 1819 1401 1893 faciunt
1418 1819 1587 1915 ponebas,
1606 1821 1668 1892 sed
1686 1842 1792 1894 unum

210 1956 371 2023 currum
404 1939 535 2010 ducunt
561 1940 732 2030 lignorum
760 1941 803 2014 ad
831 1942 1010 2032 praedium
1023 1955 1027 1962 ·
1040 1941 1144 2014 villae
1160 1941 1320 2032 Strugi
1338 1955 1411 2033 'pro
1429 1942 1519 2013 testo
1536 1941 1678 2017 Christi.
1705 1943 1792 2016 Item

212 2063 403 2132 tenentur
429 2063 482 2133 ire
509 2061 552 2132 ad
580 2059 760 2151 praedium
788 2063 823 2136 in
851 2062 1012 2152 Strugi
1040 2069 1188 2152 metere3
1206 2065 1290 2136 item
1307 2065 1485 2155 tabernae,
1505 2066 1588 2136 item
1607 2050 1792 2154 hortulani,

214 2179 310 2250 item
343 2181 542 2272 praedium.
569 2181 657 2254 Item
685 2204 752 2253 non
781 2189 836 2254 est
862 2185 912 2256 ibi
941 2184 1118 2255 scultetus.
1146 2184 1233 2255 Item
1261 2184 1396 2255 decima
1423 2184 1647 2276 manipularis
1674 2190 1711 2255 et
1737 2205 1794 2255 ca*

216 2302 369 2391 napalis
410 2303 557 2374 solvitur
593 2308 630 2374 et
657 2303 861 2376 conducitur
888 2325 951 2394 pro
978 2305 1141 2396 episcopo
1168 2304 1409 2396 (batoniensi,
1435 2308 1533 2378 cuius
1559 2308 1659 2378 valor
1689 2309 1794 2382 aesti-

104 2518 109 2529 .
217 2427 348 2494 matur
380 2423 425 2495 ad
452 2429 585 2516 septem
614 2443 757 2496 numuas.
784 2425 945 2498 Gonfinat
963 2482 971 2497 .
990 2481 1025 2497 ..

336 2545 477 2617 Dauos
507 2545 654 2636 Lunna,
682 2547 764 2618 villa
790 2548 855 2618 sub
882 2547 1242 2638 parochiaecclesiae
1267 2547 1312 2618 de
1330 2545 1605 2639 Podgrodze
1632 2550 1709 2641 sita,
1727 2550 1794 2644 luit

220 2668 412 2758 qnondam
440 2667 488 2738 ibi
517 2667 662 2738 ecclesia
689 2669 911 2760 parochialis·
935 2669 996 2740 sed
1023 2667 1201 2742 desertata
1219 2674 1283 2758 est
1301 2669 1399 2740 cuius
1418 2670 1614 2760 proprietas
1642 2672 1686 2743 ad
1715 2693 1794 2744 sau-

105 2874 106 2878 *
222 2789 455 2860 ctimoniales
481 2788 525 2860 de
552 2789 759 2879 Antiqua
785 2775 1001 2868 Sau'decz,
1018 2790 1179 2879 pertindt.
1205 2789 1245 2860 lu
1264 2810 1334 2880 qua
1350 2794 1424 2860 tres
1441 2789 1532 2860 lanei
1550 2791 1798 2882 cmetbonales,

223 2917 262 2980 et
292 2911 450 3002 quilibet
486 2910 592 2983 solvit
627 2931 691 3010 pro
719 2931 824 2982 censu
852 2917 931 2982 octo
958 2915 1106 3001 scottos,
1133 2911 1216 2982 item
1244 2931 1348 3014 unum
1375 2909 1524 3001 gallum,
1550 2911 1638 2983 duos
1664 2933 1794 3003 caseos,
1826 2923 1830 2932 '

226 3031 364 3122 vigInti
393 3053 479 3121 ova3
517 3033 599 3103 Item
637 3033 772 3104 ratione
807 3053 945 3127 oaszyep
972 3031 1076 3102 soIvIt
1112 3031 1259 3124 quilibet
1285 3051 1388 3102 unam
1415 3045 1610 3129 mensuram
1638 3034 1796 3124 siliginis,

226 3158 265 3224 et
294 3153 391 3226 duas
418 3173 549 3224 avenae
576 3151 768 3243 confertas,
795 3159 833 3223 et
859 3157 1009 3243 quatuor
1034 3171 1186 3246 grossos
1222 3152 1309 3223 Item
1330 3150 1514 3247 pmobom
1541 3153 1703 3227 laborant
1729 3142 1800 3246 pro

227 3281 385 3344 vere-et
412 3278 555 3345 aestate.
592 3273 679 3346 Item
714 3273 892 3364 praedium
929 3273 977 3345 ibi
1005 3294 1072 3344 non
1100 3279 1164 3346 est
1191 3265 1278 3344 Item
1304 3273 1464 3345 scoltetia
1490 3274 1538 3345 ibi
1565 3281 1636 3365 est,
1662 3276 1795 3349 babens

228 3417 341 3468 nuum
371 3395 518 3467 libemm
546 3395 693 3466 laneum.
730 3393 817 3465 Item
853 3395 1038 3484 tabernae,
1066 3395 1149 3466 item
1177 3394 1406 3466 bortnlaniae.
1447 3380 1547 3466 Item
1563 3417 1682 3468 omnes
1718 3397 1796 3486 agri

219 3515 340 3587 milae
380 3516 519 3588 solvunt
554 3522 590 3586 et
625 3515 821 3587 conducunt
858 3515 1028 3586 decimam
1062 3515 1311 3605 manipularem
1339 3521 1375 3586 et
1401 3516 1601 3606 canapalem
1617 3539 1694 3608 'pro
1720 3519 1795 3616 epi5
1865 3592 1869 3596 Α

130 3639 134 3646 ’
231 3657 344 3729 scopo
373 3636 615 3727 Oracoviensi,
642 3641 679 3736 et
705 3636 804 3708 valor
829 3636 906 3719 eius
935 3637 1142 3708 aesttnmtur
1168 3635 1212 3707 ad
1239 3643 1312 3709 tres
1340 3657 1483 3708 marcas.
1520 3637 1608 3708 Item
1636 3645 1718 3712 sunt
1745 3640 1794 3711 ibi

202 3743 369 3835 ‘multae
395 3759 526 3850 foveae,
553 3761 588 3830 in
617 3759 742 3850 quibus
759 3757 955 3850 aliquando
982 3779 1104 3830 aurum
1133 3759 1375 3858 quaerebatur.
1406 3757 1567 3830 Confluat
1585 3815 1592 3829 .
1612 3815 1647 3830 ..

343 3857 574 3972 Poppaeana,
601 3873 745 3953 villa'ad
764 3878 1043 3966 sanctimoniales
1066 3879 1110 3950 de
1138 3879 1346 3969 Antiqua
1372 3877 1580 3951 Sendecz
1608 3883 1795 3972 pertinens,

236 4002 304 4073 sub
331 4000 501 4094 parochia
527 4001 571 4073 de
597 3999 867 4093 Podgrodze
895 4001 972 4072 sita.
999 3999 1038 4072 In
1066 4019 1134 4091 qua
1153 4005 1235 4070 suot
1254 4000 1407 4090 quinque
1433 3999 1524 4071 lanei
1551 4003 1796 4091 emetbonales,

236 4124 300 4198 sed
328 4129 412 4196 sunt
439 4122 766 4215 aliqsilongiores,
803 4122 917 4213 aliqui·
945 4121 1142 4211 breviores,
1178 4127 1215 4191 et
1241 4121 1341 4192 iuxta
1367 4123 1596 4212 quantitatem
1632 4144 1794 4213 agrorum

238 4245 382 4346 solvunt
408 4267 566 4334 censum,
593 4244 886 4328 eo'nestimamur
912 4244 988 4334 agri
1015 4243 1118 4315 villae
1145 4243 1190 4314 ad
1217 4242 1397 4315 duodecim
1424 4243 1561 4334 laneos,
1598 4244 1641 4316 de
1669 4237 1809 4338 quibus'

240 4421 358 4438 .....
389 4367 472 4440 Item
499 4387 604 4438 unum
631 4365 770 4458 gallum,
797 4368 879 4438 item
907 4365 994 4437 duos
1022 4385 1166 4455 caseos,
1182 4365 1266 4437 item
1294 4365 1418 4455 viginti
1445 4366 1632 4455 camitem
1659 4367 1797 4440 ratione

239 4509 336 4586 ossep
364 4481 470 4562 solvit
497 4488 642 4579 quilibet
669 4509 771 4560 unam
792 4509 987 4560 mensuram
1008 4487 1156 4578 siliginis
1174 4493 1211 4558 ct
1228 4485 1316 4558 duas
1343 4507 1474 4559 avenae
1500 4485 1684 4580 confertas,
1711 4490 1796 4561 Item
1865 4527 1870 4532 -
1953 4514 1958 4521 ’

176 4605 197 4697 J
241 4619 394 4702 quatuor¹
418 4633 568 4702 grossos.
612 4611 699 4682 Item
720 4607 905 4706 pometum
932 4611 1094 4682 labomnt
1129 4629 1194 4700 pro
1224 4615 1369 4681 verset
1396 4615 1539 4682 aestate.
1582 4611 1670 4683 Item
1699 4633 1797 4703 praee

242 4731 335 4805 dium
363 4734 412 4805 ibi
440 4755 508 4805 non
537 4738 599 4805 est
626 4731 713 4804 Item
741 4753 809 4803 non
838 4736 891 4804 est
918 4731 1086 4826 scoltetia.
1121 4731 1208 4804 Item
1236 4730 1416 4822 profesto
1444 4729 1648 4805 Natiuitatis
1674 4739 1796 4806 tenena

242 4858 300 4927 tur
326 4855 472 4946 quilibet
508 4868 612 4928 unum
650 4834 793 4926 currum
820 4853 891 4925 limi
919 4853 1077 4926 educere.
1122 4853 1208 4924 Item
1235 4854 1422 4943 tabernae,
1459 4854 1542 4925 item
1571 4855 1797 4926 hortulaniae.

244 4975 330 5049 Item
358 4997 476 5048 omnes
504 4969 580 5068 agri
607 4976 711 5084 villae
748 4975 887 5048 solvunt
913 4981 948 5046 et
975 4975 1172 5048 conducunt
1202 4975 1374 5046 decimam
1403 4975 1649 5066 manipularem
1677 4984 1713 5046 et
1741 4997 1796 5070 ca·
1857 5045 1862 5054 ,

231 5099 402 5202 ἱηιραὶθιιι
430 5085 494 5192 pro
521 5099 683 5190 episcopo
710 5096 941 5188 Oracoviensi‚
969 5103 1005 5169 et
1033 5096 1132 5169 valor
1158 5097 1233 5168 eius
1260 5098 1465 5168 aestimatur
1492 5097 1536 5168 ad
1563 5095 1681 5169 decem
1705 5118 1796 5168 mar-

247 5219 499 5294 eae-consuat
518 5275 631 5292 .....

348 5341 477 5416 Menon
502 5341 747 5433 Swuunasno,
775 5337 856 5413 villa
882 5341 947 5412 sub
974 5341 1139 5430 parochIa
1165 5339 1209 5411 de
1237 5339 1363 5412 Nova
1388 5337 1594 5412 Sandecz
1621 5339 1709 5430 sita,
1736 5363 1795 5412 cu·
1839 5360 1843 5370 ·

247 5463 297 5536 ius
325 5465 519 5555 proprietas
547 5464 590 5535 ad
619 5463 897 5535 sanctimoniales
924 5462 968 5532 de
995 5461 1203 5552 Antiqua
1230 5461 1436 5532 Sandeoz
1463 5462 1624 5552 pertinet.
1661 5463 1700 5534 In
1729 5483 1813 5555 qua·
1853 5491 1857 5500 ·
1964 5476 1967 5483 ’

142 5595 146 5600 ’
193 5607 198 5620 ·
250 5589 327 5657 scint
353 5607 413 5658 sex
441 5587 532 5657 lanei
560 5585 811 5674 emethoneles,
839 5591 875 5655 et
902 5583 1047 5675 anIIbet
1076 5583 1181 5654 solvit
1207 5603 1271 5674 pro
1298 5603 1403 5654 censu
1431 5589 1510 5654 octo
1537 5585 1798 5675 scottae,··item
1845 5673 1849 5684 Ι

248 5727 349 5786 unum
376 5708 524 5798 gallum,
560 5707 646 5778 duos
674 5727 811 5795 caseos,
829 5747 832 5754 ν
851 5705 974 5795 vigioti
1002 5726 1076 5776 ora.
1120 5704 1209 5775 Item
1236 5705 1371 5777 ratione
1398 5725 1493 5801 oeoep
1520 5705 1626 5778 solvit
1652 5707 1798 5796 quilibet
