4492 6592
395 738 403 746 ⁶
503 750 579 819 466

504 944 775 1043 Guueguudi
810 952 922 1023 zelum
958 971 1122 1041 magnmn
1149 950 1194 1022 ad
1221 950 1377 1025 ordinem
1405 951 1508 1022 Beati
1544 951 1720 1023 Francisci
1747 952 1939 1039 hahentes,
1966 970 2054 1026 anno

500 1074 640 1161 Domini
671 1074 780 1144 1257.
806 1078 993 1169 erexerunt
1019 1073 1067 1142 et‘
1080 1071 1323 1161 fundaverunt,
1350 1077 1386 1142 et
1412 1072 1594 1162 collegium
1621 1071 1802 1170 duodecim
1819 1052 1969 1143 fratrum
1988 1062 2053 1144 Mi·

502 1216 626 1267 norum
654 1194 725 1266 illic
751 1199 959 1285 posuerunt,
985 1214 1058 1264 rem
1087 1194 1241 1265 divinam
1268 1198 1304 1264 et
1331 1194 1437 1265 horas
1464 1194 1648 1265 canonicas
1675 1215 1758 1267 voce
1787 1214 1914 1266 sonora
1941 1195 2059 1284 exple--

505 1322 633 1387 turum.
670 1315 853 1389 Praefatus
889 1317 1032 1406 insuper
1067 1310 1317 1387 Boleslaus
1338 1314 1547 1419 'Pudicus
1574 1314 1662 1405 dux,
1689 1320 1830 1405 sumptu
1857 1316 1997 1387 liberali
2023 1322 2057 1388 et

505 1438 707 1527 magnifico,
742 1438 921 1511 ecclesiam
956 1437 993 1509 in
1027 1438 1194 1509 honorem
1230 1436 1349 1509 Sancti
1383 1436 1550 1509 stanislai
1585 1437 1749 1527 martyris
1785 1437 1950 1527 gloriosi,
1977 1438 2055 1509 item

505 1559 755 1630 monasterium
782 1564 818 1629 et
844 1558 958 1649 cellas,
985 1563 1091 1649 atque
1118 1546 1319 1630 habitacula
1345 1578 1409 1648 pro
1437 1558 1550 1630 servis
1574 1558 1650 1648 Dei,
1678 1580 1796 1630 omnes
1814 1559 1972 1631 officinas
1990 1580 2056 1631 mo-

504 1680 650 1750 nasterii
686 1684 784 1751 coctu
820 1679 930 1750 latere
965 1686 1002 1750 et
1036 1678 1286 1769 pulcherrimo
1301 1678 1403 1750 modo
1431 1678 1644 1768 aedificavit,
1672 1699 1766 1769 quae,
1788 1680 1905 1750 omnia
1929 1680 1997 1750 iam
2024 1681 2055 1751 iu

504 1820 630 1889 magna
656 1805 755 1891 parte
781 1800 922 1871 ruinata
948 1805 1038 1889 sunt,
1064 1820 1136 1870 uec
1155 1802 1252 1869 tauto
1279 1805 1436 1890 tempore
1463 1792 1678 1887 instanrata3
1705 1799 1818 1871 uullcs
1844 1800 1937 1871 enim
1956 1800 2057 1872 habet

368 1920 371 1928 '
503 1920 698 2013 praefatum
725 1922 973 1994 monasterium
1001 1921 1156 1991 Novae
1183 1920 1416 1993 Civitatis
1443 1941 1576 2011 census,
1604 1920 1717 1993 nullos
1744 1920 1920 2011 introitus,
1939 1920 2054 1993 sedda

401 2138 404 2143 Ι
506 2042 596 2132 stipe
622 2043 787 2115 continua
812 2051 850 2115 et
875 2042 919 2114 de
944 2041 1174 2135 eleemosynis
1199 2042 1296 2117 ‚vivit
1697 2052 1703 2061 '

1084 2350 1489 2438 BITHOMIENSE.

443 2666 452 2677 „
611 2573 797 2667 Quintum
826 2578 1104 2650 monasterium
1134 2554 1281 2651 ordinis
1310 2574 1503 2651 Miaccum
1532 2578 1568 2649 in
1598 2574 1769 2649 dioecesi
1800 2570 2051 2649 cracoviensi

506 2700 543 2768 iu
579 2698 706 2788 oppido
742 2698 945 2788 Bithom,
982 2700 1080 2770 cuius
1115 2700 1314 2789 proprietas
1350 2698 1395 2769 ad
1422 2697 1676 2769 Gouradum
1714 2697 1834 2773 ducem
1862 2696 2054 2787 Olyeschui·

506 2841 663 2890 ocensem
691 2820 851 2909 pertinet,
879 2819 971 2911 quod
997 2841 1089 2891 anuo
1116 2818 1255 2891 Domini
1274 2872 1282 2889 .
1301 2874 1309 2889 .
1328 2872 1336 2889 .
1354 2820 1423 2891 dux
1451 2818 1770 2909 Olyeschuiczensis
1793 2824 1830 2890 et
1849 2819 2052 2923 Bithomieu-

507 2942 583 3011 sis.
604 2995 611 3009 .
631 2941 770 3011 .erexit
796 2947 833 3011 et
859 2940 1027 3030 laudavit,
1053 2946 1089 3011 et
1114 2940 1491 3013 coenobium‘fratrum
1518 2940 1704 3029 Minorem,
1732 2940 1791 3030 qui
1818 2961 1892 3009 rem
1912 2940 2052 3011 divinam

507 3069 544 3132 et
579 3062 763 3133 aaronitas
798 3062 903 3133 horas
939 3061 1011 3133 illic
1045 3062 1246 3152 explerent,
1282 3062 1453 3149 instituit,
1479 3060 1658 3133 ecclesiam
1687 3082 1822 3152 quoque
1852 3062 2055 3149 monasterii,

507 3183 592 3253 item
619 3190 656 3252 et
690 3183 958 3272 monasterium,
985 3182 1159 3272 cellasque
1195 3182 1287 3271 eius,
1315 3180 1459 3271 pulchro
1487 3180 1588 3251 modo
1609 3181 1814 3257 'fabricavit
1850 3180 1931 3252 Nou
1959 3182 2056 3253 hahet
2124 3159 2128 3167 ’

508 3302 615 3372 etiam
651 3302 787 3391 aliquos
822 3306 1012 3393 proventus
1046 3308 1083 3375 et
1117 3294 1258 3375 censum
1295 3302 1544 3373 monasterium
1571 3301 1782 3391 praefatum,
1809 3301 1872 3375 aed
1902 3323 1947 3373 ex
1975 3303 2056 3391 stipe

456 3414 459 3419 ’
505 3421 707 3511 quotidiana
733 3430 770 3495 et
794 3424 1024 3516 eleemosynis
1049 3422 1203 3496 fidelium
1232 3422 1326 3511 viuit,
1354 3422 1446 3513 quod
1473 3421 1565 3512 apud
1592 3422 1776 3494 dioecesim
1793 3420 2055 3495 (lraooviensem

421 3636 429 3643 .
513 3543 640 3615 fratres
667 3545 911 3617 conventuales
937 3545 1070 3617 ordinis
1096 3544 1272 3616 Minorum
1300 3544 1448 3633 primum
1476 3548 1513 3614 et
1539 3542 1687 3615 exclusit
1712 3550 1749 3614 et
1775 3543 1900 3632 eiecit,
1929 3550 1970 3615 et
2001 3544 2063 3615 lra-

507 3672 581 3736 tres
608 3666 762 3749 eiusdem
789 3666 922 3738 ordinis
946 3666 993 3738 de
1019 3666 1242 3739 observantia
1267 3666 1439 3755 suscepit;
1467 3648 1526 3753 uui
1553 3665 1764 3737 monasterio
1791 3666 1827 3736 in
1855 3684 1957 3737 suum
1978 3666 2059 3755 regi·

510 3808 589 3857 men
616 3794 788 3877 suscepto,
816 3786 964 3877 quodam
992 3794 1149 3877 tempore
1175 3786 1220 3857 ad
1248 3806 1400 3857 mensam
1429 3784 1602 3857 sedissent
1620 3785 1790 3875 pransuri,
1809 3786 1912 3875 panis
1930 3808 2060 3877 quoque

509 3929 530 3977 a
557 3907 748 3996 guardiauo
775 3914 812 3979 et
837 3907 1012 3979 iratribus·
1032 3907 1220 3997 diligenter
1238 3905 1365 3996 ubique
1384 3904 1607 4009 mendicatus,
1625 3925 1690 3995 pro
1709 3904 1898 3977 relectione
1916 3906 2058 3979 fratrum

509 4051 577 4099 non
614 4030 727 4119 possit
763 4030 894 4100 haberi.
939 4028 1069 4100 Mulier
1111 4026 1280 4119 quaedam
1317 4047 1394 4098 cum
1435 4026 1653 4099 vehementia
1689 4026 1834 4117 spiritus
1870 4028 2061 4117 adveniens,

510 4150 693 4239 cophinum
720 4150 773 4222 eis
799 4171 959 4240 magnum
987 4150 1127 4241 plenum
1155 4148 1352 4221 recentibus
1370 4153 1408 4219 et
1425 4147 1563 4219 noviter
1581 4148 1619 4221 ia
1635 4148 1772 4219 clibano
1790 4150 1899 4222 coctis
1918 4152 2059 4240 pauihm

509 4271 638 4358 attulit,
665 4278 702 4343 et
726 4270 891 4343 familiam
917 4272 984 4343 Dei
1011 4271 1144 4360 refecit,
1169 4289 1329 4341 assereus
1356 4288 1394 4341 se
1421 4274 1520 4341 tanta
1539 4270 1703 4341 uiolentia
1721 4270 1866 4359 spiritus
1886 4271 2057 4362 impulisse

510 4392 554 4462 ad
580 4392 760 4468 ferendum
787 4414 893 4483 panes
929 4414 993 4483 pro
1020 4392 1132 4463 serris
1159 4391 1243 4480 Dei,
1270 4390 1372 4461 utin
1400 4388 1571 4461 currendo
1597 4390 1862 4483 festinandoque
1888 4392 2062 4465 videretur

510 4514 577 4584 sihi
612 4514 801 4603 pennigero
837 4514 957 4585 volatu
992 4514 1197 4585 cucurrisse.
1233 4510 1461 4601 Apparebant
1487 4512 1593 4582 etiam
1620 4518 1700 4602 post
1725 4513 1922 4603 ingressum
1948 4535 2060 4587 eorum

511 4635 546 4703 in
574 4633 703 4705 dictum
731 4635 990 4725 monasterium,
1017 4634 1098 4705 dum
1125 4632 1330 4704 matutinale
1357 4632 1506 4704 officium
1534 4639 1707 4724 ageretur,
1734 4636 1966 4709 humanorum
1994 4657 2059 4709 cor·

510 4776 631 4843 pamm
659 4756 781 4827 habitu
808 4756 925 4827 Sancti
951 4755 1130 4827 Francisci
1157 4754 1356 4825 indutorum
1383 4752 1514 4825 formae
1542 4754 1657 4845 iguem
1684 4761 1862 4829 vomentes
1889 4758 2058 4830 flammiie

443 4902 448 4909 ·
509 4898 596 4965 rum,
624 4876 771 4947 officium
799 4877 1004 4948 matutinale
1031 4897 1093 4947 suo
1120 4874 1271 4964 strepitu
1298 4881 1334 4945 et
1361 4874 1511 4946 clamore
1538 4876 1676 4965 saepius
1702 4878 1962 4970 perturbantes,
1982 4900 2059 4970 quae

510 4998 649 5068 tandem
677 5018 740 5088 per
765 4998 995 5087 guardiauum
1023 5004 1060 5068 et
1086 4997 1215 5069 iratres
1242 4995 1309 5067 loci
1337 5017 1400 5085 per
1428 5016 1552 5067 nomeu
1579 4995 1712 5070 Christi
1739 4998 1903 5090 adiurati,
1923 5022 2058 5091 respou-

510 5119 637 5191 deruut
664 5140 701 5190 se
728 5120 862 5191 animas
897 5141 1017 5191 eorum
1051 5118 1198 5189 fratrum
1235 5117 1511 5189 conventualium
1539 5138 1634 5208 esse,
1662 5120 1722 5211 qni
1748 5121 1923 5210 quondam
1951 5144 2057 5193 mona-

509 5243 654 5313 sterium
681 5241 767 5312 illud
794 5241 1010 5330 incolehaut3
1038 5245 1073 5311 et
1100 5238 1262 5330 quoniam
1291 5238 1522 5329 negligentius
1540 5240 1664 5320 ,officia
1691 5248 1861 5313 nocturna
1888 5249 1926 5314 et
1943 5244 2055 5314 diuma

510 5362 643 5433 ordinis
670 5368 706 5433 et
732 5362 967 5453 perfunctorie
1003 5362 1213 5452 implebant,
1240 5361 1275 5431 in
1303 5360 1513 5432 cruciatibus
1540 5364 1733 5451 purgatorii
1761 5363 1850 5455 ignis
1878 5365 2054 5453 constituti,

510 5483 649 5572 explere
676 5482 737 5553 illa
763 5483 797 5553 iu
824 5483 900 5555 loco
928 5506 995 5573 quo
1023 5482 1250 5573 deliquerant,
1278 5480 1513 5571 scrupulosius
1541 5488 1578 5554 et
1604 5482 1763 5556 devotius
1782 5492 1964 5579 coguntur,
1983 5506 2052 5577 pur·

512 5604 663 5701 gationis
690 5611 848 5706 tompore
875 5605 925 5677 eis
953 5604 1152 5692 constituto,
1179 5602 1224 5674 ad
1252 5624 1421 5693 perennes
1449 5594 1549 5676 sedes
1578 5606 1772 5678 transituri.
