4492 6592
429 668 618 756 -asc'

333 887 348 966 ,’
483 892 571 963 ltcm
599 891 633 960 in
661 888 779 960 eadem
807 887 891 959 villa
904 867 972 959 'est
998 909 1068 958 una
1094 887 1242 958 taberna
1268 886 1401 990 babens
1426 870 1548 975 agros,
1586 905 1674 974 quae
1701 883 1806 955 solvit
1832 903 1896 974 pro
1922 897 2025 955 annuo

485 1031 589 1082 censu
616 1011 702 1082 duas
729 1029 882 1098 marcas,
919 1015 955 1079 et
982 1009 1148 1078 decimam
1176 1007 1291 1105 solvit
1327 986 1363 1076 in
1388 1003 1596 1102 pontiliacum
1630 1006 1781 1076 vicariae
1808 985 2027 1076 Gracoviensi.

485 1132 573 1204 Item
600 1137 653 1202 est
680 1131 715 1200 in
742 1121 862 1200 eadem
890 1123 973 1199 villa
999 1149 1088 1199 innuis
1115 1127 1237 1198 laneus
1265 1127 1444 1215 militaris,
1471 1114 1651 1216 pertinens
1678 1127 1722 1197 ad
1748 1109 1965 1207 coenobium,
1989 1127 2028 1196 de

485 1271 552 1342 quo
592 1251 774 1322 solvuntur
819 1249 907 1320 duae
943 1268 1153 1337 aeramnae,
1198 1253 1235 1317 et
1262 1248 1394 1317 decima
1440 1247 1587 1317 solvitur
1632 1247 1781 1318 vicariae
1816 1244 2027 1317 Gracouiensi

394 1353 398 1366 ¹
485 1374 522 1444 in
546 1369 760 1466 poticam.
801 1368 887 1441 [tem
924 1369 1091 1439 medietas
1128 1368 1230 1438 villae
1265 1367 1445 1457 praefatae
1471 1367 1780 1469 Blogoczicze
1807 1367 1956 1456 pertinet
1989 1367 2028 1436 ad
2116 1384 2125 1399 ·

486 1491 661 1582 praefatos
697 1491 945 1580 Zegotham
988 1481 1338 1578 etRaphaelem
1375 1488 1418 1558 de
1454 1486 1646 1577 Rytber‚
1683 1486 1896 1558 nobilesde
1934 1489 2030 1556 armis

487 1611 813 1702 Bippenuium‚
849 1612 906 1700 qui
943 1595 1082 1680 babent
1111 1611 1159 1680 ibi
1186 1629 1247 1680 sex
1274 1603 1392 1679 laneos
1409 1609 1670 1696 'cmetbunales,
1698 1609 1752 1708 ,de
1777 1607 1902 1698 quibus
1929 1607 2032 1695 perci-

487 1733 587 1824 piunt
612 1733 689 1803 iura
707 1732 891 1818 militaria,
919 1731 1108 1820 dequibus
1137 1720 1275 1820 quidem
1301 1750 1362 1800 sen
1388 1729 1511 1799 laneis·
1525 1729 1693 1800 decimam
1719 1729 1867 1818 percipit
1886 1725 2033 1817 manipu

488 1855 595 1926 larem
624 1853 822 1944 praebenda
841 1851 1078 1922 Orucoricnsis
1106 1850 1281 1940 appellata
1307 1851 1619 1938 Bosszutbowslca,
1646 1855 1682 1920 et
1698 1851 1799 1920 valor
1824 1851 1899 1919 eius
1918 1835 2034 1919 ad'sex

423 1971 427 1974 ’
490 1994 633 2047 marcas.
674 1974 759 2044 ltem
787 1972 1020 2044 molendinum
1053 1991 1158 2042 uuum
1192 1972 1324 2042 liabens
1352 1992 1455 2061 agros
1473 1972 1508 2041 in
1528 1959 1669 2042 flumine
1695 1953 1923 2055 Seneklecn
1950 1971 2036 2072 quod

491 2083 560 2186 pru*
573 2094 740 2166 militibus
759 2093 862 2164 solvit
879 2099 950 2163 tres
969 2099 1088 2182 partes
1107 2081 1514 2181 emolumentorum,³pro
1528 2093 1740 2162 monasterio
1760 2096 1928 2180 quartam.
1954 2080 2036 2189 Item

491 2213 749 2316 uillapraeluto
766 2213 917 2286 confluat
943 2233 1019 2284 cum
1045 2213 1139 2282 villis
1166 2213 1469 2306 Radaimicze,
1498 2211 1666 2302 Wolya.
1694 2211 1990 2303 Nyegardom.

495 2375 498 2382 ·
594 2333 857 2422 Manocmozn,
899 2333 981 2406 villa
1007 2336 1071 2404 sub
1099 2335 1265 2422 parocbia
1291 2333 1457 2403 ecclesiae
1493 2333 1536 2403 de
1564 2319 1932 2422 Proscbo'wpcze
1967 2334 2037 2417 sita,

492 2453 588 2528 cuius
615 2439 812 2545 proprietas
839 2461 875 2525 et
900 2456 1088 2526 dominium
1116 2455 1160 2525 ad
1188 2453 1436 2526 monasterium
1462 2454 1773 2524 sanctimonialium
1800 2449 1963 2543 pertinet.
2001 2453 2037 2522 ln

378 2611 381 2616 ·
493 2597 561 2667 que
587 2583 669 2647 sunt
695 2595 755 2646 sex
781 2576 874 2646 lanei
902 2575 1154 2664 cmetbunales,
1190 2581 1237 2645 et·
1255 2575 1401 2664 quilibet
1437 2576 1572 2645 cmetbo
1600 2575 1705 2644 solvit
1742 2575 1785 2645 de
1803 2573 1914 2644 ‘laneo
1942 2593 2038 2645 onan

493 2715 643 2768 marcam
671 2683 860 2767 communis
886 2697 1068 2786 pecuniae,
1095 2697 1179 2766 bem
1206 2697 1294 2766 duos
1320 2695 1449 2785 gallea,
1476 2697 1557 2765 item
1585 2696 1709 2784 viginu
1725 2715 1818 2782 ova,
1846 2697 1931 2766 item
1958 2695 2037 2765 duos

495 2837 630 2906 cascos,
667 2817 749 2888 item
778 2815 864 2887 duos
896 2835 996 2888 coros
1032 2836 1162 2887 avenae
1197 2836 1379 2888 mensurae
1415 2815 1591 2920 confertae
1609 2815 1923 2901 *Pruscboriensim
1963 2817 2039 2886 item

493 2935 665 3033 rnyodcwc
689 2953 756 3027 per
779 2937 930 3007 medium
957 2957 1125 3026 grossum.
1157 2937 1244 3008 ltem
1272 2937 1625 3008 tenentur'laborare
1651 2937 1757 3007 unum
1781 2937 1887 3006 diem
1929 2932 2040 3006 in‘se·
2090 2993 2094 2997 .

493 3060 658 3149 ptimana,
685 3057 826 3148 proprio
854 3077 958 3128 curru
986 3064 1046 3129 aut
1064 3066 1194 3145 aratro;
1220 3059 1250 3128 si
1264 3065 1378 3129 tamen
1397 3063 1569 3149 coguntur
1594 3075 1657 3148 per
1674 3057 1872 3131 violentiam
1892 3059 1927 3126 in
1948 3075 2041 3147 prae-

495 3179 553 3250 dio
580 3179 707 3268 regali,
743 3177 894 3249 absoluti
931 3185 1011 3249 sunt
1038 3197 1059 3248 a
1084 3179 1206 3251 labore
1241 3180 1392 3268 dierum,
1429 3199 1534 3270 quum
1570 3180 1663 3249 iuste
1688 3185 1854 3249 tenentur
1885 3179 2040 3250 laborare

496 3298 824 3370 sanctimonialibus.
851 3298 937 3368 Item
955 3300 990 3368 in
1010 3299 1129 3370 eadem
1156 3300 1240 3371 villa
1267 3306 1409 3371 nonest
1435 3299 1614 3389 praedium
1642 3299 1850 3387 coenobiale,
1877 3290 2042 3369 nunaunt

496 3421 669 3508 tabernae,
697 3439 765 3491 non
793 3425 874 3490 sunt
900 3405 1127 3491 hortulaniae.
1155 3421 1241 3491 ltem
1260 3422 1296 3490 in
1315 3419 1445 3491 eadam*
1461 3418 1544 3491 uilla
1561 3426 1615 3489 est
1634 3419 1813 3491 lebannes
1840 3419 2042 3489 M'akocz·

496 3542 578 3630 sky
605 3540 648 3610 de
675 3543 779 3610 armis
806 3540 954 3629 Rs'wa,
991 3541 1049 3632 qui
1077 3541 1230 3612 eiusdem
1258 3541 1361 3612 villae
1387 3542 1552 3611 maiorem
1580 3542 1670 3611 citra
1696 3541 1756 3633 vel
1778 3541 2042 3642 minoremsor·

496 3669 567 3756 tem
594 3661 749 3750 possidet
776 3669 812 3732 et
839 3663 945 3764 babet
972 3663 1019 3733 ibi
1047 3669 1198 3752 quatuor
1233 3662 1350 3732 laneos
1378 3661 1631 3750 cmetbunales,
1667 3661 1710 3731 de
1738 3661 1863 3750 quibus
1900 3667 2044 3751 quatuor

497 3782 605 3854 laneis
628 3782 858 3870 ,militaribus
896 3773 933 3853 et
959 3803 1019 3854 sex
1047 3783 1156 3854 laneis
1184 3783 1460 3870 coenobialibus,
1488 3783 1636 3852 solvitur
1662 3781 1796 3852 decima
1822 3781 2043 3871 manipularis

498 3902 715 3992 praebendae
742 3903 979 3992 cracoviensi,
1016 3923 1104 3994 quae
1131 3903 1261 3974 dicitur
1277 3904 1511 3990 :Bodzowslra
1538 3907 1574 3973 et
1599 3903 1768 3973 inducunt
1788 3898 1869 3972 <eam
1898 3901 2044 3982 cmetbu-

498 4045 558 4094 nes
586 4024 621 4094 in
648 4025 810 4096 borreum
838 4045 859 4094 a
884 4024 1050 4116 canonicp
1065 4007 1273 4112 locandum,
1301 4030 1337 4094 ct
1364 4025 1531 4095 decimam
1558 4025 1681 4114 canapi
1709 4024 1849 4095 solvunt
1875 4045 1942 4114 per
1969 4027 2043 4114 q'ua·

424 4123 439 4180 ’·
497 4150 579 4214 tuor
606 4145 761 4233 lampas,
797 4151 833 4216 et
859 4141 964 4215 valor¹
984 4145 1058 4214 eius
1085 4145 1290 4216 aestimatur
1325 4144 1368 4215 ad
1395 4145 1522 4231 decem!
1540 4151 1578 4216 et
1604 4152 1682 4215 octo
1708 4147 1852 4229 marcas.
1899 4143 1988 4215 Item
2012 4146 2042 4214 in

498 4264 618 4336 eadem
646 4264 728 4336 villa
754 4264 1052 4336 Makoczicze
1079 4271 1135 4336 est
1160 4260 1342 4354 praedium
1366 4265 1535 4355 militare,
1563 4266 1764 4336 distinctum
1791 4267 1827 4334 iu
1854 4271 1930 4335 tres
1949 4287 2041 4340 cam-

451 4403 453 4410 *
498 4387 571 4474 pos,
598 4385 641 4455 de
668 4386 765 4456 cuius
792 4387 885 4476 agris
913 4387 1059 4457 soluitur
1086 4387 1220 4480 decima
1233 4387 1459 4476 manipularis
1486 4386 1740 4476 praebendarlo
1767 4386 1841 4456 sive
1869 4373 2052 4457 cluniae

500 4507 535 4576 in
564 4503 921 4578 Proscbowicze.
949 4507 1035 4578 ltem
1053 4507 1138 4584 villa
1154 4507 1275 4578 eode'm
1293 4506 1444 4578 confluat
1462 4527 1537 4576 cum
1557 4507 1649 4586 villis
1668 4503 1873 4595 Kouary,
1901 4505 2045 4596 Opatb·

502 4625 703 4698 kouicze
730 4634 766 4697 et
791 4647 871 4698 cum·
896 4627 1023 4717 oppido
1050 4626 1416 4699 Prosclrowicze.
1988 4628 1992 4636 ’

605 4745 876 4835 Rusucmona,
917 4748 1000 4817 villa
1026 4749 1090 4819 sub
1117 4749 1283 4838 parocbia
1317 4745 1483 4819 ecclesiae
1518 4749 1562 4818 de
1588 4747 1939 4838 K'oscz'yelyecz
1976 4750 2074 4839 sita'
2142 4761 2144 4850 ξ

408 4933 413 4941 .
501 4869 599 4940 cuius
626 4867 821 4957 proprietas
840 4876 876 4939 et
894 4867 1081 4939 dominium
1106 4853 1150 4939 ad
1166 4870 1415 4941 monasterium
1433 4869 1744 4939 sanctimonialium
1772 4870 1808 4938 in
1827 4868 2046 4960 Stbanpa·
2142 4855 2144 4888 ²

500 4989 613 5079 tblry
640 4989 801 5078 pertinet.
839 4989 879 5059 ln
908 5009 974 5079 qua
996 4996 1092 5060 sunt
1129 4998 1262 5078 septem
1289 4991 1381 5060 lanei
1409 4989 1651 5076 cmetbunales,
1679 4996 1716 5059 et
1742 4990 1888 5079 quilibet
1915 4982 2045 5062 cmetbo

503 5109 607 5180 soluit
632 5126 695 5198 pro
722 5129 835 5180 annuo
863 5129 967 5181 censu
995 5130 1098 5180 unam
1125 5113 1274 5182 marcam
1302 5089 1491 5181 communis
1518 5111 1692 5199 pecuniae,
1719 5111 1802 5181 item
1822 5111 1950 5199 viginti
1977 5134 2046 5198 ova,

503 5229 586 5302 mm
613 5229 700 5302 duos
727 5237 862 5322 cascos,
890 5231 971 5301 item
998 5229 1086 5300 duos
1113 5249 1281 5320 capones,
1308 5233 1389 5300 item
1405 5209 1486 5321 'pru‘
1510 5228 1680 5324 rapodone
1707 5230 1856 5300 medium
1884 5251 2047 5321 grossum,

503 5352 676 5439 itempro
704 5371 872 5444 oproewuc
890 5351 1038 5422 medium
1066 5349 1245 5440 grossum3
1286 5353 1367 5420 item
1396 5351 1439 5420 de
1465 5349 1620 5440 quolibet
1656 5335 1755 5421 laneo
1791 5351 1937 5423 solvunt·
1968 5351 2045 5424 dnos
2142 5393 2144 5446 3

504 5489 604 5551 coros
630 5489 759 5542 arenae
786 5461 970 5544 mensurae
995 5470 1169 5543 confertae
1188 5471 1483 5559 Prosobuviensis;
1503 5472 1593 5541 item
1620 5471 1783 5542 laborant
1808 5471 1896 5543 duos
1915 5473 2047 5544 diesin
2142 5507 2144 5540 r

433 5685 436 5694 Ι
505 5590 706 5680 septimane,
732 5593 874 5681 proprio
901 5605 1006 5664 curru
1032 5599 1094 5663 aut
1121 5596 1248 5663 aratro.
1274 5591 1363 5662 Item
1380 5587 1566 5699 ¹in-eade'm
1582 5590 1667 5663 tilla
1683 5569 1904 5664 est-taberna
1920 5579 2047 5666 liabens
