<?xml version="1.0" encoding="UTF-8"?>
<!DOCTYPE html PUBLIC "-//W3C//DTD XHTML 1.0 Transitional//EN"
    "http://www.w3.org/TR/xhtml1/DTD/xhtml1-transitional.dtd">
<html xmlns="http://www.w3.org/1999/xhtml" xml:lang="en" lang="en">
 <head>
  <title>
</title>
<meta http-equiv="Content-Type" content="text/html;charset=utf-8" />
  <meta name='ocr-system' content='tesseract 3.04.00' />
  <meta name='ocr-capabilities' content='ocr_page ocr_carea ocr_par ocr_line ocrx_word'/>
</head>
<body>
  <div class='ocr_page' id='page_1' title='image "./operaomnia00paulgoog_0395.png"; bbox 0 0 4492 6592; ppageno 0'>
   <div class='ocr_carea' id='block_1_1' title="bbox 249 718 563 787">
    <p class='ocr_par' dir='ltr' id='par_1_1' title="bbox 249 718 563 787">
     <span class='ocr_line' id='line_1_1' title="bbox 249 718 563 787; baseline 0 0"><span class='ocrx_word' id='word_1_1' title='bbox 249 757 256 774; x_wconf 88' lang='lat'><strong>·</strong></span> <span class='ocrx_word' id='word_1_2' title='bbox 369 765 374 772; x_wconf 86' lang='lat'><em>·</em></span> <span class='ocrx_word' id='word_1_3' title='bbox 452 718 563 787; x_wconf 63' lang='grc'><strong>·3’70</strong></span> 
     </span>
    </p>
   </div>
   <div class='ocr_carea' id='block_1_2' title="bbox 343 909 2031 5728">
    <p class='ocr_par' dir='ltr' id='par_1_2' title="bbox 485 909 2030 1616">
     <span class='ocr_line' id='line_1_2' title="bbox 519 909 2028 1014; baseline -0.001 -21"><span class='ocrx_word' id='word_1_4' title='bbox 519 995 522 1006; x_wconf 76' lang='grc'>,</span> <span class='ocrx_word' id='word_1_5' title='bbox 589 921 885 993; x_wconf 79' lang='lat' dir='ltr'>Murenowrczn</span> <span class='ocrx_word' id='word_1_6' title='bbox 911 909 1052 1010; x_wconf 77' lang='lat' dir='ltr'>maon,</span> <span class='ocrx_word' id='word_1_7' title='bbox 1079 920 1144 991; x_wconf 93' lang='lat' dir='ltr'>sub</span> <span class='ocrx_word' id='word_1_8' title='bbox 1170 919 1337 1009; x_wconf 86' lang='lat' dir='ltr'>parochie</span> <span class='ocrx_word' id='word_1_9' title='bbox 1361 919 1526 992; x_wconf 83' lang='lat' dir='ltr'>ecclesiae</span> <span class='ocrx_word' id='word_1_10' title='bbox 1553 920 1597 991; x_wconf 85' lang='lat' dir='ltr'>&#39;de</span> <span class='ocrx_word' id='word_1_11' title='bbox 1622 919 2028 1014; x_wconf 78' lang='lat' dir='ltr'>Dzyetrzyclrouy-</span> 
     </span>
     <span class='ocr_line' id='line_1_3' title="bbox 485 1039 2030 1138; baseline 0.001 -24"><span class='ocrx_word' id='word_1_12' title='bbox 485 1065 562 1114; x_wconf 89' lang='lat' dir='ltr'>oze</span> <span class='ocrx_word' id='word_1_13' title='bbox 589 1043 665 1130; x_wconf 89' lang='lat' dir='ltr'>site,</span> <span class='ocrx_word' id='word_1_14' title='bbox 693 1041 790 1112; x_wconf 90' lang='lat' dir='ltr'>cuius</span> <span class='ocrx_word' id='word_1_15' title='bbox 817 1041 1014 1130; x_wconf 76' lang='lat' dir='ltr'><strong>proprietas</strong></span> <span class='ocrx_word' id='word_1_16' title='bbox 1041 1039 1086 1112; x_wconf 87' lang='lat' dir='ltr'>ad</span> <span class='ocrx_word' id='word_1_17' title='bbox 1114 1041 1361 1111; x_wconf 88' lang='lat' dir='ltr'>monesterium</span> <span class='ocrx_word' id='word_1_18' title='bbox 1380 1039 1685 1138; x_wconf 78' lang='lat' dir='ltr'>Andrzeyoviense</span> <span class='ocrx_word' id='word_1_19' title='bbox 1712 1042 1879 1132; x_wconf 86' lang='lat' dir='ltr'>pertinet.</span> <span class='ocrx_word' id='word_1_20' title='bbox 1910 1041 2030 1134; x_wconf 87' lang='lat' dir='ltr'>Inque</span> 
     </span>
     <span class='ocr_line' id='line_1_4' title="bbox 486 1161 2030 1255; baseline -0.001 -19"><span class='ocrx_word' id='word_1_21' title='bbox 486 1169 569 1236; x_wconf 85' lang='lat' dir='ltr'>sunt</span> <span class='ocrx_word' id='word_1_22' title='bbox 595 1168 675 1234; x_wconf 90' lang='lat' dir='ltr'>octo</span> <span class='ocrx_word' id='word_1_23' title='bbox 703 1161 795 1233; x_wconf 90' lang='lat' dir='ltr'>Ienei</span> <span class='ocrx_word' id='word_1_24' title='bbox 823 1161 1076 1250; x_wconf 85' lang='lat' dir='ltr'>cmetboneles‚</span> <span class='ocrx_word' id='word_1_25' title='bbox 1117 1161 1290 1252; x_wconf 76' lang='lat' dir='ltr'><strong>solvitque</strong></span> <span class='ocrx_word' id='word_1_26' title='bbox 1317 1161 1464 1252; x_wconf 81' lang='lat' dir='ltr'>quilibet</span> <span class='ocrx_word' id='word_1_27' title='bbox 1498 1183 1562 1252; x_wconf 92' lang='lat' dir='ltr'>pro</span> <span class='ocrx_word' id='word_1_28' title='bbox 1598 1181 1704 1234; x_wconf 91' lang='lat' dir='ltr'>censu</span> <span class='ocrx_word' id='word_1_29' title='bbox 1738 1162 1869 1253; x_wconf 81' lang='lat' dir='ltr'>viginti</span> <span class='ocrx_word' id='word_1_30' title='bbox 1893 1184 2030 1255; x_wconf 65' lang='lat' dir='ltr'>grossos,</span> 
     </span>
     <span class='ocr_line' id='line_1_5' title="bbox 485 1281 2029 1373; baseline 0.002 -18"><span class='ocrx_word' id='word_1_31' title='bbox 485 1287 569 1356; x_wconf 89' lang='lat' dir='ltr'>item</span> <span class='ocrx_word' id='word_1_32' title='bbox 597 1303 664 1354; x_wconf 88' lang='lat' dir='ltr'>ove</span> <span class='ocrx_word' id='word_1_33' title='bbox 690 1281 846 1372; x_wconf 85' lang='lat' dir='ltr'>triginta,</span> <span class='ocrx_word' id='word_1_34' title='bbox 874 1282 957 1353; x_wconf 88' lang='lat' dir='ltr'>item</span> <span class='ocrx_word' id='word_1_35' title='bbox 984 1281 1095 1372; x_wconf 84' lang='lat' dir='ltr'>gallos</span> <span class='ocrx_word' id='word_1_36' title='bbox 1123 1281 1220 1371; x_wconf 87' lang='lat' dir='ltr'>duos,</span> <span class='ocrx_word' id='word_1_37' title='bbox 1246 1283 1330 1353; x_wconf 88' lang='lat' dir='ltr'>item</span> <span class='ocrx_word' id='word_1_38' title='bbox 1349 1301 1468 1354; x_wconf 87' lang='lat' dir='ltr'>caseos</span> <span class='ocrx_word' id='word_1_39' title='bbox 1495 1281 1593 1372; x_wconf 89' lang='lat' dir='ltr'>dnos;</span> <span class='ocrx_word' id='word_1_40' title='bbox 1619 1283 1703 1354; x_wconf 88' lang='lat' dir='ltr'>item</span> <span class='ocrx_word' id='word_1_41' title='bbox 1730 1283 1872 1354; x_wconf 87' lang='lat' dir='ltr'>laborat</span> <span class='ocrx_word' id='word_1_42' title='bbox 1899 1283 2029 1373; x_wconf 79' lang='lat' dir='ltr'>quilibet</span> 
     </span>
     <span class='ocr_line' id='line_1_6' title="bbox 486 1401 2030 1502; baseline -0.001 -26"><span class='ocrx_word' id='word_1_43' title='bbox 486 1401 625 1476; x_wconf 80' lang='lat' dir='ltr'>ietrzini</span> <span class='ocrx_word' id='word_1_44' title='bbox 652 1424 716 1493; x_wconf 92' lang='lat' dir='ltr'>pro</span> <span class='ocrx_word' id='word_1_45' title='bbox 734 1403 857 1494; x_wconf 84' lang='lat' dir='ltr'>hyeme</span> <span class='ocrx_word' id='word_1_46' title='bbox 876 1408 912 1474; x_wconf 91' lang='lat' dir='ltr'>et</span> <span class='ocrx_word' id='word_1_47' title='bbox 930 1423 1012 1474; x_wconf 89' lang='lat' dir='ltr'>vere</span> <span class='ocrx_word' id='word_1_48' title='bbox 1030 1402 1066 1473; x_wconf 94' lang='lat' dir='ltr'>in</span> <span class='ocrx_word' id='word_1_49' title='bbox 1085 1402 1228 1492; x_wconf 87' lang='lat' dir='ltr'>praedIo</span> <span class='ocrx_word' id='word_1_50' title='bbox 1254 1402 1458 1493; x_wconf 87' lang='lat' dir='ltr'>coenobiali,</span> <span class='ocrx_word' id='word_1_51' title='bbox 1484 1404 1568 1475; x_wconf 85' lang='lat' dir='ltr'>item</span> <span class='ocrx_word' id='word_1_52' title='bbox 1585 1401 1774 1498; x_wconf 72' lang='lat' dir='ltr'>parebam,</span> <span class='ocrx_word' id='word_1_53' title='bbox 1800 1403 1890 1474; x_wconf 81' lang='lat' dir='ltr'>item</span> <span class='ocrx_word' id='word_1_54' title='bbox 1907 1426 2030 1502; x_wconf 78' lang='lat' dir='ltr'>osezpep</span> 
     </span>
     <span class='ocr_line' id='line_1_7' title="bbox 486 1523 2030 1616; baseline -0.001 -18"><span class='ocrx_word' id='word_1_55' title='bbox 486 1525 591 1598; x_wconf 86' lang='lat' dir='ltr'>solvit</span> <span class='ocrx_word' id='word_1_56' title='bbox 618 1524 781 1616; x_wconf 80' lang='lat' dir='ltr'>quilibet,</span> <span class='ocrx_word' id='word_1_57' title='bbox 808 1523 851 1596; x_wconf 89' lang='lat' dir='ltr'>de</span> <span class='ocrx_word' id='word_1_58' title='bbox 877 1523 979 1595; x_wconf 88' lang='lat' dir='ltr'>laneo</span> <span class='ocrx_word' id='word_1_59' title='bbox 1006 1523 1093 1595; x_wconf 87' lang='lat' dir='ltr'>duas</span> <span class='ocrx_word' id='word_1_60' title='bbox 1122 1543 1252 1596; x_wconf 81' lang='lat' dir='ltr'>evenne</span> <span class='ocrx_word' id='word_1_61' title='bbox 1279 1529 1316 1595; x_wconf 92' lang='lat' dir='ltr'>et</span> <span class='ocrx_word' id='word_1_62' title='bbox 1341 1543 1446 1595; x_wconf 90' lang='lat' dir='ltr'>unam</span> <span class='ocrx_word' id='word_1_63' title='bbox 1474 1523 1622 1613; x_wconf 79' lang='lat' dir='ltr'>siliginis</span> <span class='ocrx_word' id='word_1_64' title='bbox 1648 1544 1832 1596; x_wconf 86' lang='lat' dir='ltr'>mensuras</span> <span class='ocrx_word' id='word_1_65' title='bbox 1860 1524 2030 1616; x_wconf 65' lang='lat' dir='ltr'>confertas</span> 
     </span>
    </p>

    <p class='ocr_par' dir='ltr' id='par_1_3' title="bbox 407 1622 2031 2098">
     <span class='ocr_line' id='line_1_8' title="bbox 407 1622 2030 1741; baseline 0.001 -24"><span class='ocrx_word' id='word_1_66' title='bbox 407 1622 412 1636; x_wconf 55' lang='lat'>⁸</span> <span class='ocrx_word' id='word_1_67' title='bbox 487 1647 570 1717; x_wconf 88' lang='lat' dir='ltr'>itern</span> <span class='ocrx_word' id='word_1_68' title='bbox 597 1645 746 1716; x_wconf 85' lang='lat' dir='ltr'>taberne</span> <span class='ocrx_word' id='word_1_69' title='bbox 772 1664 842 1716; x_wconf 92' lang='lat' dir='ltr'>une</span> <span class='ocrx_word' id='word_1_70' title='bbox 868 1644 999 1716; x_wconf 91' lang='lat' dir='ltr'>habens</span> <span class='ocrx_word' id='word_1_71' title='bbox 1026 1663 1140 1734; x_wconf 86' lang='lat' dir='ltr'>agros,</span> <span class='ocrx_word' id='word_1_72' title='bbox 1167 1647 1204 1714; x_wconf 88' lang='lat' dir='ltr'>et</span> <span class='ocrx_word' id='word_1_73' title='bbox 1229 1644 1335 1716; x_wconf 86' lang='lat' dir='ltr'>solvit</span> <span class='ocrx_word' id='word_1_74' title='bbox 1360 1664 1425 1734; x_wconf 93' lang='lat' dir='ltr'>pro</span> <span class='ocrx_word' id='word_1_75' title='bbox 1443 1636 1550 1716; x_wconf 85' lang='lat' dir='ltr'>censu</span> <span class='ocrx_word' id='word_1_76' title='bbox 1576 1644 1663 1720; x_wconf 83' lang='lat' dir='ltr'>duee</span> <span class='ocrx_word' id='word_1_77' title='bbox 1689 1665 1887 1741; x_wconf 79' lang='lat' dir='ltr'>sexagenas</span> <span class='ocrx_word' id='word_1_78' title='bbox 1905 1649 1942 1716; x_wconf 88' lang='lat' dir='ltr'>et</span> <span class='ocrx_word' id='word_1_79' title='bbox 1957 1645 2030 1718; x_wconf 90' lang='lat' dir='ltr'>nibil</span> 
     </span>
     <span class='ocr_line' id='line_1_9' title="bbox 487 1764 2030 1856; baseline 0.001 -20"><span class='ocrx_word' id='word_1_80' title='bbox 487 1765 634 1856; x_wconf 83' lang='lat' dir='ltr'>laborat3</span> <span class='ocrx_word' id='word_1_81' title='bbox 661 1766 746 1837; x_wconf 90' lang='lat' dir='ltr'>item</span> <span class='ocrx_word' id='word_1_82' title='bbox 772 1764 993 1836; x_wconf 88' lang='lat' dir='ltr'>hortulaniae</span> <span class='ocrx_word' id='word_1_83' title='bbox 1020 1783 1088 1836; x_wconf 90' lang='lat' dir='ltr'>non</span> <span class='ocrx_word' id='word_1_84' title='bbox 1117 1771 1208 1855; x_wconf 87' lang='lat' dir='ltr'>sunt,</span> <span class='ocrx_word' id='word_1_85' title='bbox 1235 1764 1319 1836; x_wconf 91' lang='lat' dir='ltr'>item</span> <span class='ocrx_word' id='word_1_86' title='bbox 1344 1764 1526 1854; x_wconf 78' lang='lat' dir='ltr'>praedium</span> <span class='ocrx_word' id='word_1_87' title='bbox 1543 1765 1743 1837; x_wconf 75' lang='lat' dir='ltr'>coenobiale</span> <span class='ocrx_word' id='word_1_88' title='bbox 1770 1786 1843 1836; x_wconf 92' lang='lat' dir='ltr'>non</span> <span class='ocrx_word' id='word_1_89' title='bbox 1870 1766 2030 1855; x_wconf 71' lang='lat' dir='ltr'>aetiten</span> 
     </span>
     <span class='ocr_line' id='line_1_10' title="bbox 486 1885 2031 1997; baseline 0.001 -40"><span class='ocrx_word' id='word_1_90' title='bbox 486 1885 720 1958; x_wconf 86' lang='lat' dir='ltr'>molendinum</span> <span class='ocrx_word' id='word_1_91' title='bbox 747 1907 816 1958; x_wconf 92' lang='lat' dir='ltr'>non</span> <span class='ocrx_word' id='word_1_92' title='bbox 843 1891 906 1958; x_wconf 88' lang='lat' dir='ltr'>est.</span> <span class='ocrx_word' id='word_1_93' title='bbox 933 1885 1020 1956; x_wconf 82' lang='lat' dir='ltr'>Item</span> <span class='ocrx_word' id='word_1_94' title='bbox 1048 1905 1168 1997; x_wconf 82' lang='lat' dir='ltr'>omnes</span> <span class='ocrx_word' id='word_1_95' title='bbox 1191 1886 1268 1974; x_wconf 78' lang='lat' dir='ltr'>egri</span> <span class='ocrx_word' id='word_1_96' title='bbox 1294 1885 1398 1958; x_wconf 85' lang='lat' dir='ltr'>villae</span> <span class='ocrx_word' id='word_1_97' title='bbox 1425 1886 1564 1958; x_wconf 83' lang='lat' dir='ltr'>solvunt</span> <span class='ocrx_word' id='word_1_98' title='bbox 1589 1892 1626 1957; x_wconf 92' lang='lat' dir='ltr'>et</span> <span class='ocrx_word' id='word_1_99' title='bbox 1651 1885 1853 1958; x_wconf 91' lang='lat' dir='ltr'>conducunt</span> <span class='ocrx_word' id='word_1_100' title='bbox 1878 1885 2031 1959; x_wconf 87' lang='lat' dir='ltr'>deciman</span> 
     </span>
     <span class='ocr_line' id='line_1_11' title="bbox 486 1981 2030 2098; baseline 0.001 -18"><span class='ocrx_word' id='word_1_101' title='bbox 486 1986 736 2098; x_wconf 75' lang='lat' dir='ltr'>manipularem</span> <span class='ocrx_word' id='word_1_102' title='bbox 772 2012 809 2080; x_wconf 93' lang='lat' dir='ltr'>et</span> <span class='ocrx_word' id='word_1_103' title='bbox 844 2005 1044 2097; x_wconf 87' lang='lat' dir='ltr'>cenapelem</span> <span class='ocrx_word' id='word_1_104' title='bbox 1081 2026 1145 2096; x_wconf 92' lang='lat' dir='ltr'>pro</span> <span class='ocrx_word' id='word_1_105' title='bbox 1185 2007 1399 2078; x_wconf 89' lang='lat' dir='ltr'>monasterio</span> <span class='ocrx_word' id='word_1_106' title='bbox 1436 1981 1728 2096; x_wconf 81' lang='lat' dir='ltr'>Andrzeoviensi,</span> <span class='ocrx_word' id='word_1_107' title='bbox 1764 2013 1799 2079; x_wconf 91' lang='lat' dir='ltr'>et</span> <span class='ocrx_word' id='word_1_108' title='bbox 1837 2007 1938 2079; x_wconf 84' lang='lat' dir='ltr'>valor</span> <span class='ocrx_word' id='word_1_109' title='bbox 1968 2009 2030 2082; x_wconf 84' lang='lat' dir='ltr'>eim</span> 
     </span>
    </p>

    <p class='ocr_par' dir='ltr' id='par_1_4' title="bbox 384 2125 2030 2823">
     <span class='ocr_line' id='line_1_12' title="bbox 384 2125 2030 2212; baseline 0.001 -12"><span class='ocrx_word' id='word_1_110' title='bbox 384 2203 391 2212; x_wconf 67' lang='grc'><strong><em>,</em></strong></span> <span class='ocrx_word' id='word_1_111' title='bbox 487 2129 692 2200; x_wconf 89' lang='lat' dir='ltr'>aestimetur</span> <span class='ocrx_word' id='word_1_112' title='bbox 727 2127 771 2199; x_wconf 90' lang='lat' dir='ltr'>ed</span> <span class='ocrx_word' id='word_1_113' title='bbox 807 2127 925 2199; x_wconf 84' lang='lat' dir='ltr'>decem</span> <span class='ocrx_word' id='word_1_114' title='bbox 960 2146 1103 2199; x_wconf 87' lang='lat' dir='ltr'>merces.</span> <span class='ocrx_word' id='word_1_115' title='bbox 1148 2126 1236 2200; x_wconf 91' lang='lat' dir='ltr'>Item</span> <span class='ocrx_word' id='word_1_116' title='bbox 1273 2127 1403 2199; x_wconf 87' lang='lat' dir='ltr'>faciunt</span> <span class='ocrx_word' id='word_1_117' title='bbox 1436 2127 1603 2200; x_wconf 87' lang='lat' dir='ltr'>ducturas</span> <span class='ocrx_word' id='word_1_118' title='bbox 1637 2128 1674 2200; x_wconf 90' lang='lat' dir='ltr'>in</span> <span class='ocrx_word' id='word_1_119' title='bbox 1701 2125 2030 2201; x_wconf 81' lang='lat' dir='ltr'>Grecovinmet</span> 
     </span>
     <span class='ocr_line' id='line_1_13' title="bbox 488 2247 2030 2341; baseline 0 -20"><span class='ocrx_word' id='word_1_120' title='bbox 488 2247 891 2341; x_wconf 56' lang='lat' dir='ltr'>Nyegoslawiczffi</span> <span class='ocrx_word' id='word_1_121' title='bbox 918 2247 980 2320; x_wconf 89' lang='lat' dir='ltr'>sed</span> <span class='ocrx_word' id='word_1_122' title='bbox 998 2247 1072 2319; x_wconf 89' lang='lat' dir='ltr'>dies</span> <span class='ocrx_word' id='word_1_123' title='bbox 1091 2269 1162 2320; x_wconf 94' lang='lat' dir='ltr'>non</span> <span class='ocrx_word' id='word_1_124' title='bbox 1179 2248 1342 2320; x_wconf 88' lang='lat' dir='ltr'>laborent</span> <span class='ocrx_word' id='word_1_125' title='bbox 1368 2249 1404 2320; x_wconf 90' lang='lat' dir='ltr'>in</span> <span class='ocrx_word' id='word_1_126' title='bbox 1423 2248 1625 2341; x_wconf 86' lang='lat' dir='ltr'>septimana</span> <span class='ocrx_word' id='word_1_127' title='bbox 1652 2247 1815 2322; x_wconf 77' lang='lat' dir='ltr'>Confluat</span> <span class='ocrx_word' id='word_1_128' title='bbox 1842 2269 1921 2321; x_wconf 89' lang='lat' dir='ltr'>cum</span> <span class='ocrx_word' id='word_1_129' title='bbox 1938 2249 2030 2321; x_wconf 76' lang='lat' dir='ltr'>Itze-</span> 
     </span>
     <span class='ocr_line' id='line_1_14' title="bbox 487 2367 2030 2471; baseline 0.001 -30"><span class='ocrx_word' id='word_1_130' title='bbox 487 2369 840 2471; x_wconf 75' lang='lat' dir='ltr'>trzichouicae,</span> <span class='ocrx_word' id='word_1_131' title='bbox 868 2368 1060 2458; x_wconf 89' lang='lat' dir='ltr'>Dimlin,</span> <span class='ocrx_word' id='word_1_132' title='bbox 1092 2367 1534 2460; x_wconf 85' lang='lat' dir='ltr'>Szyedliszouicze,</span> <span class='ocrx_word' id='word_1_133' title='bbox 1561 2369 1887 2460; x_wconf 86' lang='lat' dir='ltr'>Szikorzicze,</span> <span class='ocrx_word' id='word_1_134' title='bbox 1913 2369 2030 2443; x_wconf 80' lang='lat' dir='ltr'>dedo</span> 
     </span>
     <span class='ocr_line' id='line_1_15' title="bbox 488 2489 994 2580; baseline -0.016 -17"><span class='ocrx_word' id='word_1_135' title='bbox 488 2489 651 2580; x_wconf 83' lang='lat' dir='ltr'>wnilry.</span> <span class='ocrx_word' id='word_1_136' title='bbox 986 2549 994 2555; x_wconf 87' lang='lat'><strong><em>.</em></strong></span> 
     </span>
     <span class='ocr_line' id='line_1_16' title="bbox 592 2607 2028 2701; baseline 0.001 -20"><span class='ocrx_word' id='word_1_137' title='bbox 592 2609 758 2700; x_wconf 70' lang='lat' dir='ltr'>(lurore,</span> <span class='ocrx_word' id='word_1_138' title='bbox 786 2608 868 2680; x_wconf 88' lang='lat' dir='ltr'>villa</span> <span class='ocrx_word' id='word_1_139' title='bbox 886 2628 995 2698; x_wconf 89' lang='lat' dir='ltr'>prope</span> <span class='ocrx_word' id='word_1_140' title='bbox 1013 2607 1046 2678; x_wconf 93' lang='lat' dir='ltr'>N</span> <span class='ocrx_word' id='word_1_141' title='bbox 1054 2607 1189 2698; x_wconf 83' lang='lat' dir='ltr'>ydem</span> <span class='ocrx_word' id='word_1_142' title='bbox 1202 2610 1360 2700; x_wconf 84' lang='lat' dir='ltr'>fluvium,</span> <span class='ocrx_word' id='word_1_143' title='bbox 1388 2615 1424 2682; x_wconf 90' lang='lat' dir='ltr'>et</span> <span class='ocrx_word' id='word_1_144' title='bbox 1440 2611 1505 2682; x_wconf 87' lang='lat' dir='ltr'>sub</span> <span class='ocrx_word' id='word_1_145' title='bbox 1523 2611 1691 2701; x_wconf 86' lang='lat' dir='ltr'>parochie</span> <span class='ocrx_word' id='word_1_146' title='bbox 1707 2611 1879 2683; x_wconf 85' lang='lat' dir='ltr'>ecclesiae</span> <span class='ocrx_word' id='word_1_147' title='bbox 1896 2611 1938 2683; x_wconf 92' lang='lat' dir='ltr'>de</span> <span class='ocrx_word' id='word_1_148' title='bbox 1954 2667 1962 2681; x_wconf 89' lang='lat'><strong><em>.</em></strong></span> <span class='ocrx_word' id='word_1_149' title='bbox 1978 2667 1985 2681; x_wconf 94' lang='lat'>.</span> <span class='ocrx_word' id='word_1_150' title='bbox 2000 2668 2028 2682; x_wconf 91' lang='lat'>..</span> 
     </span>
     <span class='ocr_line' id='line_1_17' title="bbox 487 2709 2028 2823; baseline -0.001 -19"><span class='ocrx_word' id='word_1_151' title='bbox 487 2709 574 2822; x_wconf 75' lang='lat' dir='ltr'>site,</span> <span class='ocrx_word' id='word_1_152' title='bbox 601 2731 699 2813; x_wconf 77' lang='lat' dir='ltr'>carius</span> <span class='ocrx_word' id='word_1_153' title='bbox 725 2730 923 2820; x_wconf 87' lang='lat' dir='ltr'>proprietas</span> <span class='ocrx_word' id='word_1_154' title='bbox 950 2728 994 2800; x_wconf 92' lang='lat' dir='ltr'>ed</span> <span class='ocrx_word' id='word_1_155' title='bbox 1017 2729 1266 2802; x_wconf 80' lang='lat' dir='ltr'>monesterium</span> <span class='ocrx_word' id='word_1_156' title='bbox 1292 2729 1597 2822; x_wconf 84' lang='lat' dir='ltr'>Andrzeyoviense</span> <span class='ocrx_word' id='word_1_157' title='bbox 1613 2732 1774 2823; x_wconf 88' lang='lat' dir='ltr'>pertinet</span> <span class='ocrx_word' id='word_1_158' title='bbox 1815 2731 1859 2803; x_wconf 94' lang='lat' dir='ltr'>In</span> <span class='ocrx_word' id='word_1_159' title='bbox 1879 2753 1947 2822; x_wconf 89' lang='lat' dir='ltr'>qua</span> <span class='ocrx_word' id='word_1_160' title='bbox 1962 2737 2028 2804; x_wconf 78' lang='lat' dir='ltr'>suu</span> 
     </span>
    </p>

    <p class='ocr_par' dir='ltr' id='par_1_5' title="bbox 489 2849 2028 3068">
     <span class='ocr_line' id='line_1_18' title="bbox 489 2849 2028 2943; baseline 0.001 -20"><span class='ocrx_word' id='word_1_161' title='bbox 489 2851 580 2923; x_wconf 90' lang='lat' dir='ltr'>lenei</span> <span class='ocrx_word' id='word_1_162' title='bbox 599 2849 848 2940; x_wconf 87' lang='lat' dir='ltr'>emethoneles‚</span> <span class='ocrx_word' id='word_1_163' title='bbox 865 2855 901 2920; x_wconf 92' lang='lat' dir='ltr'>et</span> <span class='ocrx_word' id='word_1_164' title='bbox 920 2849 1067 2940; x_wconf 88' lang='lat' dir='ltr'>quilibet</span> <span class='ocrx_word' id='word_1_165' title='bbox 1085 2849 1190 2921; x_wconf 89' lang='lat' dir='ltr'>solvit</span> <span class='ocrx_word' id='word_1_166' title='bbox 1207 2871 1271 2940; x_wconf 93' lang='lat' dir='ltr'>pro</span> <span class='ocrx_word' id='word_1_167' title='bbox 1290 2872 1395 2923; x_wconf 89' lang='lat' dir='ltr'>censu</span> <span class='ocrx_word' id='word_1_168' title='bbox 1409 2907 1416 2922; x_wconf 93' lang='lat'><strong>.</strong></span> <span class='ocrx_word' id='word_1_169' title='bbox 1431 2906 1439 2922; x_wconf 89' lang='lat'><strong>.</strong></span> <span class='ocrx_word' id='word_1_170' title='bbox 1454 2907 1462 2922; x_wconf 93' lang='lat'>.</span> <span class='ocrx_word' id='word_1_171' title='bbox 1477 2875 1500 2940; x_wconf 91' lang='lat'>.;</span> <span class='ocrx_word' id='word_1_172' title='bbox 1517 2853 1601 2924; x_wconf 83' lang='lat' dir='ltr'>item</span> <span class='ocrx_word' id='word_1_173' title='bbox 1619 2873 1700 2943; x_wconf 88' lang='lat' dir='ltr'>ove,</span> <span class='ocrx_word' id='word_1_174' title='bbox 1718 2854 1802 2924; x_wconf 89' lang='lat' dir='ltr'>item</span> <span class='ocrx_word' id='word_1_175' title='bbox 1821 2853 2028 2943; x_wconf 66' lang='lat' dir='ltr'>gallesium</span> 
     </span>
     <span class='ocr_line' id='line_1_19' title="bbox 489 2968 2027 3068; baseline 0.001 -24"><span class='ocrx_word' id='word_1_176' title='bbox 489 2993 626 3062; x_wconf 88' lang='lat' dir='ltr'>caseos,</span> <span class='ocrx_word' id='word_1_177' title='bbox 654 2972 738 3043; x_wconf 89' lang='lat' dir='ltr'>item</span> <span class='ocrx_word' id='word_1_178' title='bbox 764 2971 882 3062; x_wconf 85' lang='lat' dir='ltr'>labor,</span> <span class='ocrx_word' id='word_1_179' title='bbox 908 2970 993 3042; x_wconf 91' lang='lat' dir='ltr'>item</span> <span class='ocrx_word' id='word_1_180' title='bbox 1012 2968 1180 3065; x_wconf 75' lang='lat' dir='ltr'>powele,</span> <span class='ocrx_word' id='word_1_181' title='bbox 1205 2971 1291 3042; x_wconf 90' lang='lat' dir='ltr'>item</span> <span class='ocrx_word' id='word_1_182' title='bbox 1317 2993 1472 3068; x_wconf 65' lang='lat' dir='ltr'>occepere,</span> <span class='ocrx_word' id='word_1_183' title='bbox 1500 2973 1582 3046; x_wconf 83' lang='lat' dir='ltr'>item</span> <span class='ocrx_word' id='word_1_184' title='bbox 1600 2974 1786 3064; x_wconf 87' lang='lat' dir='ltr'>tabernae,</span> <span class='ocrx_word' id='word_1_185' title='bbox 1813 2974 1902 3046; x_wconf 82' lang='lat' dir='ltr'>item</span> <span class='ocrx_word' id='word_1_186' title='bbox 1927 2973 2027 3046; x_wconf 88' lang='lat' dir='ltr'>bortu-</span> 
     </span>
    </p>

    <p class='ocr_par' dir='ltr' id='par_1_6' title="bbox 488 3087 2027 3185">
     <span class='ocr_line' id='line_1_20' title="bbox 488 3087 2027 3185; baseline -0.001 -21"><span class='ocrx_word' id='word_1_187' title='bbox 488 3093 615 3182; x_wconf 90' lang='lat' dir='ltr'>Ieniee;</span> <span class='ocrx_word' id='word_1_188' title='bbox 643 3093 726 3164; x_wconf 87' lang='lat' dir='ltr'>item</span> <span class='ocrx_word' id='word_1_189' title='bbox 753 3091 934 3182; x_wconf 81' lang='lat' dir='ltr'>praedium</span> <span class='ocrx_word' id='word_1_190' title='bbox 960 3087 1161 3174; x_wconf 82' lang='lat' dir='ltr'>coenobiale</span> <span class='ocrx_word' id='word_1_191' title='bbox 1187 3111 1257 3163; x_wconf 95' lang='lat' dir='ltr'>non</span> <span class='ocrx_word' id='word_1_192' title='bbox 1283 3093 1401 3164; x_wconf 92' lang='lat' dir='ltr'>estin</span> <span class='ocrx_word' id='word_1_193' title='bbox 1418 3093 1544 3166; x_wconf 89' lang='lat' dir='ltr'>eedem</span> <span class='ocrx_word' id='word_1_194' title='bbox 1565 3093 1663 3185; x_wconf 81' lang='lat' dir='ltr'>villa3</span> <span class='ocrx_word' id='word_1_195' title='bbox 1689 3095 1775 3165; x_wconf 91' lang='lat' dir='ltr'>item</span> <span class='ocrx_word' id='word_1_196' title='bbox 1799 3094 2027 3166; x_wconf 88' lang='lat' dir='ltr'>molendinum.</span> 
     </span>
    </p>

    <p class='ocr_par' dir='ltr' id='par_1_7' title="bbox 489 3211 2026 3306">
     <span class='ocr_line' id='line_1_21' title="bbox 489 3211 2026 3306; baseline 0.001 -22"><span class='ocrx_word' id='word_1_197' title='bbox 489 3214 576 3284; x_wconf 89' lang='lat' dir='ltr'>Item</span> <span class='ocrx_word' id='word_1_198' title='bbox 604 3227 723 3284; x_wconf 85' lang='lat' dir='ltr'>omnes</span> <span class='ocrx_word' id='word_1_199' title='bbox 750 3211 826 3302; x_wconf 82' lang='lat' dir='ltr'>agri</span> <span class='ocrx_word' id='word_1_200' title='bbox 844 3211 947 3284; x_wconf 86' lang='lat' dir='ltr'>villae</span> <span class='ocrx_word' id='word_1_201' title='bbox 974 3211 1114 3283; x_wconf 86' lang='lat' dir='ltr'>solvant</span> <span class='ocrx_word' id='word_1_202' title='bbox 1140 3216 1177 3283; x_wconf 94' lang='lat' dir='ltr'>et</span> <span class='ocrx_word' id='word_1_203' title='bbox 1195 3211 1392 3284; x_wconf 86' lang='lat' dir='ltr'>conducunt</span> <span class='ocrx_word' id='word_1_204' title='bbox 1417 3213 1585 3286; x_wconf 75' lang='lat' dir='ltr'>dammam</span> <span class='ocrx_word' id='word_1_205' title='bbox 1610 3215 1866 3306; x_wconf 82' lang='lat' dir='ltr'>manipularem</span> <span class='ocrx_word' id='word_1_206' title='bbox 1892 3220 1928 3287; x_wconf 92' lang='lat' dir='ltr'>et</span> <span class='ocrx_word' id='word_1_207' title='bbox 1943 3235 2026 3286; x_wconf 81' lang='lat' dir='ltr'>eene-</span> 
     </span>
    </p>

    <p class='ocr_par' dir='ltr' id='par_1_8' title="bbox 434 3331 2027 3558">
     <span class='ocr_line' id='line_1_22' title="bbox 489 3331 1943 3433; baseline -0.001 -29"><span class='ocrx_word' id='word_1_208' title='bbox 489 3333 614 3424; x_wconf 88' lang='lat' dir='ltr'>pelem‚</span> <span class='ocrx_word' id='word_1_209' title='bbox 640 3353 704 3423; x_wconf 88' lang='lat' dir='ltr'>pro</span> <span class='ocrx_word' id='word_1_210' title='bbox 724 3387 838 3402; x_wconf 94' lang='grc'><strong>.....</strong></span> <span class='ocrx_word' id='word_1_211' title='bbox 866 3331 1026 3404; x_wconf 82' lang='lat' dir='ltr'>Oonfinat</span> <span class='ocrx_word' id='word_1_212' title='bbox 1045 3385 1159 3402; x_wconf 90' lang='grc'><strong>.....</strong></span> <span class='ocrx_word' id='word_1_213' title='bbox 1940 3429 1943 3433; x_wconf 6' lang='grc' dir='ltr'><strong>ἦ</strong></span> 
     </span>
     <span class='ocr_line' id='line_1_23' title="bbox 434 3453 2027 3558; baseline 0.003 -33"><span class='ocrx_word' id='word_1_214' title='bbox 434 3477 436 3486; x_wconf 66' lang='grc'>’</span> <span class='ocrx_word' id='word_1_215' title='bbox 595 3454 937 3558; x_wconf 80' lang='lat' dir='ltr'>Nrneosnnwrczro‚</span> <span class='ocrx_word' id='word_1_216' title='bbox 973 3453 1055 3526; x_wconf 87' lang='lat' dir='ltr'>ville</span> <span class='ocrx_word' id='word_1_217' title='bbox 1082 3455 1148 3526; x_wconf 91' lang='lat' dir='ltr'>snb</span> <span class='ocrx_word' id='word_1_218' title='bbox 1175 3454 1342 3546; x_wconf 88' lang='lat' dir='ltr'>parochie</span> <span class='ocrx_word' id='word_1_219' title='bbox 1367 3454 1534 3528; x_wconf 86' lang='lat' dir='ltr'>eeclesiae</span> <span class='ocrx_word' id='word_1_220' title='bbox 1559 3457 1604 3528; x_wconf 91' lang='lat' dir='ltr'>de</span> <span class='ocrx_word' id='word_1_221' title='bbox 1630 3456 1940 3550; x_wconf 76' lang='lat' dir='ltr'>Nawerzycze</span> <span class='ocrx_word' id='word_1_222' title='bbox 1963 3459 2027 3548; x_wconf 73' lang='lat' dir='ltr'>sitq</span> 
     </span>
    </p>

    <p class='ocr_par' dir='ltr' id='par_1_9' title="bbox 491 3574 2026 3670">
     <span class='ocr_line' id='line_1_24' title="bbox 491 3574 2026 3670; baseline 0.001 -22"><span class='ocrx_word' id='word_1_223' title='bbox 491 3576 587 3648; x_wconf 87' lang='lat' dir='ltr'>cuins</span> <span class='ocrx_word' id='word_1_224' title='bbox 614 3575 813 3667; x_wconf 86' lang='lat' dir='ltr'>proprietas</span> <span class='ocrx_word' id='word_1_225' title='bbox 840 3574 885 3647; x_wconf 86' lang='lat' dir='ltr'>ad</span> <span class='ocrx_word' id='word_1_226' title='bbox 911 3575 1159 3648; x_wconf 89' lang='lat' dir='ltr'>monesterium</span> <span class='ocrx_word' id='word_1_227' title='bbox 1186 3575 1468 3649; x_wconf 83' lang='lat' dir='ltr'>Andrnelorenee</span> <span class='ocrx_word' id='word_1_228' title='bbox 1493 3577 1656 3667; x_wconf 89' lang='lat' dir='ltr'>pertinet.</span> <span class='ocrx_word' id='word_1_229' title='bbox 1696 3579 1825 3670; x_wconf 88' lang='lat' dir='ltr'>Inque</span> <span class='ocrx_word' id='word_1_230' title='bbox 1850 3583 1930 3652; x_wconf 90' lang='lat' dir='ltr'>sunt</span> <span class='ocrx_word' id='word_1_231' title='bbox 1952 3579 2026 3650; x_wconf 86' lang='lat' dir='ltr'>lanei</span> 
     </span>
    </p>

    <p class='ocr_par' dir='ltr' id='par_1_10' title="bbox 490 3689 2026 3794">
     <span class='ocr_line' id='line_1_25' title="bbox 490 3689 2026 3794; baseline 0.003 -27"><span class='ocrx_word' id='word_1_232' title='bbox 490 3695 738 3784; x_wconf 88' lang='lat' dir='ltr'>emethoneles‚</span> <span class='ocrx_word' id='word_1_233' title='bbox 766 3696 937 3787; x_wconf 86' lang='lat' dir='ltr'>solvitque</span> <span class='ocrx_word' id='word_1_234' title='bbox 956 3695 1186 3787; x_wconf 69' lang='lat' dir='ltr'>quilibetpro</span> <span class='ocrx_word' id='word_1_235' title='bbox 1205 3717 1311 3769; x_wconf 90' lang='lat' dir='ltr'>censu</span> <span class='ocrx_word' id='word_1_236' title='bbox 1369 3751 1377 3766; x_wconf 94' lang='lat'><strong>.</strong></span> <span class='ocrx_word' id='word_1_237' title='bbox 1392 3752 1415 3787; x_wconf 91' lang='lat'>.,</span> <span class='ocrx_word' id='word_1_238' title='bbox 1442 3697 1526 3769; x_wconf 89' lang='lat' dir='ltr'>item</span> <span class='ocrx_word' id='word_1_239' title='bbox 1545 3689 1624 3788; x_wconf 87' lang='lat' dir='ltr'>ova,</span> <span class='ocrx_word' id='word_1_240' title='bbox 1642 3698 1726 3770; x_wconf 87' lang='lat' dir='ltr'>item</span> <span class='ocrx_word' id='word_1_241' title='bbox 1744 3699 1861 3789; x_wconf 88' lang='lat' dir='ltr'>labor,</span> <span class='ocrx_word' id='word_1_242' title='bbox 1887 3701 1964 3772; x_wconf 87' lang='lat' dir='ltr'>item</span> <span class='ocrx_word' id='word_1_243' title='bbox 1979 3721 2026 3794; x_wconf 76' lang='lat' dir='ltr'>pc</span> 
     </span>
    </p>

    <p class='ocr_par' dir='ltr' id='par_1_11' title="bbox 490 3815 2023 3913">
     <span class='ocr_line' id='line_1_26' title="bbox 490 3815 2023 3913; baseline 0.003 -27"><span class='ocrx_word' id='word_1_244' title='bbox 490 3815 606 3907; x_wconf 77' lang='lat' dir='ltr'>avebo,</span> <span class='ocrx_word' id='word_1_245' title='bbox 642 3816 724 3888; x_wconf 90' lang='lat' dir='ltr'>item</span> <span class='ocrx_word' id='word_1_246' title='bbox 759 3839 913 3913; x_wconf 77' lang='lat' dir='ltr'>oeaepep,</span> <span class='ocrx_word' id='word_1_247' title='bbox 949 3817 1033 3888; x_wconf 88' lang='lat' dir='ltr'>item</span> <span class='ocrx_word' id='word_1_248' title='bbox 1065 3816 1246 3907; x_wconf 83' lang='lat' dir='ltr'>tabernae,</span> <span class='ocrx_word' id='word_1_249' title='bbox 1282 3817 1366 3890; x_wconf 90' lang='lat' dir='ltr'>item</span> <span class='ocrx_word' id='word_1_250' title='bbox 1393 3818 1588 3909; x_wconf 88' lang='lat' dir='ltr'>hortulani,</span> <span class='ocrx_word' id='word_1_251' title='bbox 1624 3818 1707 3890; x_wconf 87' lang='lat' dir='ltr'>item</span> <span class='ocrx_word' id='word_1_252' title='bbox 1734 3820 1933 3911; x_wconf 90' lang='lat' dir='ltr'>preedinm,</span> <span class='ocrx_word' id='word_1_253' title='bbox 1957 3822 2023 3890; x_wconf 87' lang='lat' dir='ltr'>iten</span> 
     </span>
    </p>

    <p class='ocr_par' dir='ltr' id='par_1_12' title="bbox 409 3936 2023 4028">
     <span class='ocr_line' id='line_1_27' title="bbox 409 3936 2023 4028; baseline 0.001 -18"><span class='ocrx_word' id='word_1_254' title='bbox 409 4005 411 4010; x_wconf 79' lang='grc'>,</span> <span class='ocrx_word' id='word_1_255' title='bbox 491 3936 734 4010; x_wconf 90' lang='lat' dir='ltr'>molendinum.</span> <span class='ocrx_word' id='word_1_256' title='bbox 774 3939 862 4010; x_wconf 92' lang='lat' dir='ltr'>Item</span> <span class='ocrx_word' id='word_1_257' title='bbox 890 3959 1009 4012; x_wconf 90' lang='lat' dir='ltr'>omnes</span> <span class='ocrx_word' id='word_1_258' title='bbox 1036 3939 1113 4028; x_wconf 83' lang='lat' dir='ltr'>agri</span> <span class='ocrx_word' id='word_1_259' title='bbox 1140 3938 1243 4011; x_wconf 85' lang='lat' dir='ltr'>villae</span> <span class='ocrx_word' id='word_1_260' title='bbox 1279 3939 1420 4011; x_wconf 78' lang='lat' dir='ltr'>solvunt</span> <span class='ocrx_word' id='word_1_261' title='bbox 1455 3945 1492 4011; x_wconf 92' lang='lat' dir='ltr'>et</span> <span class='ocrx_word' id='word_1_262' title='bbox 1518 3940 1714 4013; x_wconf 88' lang='lat' dir='ltr'>conducunt</span> <span class='ocrx_word' id='word_1_263' title='bbox 1742 3940 1912 4013; x_wconf 72' lang='lat' dir='ltr'>dammam</span> <span class='ocrx_word' id='word_1_264' title='bbox 1935 3940 2023 4012; x_wconf 81' lang='lat' dir='ltr'>meni·</span> 
     </span>
    </p>

    <p class='ocr_par' dir='ltr' id='par_1_13' title="bbox 490 4059 2024 4272">
     <span class='ocr_line' id='line_1_28' title="bbox 490 4059 2024 4160; baseline 0.004 -31"><span class='ocrx_word' id='word_1_265' title='bbox 490 4059 647 4150; x_wconf 88' lang='lat' dir='ltr'>pulerem</span> <span class='ocrx_word' id='word_1_266' title='bbox 674 4066 710 4132; x_wconf 90' lang='lat' dir='ltr'>et</span> <span class='ocrx_word' id='word_1_267' title='bbox 728 4059 928 4150; x_wconf 89' lang='lat' dir='ltr'>cenapalem</span> <span class='ocrx_word' id='word_1_268' title='bbox 955 4079 1019 4151; x_wconf 92' lang='lat' dir='ltr'>pro</span> <span class='ocrx_word' id='word_1_269' title='bbox 1039 4113 1045 4129; x_wconf 92' lang='lat'>.</span> <span class='ocrx_word' id='word_1_270' title='bbox 1066 4115 1072 4130; x_wconf 95' lang='lat'><strong><em>.</em></strong></span> <span class='ocrx_word' id='word_1_271' title='bbox 1092 4114 1127 4129; x_wconf 91' lang='lat'>..</span> <span class='ocrx_word' id='word_1_272' title='bbox 1157 4059 1253 4153; x_wconf 28' lang='lat' dir='ltr'>,Item</span> <span class='ocrx_word' id='word_1_273' title='bbox 1281 4059 1461 4151; x_wconf 86' lang='lat' dir='ltr'>praedium</span> <span class='ocrx_word' id='word_1_274' title='bbox 1487 4066 1540 4132; x_wconf 86' lang='lat' dir='ltr'>est</span> <span class='ocrx_word' id='word_1_275' title='bbox 1567 4059 1618 4160; x_wconf 86' lang='lat' dir='ltr'>ibi</span> <span class='ocrx_word' id='word_1_276' title='bbox 1643 4062 1873 4159; x_wconf 56' lang='lat' dir='ltr'>coenobinle,</span> <span class='ocrx_word' id='word_1_277' title='bbox 1889 4063 1931 4134; x_wconf 90' lang='lat' dir='ltr'>de</span> <span class='ocrx_word' id='word_1_278' title='bbox 1946 4062 2024 4134; x_wconf 77' lang='lat' dir='ltr'>onus</span> 
     </span>
     <span class='ocr_line' id='line_1_29' title="bbox 491 4179 1163 4272; baseline -0.003 -21"><span class='ocrx_word' id='word_1_279' title='bbox 491 4181 586 4272; x_wconf 85' lang='lat' dir='ltr'>egris</span> <span class='ocrx_word' id='word_1_280' title='bbox 613 4233 728 4250; x_wconf 92' lang='grc'><strong>.....</strong></span> <span class='ocrx_word' id='word_1_281' title='bbox 755 4179 917 4252; x_wconf 83' lang='lat' dir='ltr'>Oonfinat</span> <span class='ocrx_word' id='word_1_282' title='bbox 944 4199 1021 4252; x_wconf 90' lang='lat' dir='ltr'>cnm</span> <span class='ocrx_word' id='word_1_283' title='bbox 1049 4233 1163 4250; x_wconf 93' lang='grc'><strong>.....</strong></span> 
     </span>
    </p>

    <p class='ocr_par' dir='ltr' id='par_1_14' title="bbox 594 4300 2021 4394">
     <span class='ocr_line' id='line_1_30' title="bbox 594 4300 2021 4394; baseline 0.001 -22"><span class='ocrx_word' id='word_1_284' title='bbox 594 4300 820 4392; x_wconf 70' lang='lat' dir='ltr'>anacreon,</span> <span class='ocrx_word' id='word_1_285' title='bbox 847 4301 930 4374; x_wconf 84' lang='lat' dir='ltr'>villa</span> <span class='ocrx_word' id='word_1_286' title='bbox 956 4301 1020 4374; x_wconf 89' lang='lat' dir='ltr'>sub</span> <span class='ocrx_word' id='word_1_287' title='bbox 1047 4300 1215 4392; x_wconf 88' lang='lat' dir='ltr'>parochia</span> <span class='ocrx_word' id='word_1_288' title='bbox 1240 4301 1285 4372; x_wconf 87' lang='lat' dir='ltr'>de</span> <span class='ocrx_word' id='word_1_289' title='bbox 1312 4302 1587 4375; x_wconf 81' lang='lat' dir='ltr'>Andrzeiow</span> <span class='ocrx_word' id='word_1_290' title='bbox 1613 4302 1695 4391; x_wconf 86' lang='lat' dir='ltr'>site,</span> <span class='ocrx_word' id='word_1_291' title='bbox 1721 4302 1820 4374; x_wconf 87' lang='lat' dir='ltr'>cuius</span> <span class='ocrx_word' id='word_1_292' title='bbox 1849 4303 2021 4394; x_wconf 79' lang='lat' dir='ltr'>proprietas</span> 
     </span>
    </p>

    <p class='ocr_par' dir='ltr' id='par_1_15' title="bbox 490 4419 2021 4514">
     <span class='ocr_line' id='line_1_31' title="bbox 490 4419 2021 4514; baseline 0 -23"><span class='ocrx_word' id='word_1_293' title='bbox 490 4441 554 4511; x_wconf 90' lang='lat' dir='ltr'>pro</span> <span class='ocrx_word' id='word_1_294' title='bbox 590 4419 704 4494; x_wconf 90' lang='lat' dir='ltr'>media</span> <span class='ocrx_word' id='word_1_295' title='bbox 735 4425 835 4512; x_wconf 90' lang='lat' dir='ltr'>perte</span> <span class='ocrx_word' id='word_1_296' title='bbox 861 4423 1013 4514; x_wconf 88' lang='lat' dir='ltr'>pertinet</span> <span class='ocrx_word' id='word_1_297' title='bbox 1049 4422 1093 4494; x_wconf 89' lang='lat' dir='ltr'>ed</span> <span class='ocrx_word' id='word_1_298' title='bbox 1129 4422 1377 4495; x_wconf 84' lang='lat' dir='ltr'>monasterinm</span> <span class='ocrx_word' id='word_1_299' title='bbox 1411 4421 1725 4513; x_wconf 83' lang='lat' dir='ltr'>Andrzeioriense,</span> <span class='ocrx_word' id='word_1_300' title='bbox 1761 4423 1927 4496; x_wconf 85' lang='lat' dir='ltr'>medietas</span> <span class='ocrx_word' id='word_1_301' title='bbox 1955 4441 2021 4493; x_wconf 84' lang='lat' dir='ltr'>vero</span> 
     </span>
    </p>

    <p class='ocr_par' dir='ltr' id='par_1_16' title="bbox 491 4541 2021 4640">
     <span class='ocr_line' id='line_1_32' title="bbox 491 4541 2021 4640; baseline 0.001 -29"><span class='ocrx_word' id='word_1_302' title='bbox 491 4546 547 4612; x_wconf 91' lang='lat' dir='ltr'>est</span> <span class='ocrx_word' id='word_1_303' title='bbox 572 4542 752 4634; x_wconf 88' lang='lat' dir='ltr'>militaris,</span> <span class='ocrx_word' id='word_1_304' title='bbox 780 4543 940 4618; x_wconf 87' lang='lat' dir='ltr'>videlicet</span> <span class='ocrx_word' id='word_1_305' title='bbox 967 4541 1284 4640; x_wconf 81' lang='lat' dir='ltr'>Goszdzyeczlry</span> <span class='ocrx_word' id='word_1_306' title='bbox 1309 4543 1353 4615; x_wconf 92' lang='lat' dir='ltr'>de</span> <span class='ocrx_word' id='word_1_307' title='bbox 1380 4543 1486 4620; x_wconf 70' lang='lat' dir='ltr'>muris</span> <span class='ocrx_word' id='word_1_308' title='bbox 1513 4543 1721 4637; x_wconf 77' lang='lat' dir='ltr'>Dolywe3</span> <span class='ocrx_word' id='word_1_309' title='bbox 1747 4545 1784 4616; x_wconf 93' lang='lat' dir='ltr'>in</span> <span class='ocrx_word' id='word_1_310' title='bbox 1811 4551 1904 4618; x_wconf 87' lang='lat' dir='ltr'>sorte</span> <span class='ocrx_word' id='word_1_311' title='bbox 1927 4547 2021 4615; x_wconf 86' lang='lat' dir='ltr'>anten</span> 
     </span>
    </p>

    <p class='ocr_par' dir='ltr' id='par_1_17' title="bbox 492 4663 2021 4758">
     <span class='ocr_line' id='line_1_33' title="bbox 492 4663 2021 4758; baseline 0.001 -24"><span class='ocrx_word' id='word_1_312' title='bbox 492 4663 683 4734; x_wconf 86' lang='lat' dir='ltr'>coenobiali</span> <span class='ocrx_word' id='word_1_313' title='bbox 710 4670 791 4736; x_wconf 87' lang='lat' dir='ltr'>sunt</span> <span class='ocrx_word' id='word_1_314' title='bbox 817 4665 907 4737; x_wconf 85' lang='lat' dir='ltr'>lanei</span> <span class='ocrx_word' id='word_1_315' title='bbox 926 4664 1175 4755; x_wconf 89' lang='lat' dir='ltr'>cmethoneles,</span> <span class='ocrx_word' id='word_1_316' title='bbox 1202 4671 1238 4738; x_wconf 90' lang='lat' dir='ltr'>et</span> <span class='ocrx_word' id='word_1_317' title='bbox 1256 4665 1402 4756; x_wconf 84' lang='lat' dir='ltr'>quilibet</span> <span class='ocrx_word' id='word_1_318' title='bbox 1427 4667 1533 4738; x_wconf 84' lang='lat' dir='ltr'>solvit</span> <span class='ocrx_word' id='word_1_319' title='bbox 1551 4685 1615 4758; x_wconf 91' lang='lat' dir='ltr'>pro</span> <span class='ocrx_word' id='word_1_320' title='bbox 1632 4686 1739 4738; x_wconf 87' lang='lat' dir='ltr'>censu</span> <span class='ocrx_word' id='word_1_321' title='bbox 1753 4720 1783 4736; x_wconf 83' lang='grc'>.,</span> <span class='ocrx_word' id='word_1_322' title='bbox 1797 4721 1805 4736; x_wconf 94' lang='grc'><strong>.</strong></span> <span class='ocrx_word' id='word_1_323' title='bbox 1819 4721 1843 4758; x_wconf 90' lang='grc'>.,</span> <span class='ocrx_word' id='word_1_324' title='bbox 1871 4668 1948 4738; x_wconf 85' lang='lat' dir='ltr'>item</span> <span class='ocrx_word' id='word_1_325' title='bbox 1962 4682 2021 4751; x_wconf 70' lang='lat' dir='ltr'>ora</span> 
     </span>
    </p>

    <p class='ocr_par' dir='ltr' id='par_1_18' title="bbox 492 4783 2020 4882">
     <span class='ocr_line' id='line_1_34' title="bbox 492 4783 2020 4882; baseline 0 -28"><span class='ocrx_word' id='word_1_326' title='bbox 492 4784 576 4857; x_wconf 90' lang='lat' dir='ltr'>item</span> <span class='ocrx_word' id='word_1_327' title='bbox 594 4783 708 4876; x_wconf 89' lang='lat' dir='ltr'>labor,</span> <span class='ocrx_word' id='word_1_328' title='bbox 735 4785 819 4857; x_wconf 88' lang='lat' dir='ltr'>item</span> <span class='ocrx_word' id='word_1_329' title='bbox 836 4783 997 4881; x_wconf 63' lang='lat' dir='ltr'>muodo,</span> <span class='ocrx_word' id='word_1_330' title='bbox 1025 4786 1106 4857; x_wconf 77' lang='lat' dir='ltr'>ilem</span> <span class='ocrx_word' id='word_1_331' title='bbox 1125 4807 1263 4882; x_wconf 72' lang='lat' dir='ltr'>omzyep</span> <span class='ocrx_word' id='word_1_332' title='bbox 1289 4787 1374 4859; x_wconf 88' lang='lat' dir='ltr'>item</span> <span class='ocrx_word' id='word_1_333' title='bbox 1391 4787 1577 4878; x_wconf 87' lang='lat' dir='ltr'>tabernae,</span> <span class='ocrx_word' id='word_1_334' title='bbox 1603 4788 1687 4859; x_wconf 89' lang='lat' dir='ltr'>item</span> <span class='ocrx_word' id='word_1_335' title='bbox 1704 4787 1931 4877; x_wconf 76' lang='lat' dir='ltr'>hortulaniae,</span> <span class='ocrx_word' id='word_1_336' title='bbox 1955 4786 2020 4856; x_wconf 86' lang='lat' dir='ltr'>itan</span> 
     </span>
    </p>

    <p class='ocr_par' dir='ltr' id='par_1_19' title="bbox 492 4903 2018 5000">
     <span class='ocr_line' id='line_1_35' title="bbox 492 4903 2018 5000; baseline 0 -24"><span class='ocrx_word' id='word_1_337' title='bbox 492 4905 672 4997; x_wconf 88' lang='lat' dir='ltr'>praedium</span> <span class='ocrx_word' id='word_1_338' title='bbox 699 4907 900 4979; x_wconf 85' lang='lat' dir='ltr'>coenobiale</span> <span class='ocrx_word' id='word_1_339' title='bbox 926 4911 982 4978; x_wconf 88' lang='lat' dir='ltr'>est</span> <span class='ocrx_word' id='word_1_340' title='bbox 999 4907 1068 4997; x_wconf 91' lang='lat' dir='ltr'>ibi,</span> <span class='ocrx_word' id='word_1_341' title='bbox 1095 4907 1179 4979; x_wconf 90' lang='lat' dir='ltr'>item</span> <span class='ocrx_word' id='word_1_342' title='bbox 1206 4906 1448 4983; x_wconf 86' lang='lat' dir='ltr'>molendinum.</span> <span class='ocrx_word' id='word_1_343' title='bbox 1488 4909 1577 4981; x_wconf 92' lang='lat' dir='ltr'>Item</span> <span class='ocrx_word' id='word_1_344' title='bbox 1604 4929 1723 4982; x_wconf 85' lang='lat' dir='ltr'>omnes</span> <span class='ocrx_word' id='word_1_345' title='bbox 1745 4910 1823 5000; x_wconf 85' lang='lat' dir='ltr'>egri</span> <span class='ocrx_word' id='word_1_346' title='bbox 1849 4909 1945 4980; x_wconf 74' lang='lat' dir='ltr'>villae</span> <span class='ocrx_word' id='word_1_347' title='bbox 1967 4903 2018 4976; x_wconf 90' lang='lat' dir='ltr'>sol·</span> 
     </span>
    </p>

    <p class='ocr_par' dir='ltr' id='par_1_20' title="bbox 491 5017 2018 5122">
     <span class='ocr_line' id='line_1_36' title="bbox 491 5017 1948 5122; baseline 0 -22"><span class='ocrx_word' id='word_1_348' title='bbox 491 5034 579 5100; x_wconf 88' lang='lat' dir='ltr'>vunt</span> <span class='ocrx_word' id='word_1_349' title='bbox 606 5035 642 5100; x_wconf 90' lang='lat' dir='ltr'>et</span> <span class='ocrx_word' id='word_1_350' title='bbox 661 5017 1042 5101; x_wconf 73' lang='lat' dir='ltr'>conducunt&#39;uecman</span> <span class='ocrx_word' id='word_1_351' title='bbox 1060 5027 1311 5119; x_wconf 88' lang='lat' dir='ltr'>manipularem</span> <span class='ocrx_word' id='word_1_352' title='bbox 1338 5035 1375 5100; x_wconf 90' lang='lat' dir='ltr'>et</span> <span class='ocrx_word' id='word_1_353' title='bbox 1390 5030 1592 5121; x_wconf 87' lang='lat' dir='ltr'>canepnlem</span> <span class='ocrx_word' id='word_1_354' title='bbox 1618 5051 1684 5122; x_wconf 93' lang='lat' dir='ltr'>pro</span> <span class='ocrx_word' id='word_1_355' title='bbox 1703 5029 1948 5104; x_wconf 53' lang='lat' dir='ltr'>...confluet</span> 
     </span>
    </p>

    <p class='ocr_par' dir='ltr' id='par_1_21' title="bbox 500 5148 2017 5253">
     <span class='ocr_line' id='line_1_37' title="bbox 500 5148 2017 5242; baseline -0.001 -23"><span class='ocrx_word' id='word_1_356' title='bbox 500 5199 504 5206; x_wconf 84' lang='lat'><em>-</em></span> <span class='ocrx_word' id='word_1_357' title='bbox 600 5148 744 5239; x_wconf 74' lang='lat' dir='ltr'>Sonos,</span> <span class='ocrx_word' id='word_1_358' title='bbox 771 5149 855 5222; x_wconf 87' lang='lat' dir='ltr'>ville</span> <span class='ocrx_word' id='word_1_359' title='bbox 882 5150 946 5222; x_wconf 89' lang='lat' dir='ltr'>sub</span> <span class='ocrx_word' id='word_1_360' title='bbox 973 5149 1139 5240; x_wconf 85' lang='lat' dir='ltr'>parocbia</span> <span class='ocrx_word' id='word_1_361' title='bbox 1165 5149 1330 5222; x_wconf 85' lang='lat' dir='ltr'>ecelesiae</span> <span class='ocrx_word' id='word_1_362' title='bbox 1357 5149 1400 5223; x_wconf 94' lang='lat' dir='ltr'>de</span> <span class='ocrx_word' id='word_1_363' title='bbox 1423 5149 1704 5236; x_wconf 59' lang='lat' dir='ltr'>‚Andrzeiow</span> <span class='ocrx_word' id='word_1_364' title='bbox 1730 5152 1816 5242; x_wconf 87' lang='lat' dir='ltr'>sita,</span> <span class='ocrx_word' id='word_1_365' title='bbox 1843 5151 1933 5223; x_wconf 86' lang='lat' dir='ltr'>cuins</span> <span class='ocrx_word' id='word_1_366' title='bbox 1955 5166 2017 5239; x_wconf 83' lang='lat' dir='ltr'>pro</span> 
     </span>
    </p>

    <p class='ocr_par' dir='ltr' id='par_1_22' title="bbox 491 5265 2016 5366">
     <span class='ocr_line' id='line_1_38' title="bbox 491 5265 2016 5366; baseline -0.003 -24"><span class='ocrx_word' id='word_1_367' title='bbox 491 5271 623 5360; x_wconf 79' lang='lat' dir='ltr'>prietes</span> <span class='ocrx_word' id='word_1_368' title='bbox 654 5271 774 5343; x_wconf 87' lang='lat' dir='ltr'>totalis</span> <span class='ocrx_word' id='word_1_369' title='bbox 801 5270 847 5344; x_wconf 90' lang='lat' dir='ltr'>ed</span> <span class='ocrx_word' id='word_1_370' title='bbox 878 5271 1126 5366; x_wconf 89' lang='lat' dir='ltr'>monesterium</span> <span class='ocrx_word' id='word_1_371' title='bbox 1157 5269 1452 5344; x_wconf 82' lang='lat' dir='ltr'>Andrzeioviense</span> <span class='ocrx_word' id='word_1_372' title='bbox 1478 5273 1642 5364; x_wconf 88' lang='lat' dir='ltr'>pertinet.</span> <span class='ocrx_word' id='word_1_373' title='bbox 1682 5272 1723 5349; x_wconf 86' lang='lat' dir='ltr'>lu</span> <span class='ocrx_word' id='word_1_374' title='bbox 1740 5293 1810 5364; x_wconf 89' lang='lat' dir='ltr'>que</span> <span class='ocrx_word' id='word_1_375' title='bbox 1843 5277 1921 5344; x_wconf 86' lang='lat' dir='ltr'>sunt</span> <span class='ocrx_word' id='word_1_376' title='bbox 1945 5265 2016 5340; x_wconf 78' lang='lat' dir='ltr'>bnei</span> 
     </span>
    </p>

    <p class='ocr_par' dir='ltr' id='par_1_23' title="bbox 343 5388 2016 5498">
     <span class='ocr_line' id='line_1_39' title="bbox 343 5388 2016 5498; baseline 0.002 -37"><span class='ocrx_word' id='word_1_377' title='bbox 343 5491 349 5498; x_wconf 22' lang='grc' dir='ltr'>ι</span> <span class='ocrx_word' id='word_1_378' title='bbox 410 5443 418 5450; x_wconf 92' lang='grc'>-</span> <span class='ocrx_word' id='word_1_379' title='bbox 493 5392 746 5484; x_wconf 86' lang='lat' dir='ltr'>emethoneles,</span> <span class='ocrx_word' id='word_1_380' title='bbox 782 5399 818 5466; x_wconf 89' lang='lat' dir='ltr'>et</span> <span class='ocrx_word' id='word_1_381' title='bbox 844 5391 990 5484; x_wconf 87' lang='lat' dir='ltr'>quilibet</span> <span class='ocrx_word' id='word_1_382' title='bbox 1025 5392 1131 5466; x_wconf 88' lang='lat' dir='ltr'>solvit</span> <span class='ocrx_word' id='word_1_383' title='bbox 1165 5412 1231 5484; x_wconf 90' lang='lat' dir='ltr'>pro</span> <span class='ocrx_word' id='word_1_384' title='bbox 1264 5413 1370 5466; x_wconf 88' lang='lat' dir='ltr'>censu</span> <span class='ocrx_word' id='word_1_385' title='bbox 1397 5447 1552 5484; x_wconf 87' lang='grc'><strong>.......</strong></span> <span class='ocrx_word' id='word_1_386' title='bbox 1587 5394 1671 5466; x_wconf 88' lang='lat' dir='ltr'>item</span> <span class='ocrx_word' id='word_1_387' title='bbox 1698 5413 1783 5483; x_wconf 86' lang='lat' dir='ltr'>ove,</span> <span class='ocrx_word' id='word_1_388' title='bbox 1818 5394 1900 5466; x_wconf 87' lang='lat' dir='ltr'>item</span> <span class='ocrx_word' id='word_1_389' title='bbox 1922 5388 2016 5482; x_wconf 68' lang='lat' dir='ltr'>gulae</span> 
     </span>
    </p>

    <p class='ocr_par' dir='ltr' id='par_1_24' title="bbox 492 5511 2015 5610">
     <span class='ocr_line' id='line_1_40' title="bbox 492 5511 2015 5610; baseline -0.001 -29"><span class='ocrx_word' id='word_1_390' title='bbox 492 5512 575 5583; x_wconf 87' lang='lat' dir='ltr'>item</span> <span class='ocrx_word' id='word_1_391' title='bbox 604 5525 739 5604; x_wconf 84' lang='lat' dir='ltr'>caseos,</span> <span class='ocrx_word' id='word_1_392' title='bbox 775 5515 857 5586; x_wconf 81' lang='lat' dir='ltr'>item</span> <span class='ocrx_word' id='word_1_393' title='bbox 885 5515 1003 5605; x_wconf 83' lang='lat' dir='ltr'>labor,</span> <span class='ocrx_word' id='word_1_394' title='bbox 1039 5514 1122 5586; x_wconf 90' lang='lat' dir='ltr'>item</span> <span class='ocrx_word' id='word_1_395' title='bbox 1149 5512 1306 5610; x_wconf 66' lang='lat' dir='ltr'>poema,</span> <span class='ocrx_word' id='word_1_396' title='bbox 1333 5515 1417 5588; x_wconf 83' lang='lat' dir='ltr'>item</span> <span class='ocrx_word' id='word_1_397' title='bbox 1444 5537 1596 5610; x_wconf 80' lang='lat' dir='ltr'>oeezycp,</span> <span class='ocrx_word' id='word_1_398' title='bbox 1630 5516 1716 5587; x_wconf 89' lang='lat' dir='ltr'>item</span> <span class='ocrx_word' id='word_1_399' title='bbox 1742 5515 1923 5602; x_wconf 80' lang='lat' dir='ltr'>tabernae,</span> <span class='ocrx_word' id='word_1_400' title='bbox 1948 5511 2015 5580; x_wconf 75' lang='lat' dir='ltr'>lan</span> 
     </span>
    </p>

    <p class='ocr_par' dir='ltr' id='par_1_25' title="bbox 451 5631 2015 5728">
     <span class='ocr_line' id='line_1_41' title="bbox 451 5631 2015 5728; baseline -0.001 -24"><span class='ocrx_word' id='word_1_401' title='bbox 451 5698 457 5704; x_wconf 89' lang='lat'>.</span> <span class='ocrx_word' id='word_1_402' title='bbox 496 5631 690 5724; x_wconf 88' lang='lat' dir='ltr'>hortulani,</span> <span class='ocrx_word' id='word_1_403' title='bbox 718 5635 802 5706; x_wconf 89' lang='lat' dir='ltr'>item</span> <span class='ocrx_word' id='word_1_404' title='bbox 821 5634 1018 5727; x_wconf 86' lang='lat' dir='ltr'>praedium,</span> <span class='ocrx_word' id='word_1_405' title='bbox 1045 5636 1129 5708; x_wconf 90' lang='lat' dir='ltr'>item</span> <span class='ocrx_word' id='word_1_406' title='bbox 1146 5635 1389 5708; x_wconf 90' lang='lat' dir='ltr'>molendinum.</span> <span class='ocrx_word' id='word_1_407' title='bbox 1429 5635 1518 5708; x_wconf 91' lang='lat' dir='ltr'>Item</span> <span class='ocrx_word' id='word_1_408' title='bbox 1536 5657 1656 5708; x_wconf 89' lang='lat' dir='ltr'>omnes</span> <span class='ocrx_word' id='word_1_409' title='bbox 1683 5636 1759 5728; x_wconf 84' lang='lat' dir='ltr'>agri</span> <span class='ocrx_word' id='word_1_410' title='bbox 1777 5635 1879 5708; x_wconf 84' lang='lat' dir='ltr'>villae</span> <span class='ocrx_word' id='word_1_411' title='bbox 1905 5631 2015 5704; x_wconf 77' lang='lat' dir='ltr'>solvunt</span> 
     </span>
    </p>
   </div>
   <div class='ocr_carea' id='block_1_3' title="bbox 0 0 2257 6592">
    <p class='ocr_par' dir='ltr' id='par_1_26' title="bbox 0 0 2257 6592">
     <span class='ocr_line' id='line_1_42' title="bbox 0 0 2257 6592; baseline 0 0"><span class='ocrx_word' id='word_1_412' title='bbox 0 0 2257 6592; x_wconf 95' lang='lat' dir='ltr'> </span> 
     </span>
    </p>
   </div>
  </div>
 </body>
</html>
