4492 6592
500 738 574 820 302

498 955 601 1026 titulo
629 961 664 1028 et
690 955 844 1044 nomine,
882 962 919 1025 et
946 954 1010 1025 sub
1037 950 1159 1044 regula
1194 953 1313 1026 Sancti
1340 950 1533 1027 Salvatoris
1572 960 1609 1025 et
1638 951 1755 1026 Sancti
1783 953 1981 1045 Augustini,
2003 957 2034 1028 iu

500 1076 627 1167 oppido
654 1096 716 1146 suo
744 1077 841 1164 regio
868 1074 1039 1147 Lubliu
1067 1073 1308 1148 Gracoviensis
1327 1075 1506 1167 dioecesis,
1533 1081 1568 1147 et
1594 1078 1630 1146 in
1647 1056 1806 1166 'praefati
1832 1076 1948 1166 oppidi
1971 1077 2036 1148 Lu·

497 1197 597 1268 blin
625 1197 808 1286 suburbio,
845 1197 880 1267 in
908 1196 983 1267 loco
1011 1197 1164 1286 capellae
1190 1195 1339 1268 Sanctae
1366 1197 1564 1286 Barbarae,
1591 1197 1832 1288 templumque
1857 1198 1923 1268 sub
1947 1199 2036 1269 titulo

376 1334 379 1350 ’
497 1317 643 1390 Sanctae
671 1317 806 1389 Mariae
834 1323 870 1388 et
891 1307 1044 1389 Sanctae
1073 1317 1248 1407 Brigittae
1275 1339 1366 1389 auno
1384 1318 1524 1391 Domini
1547 1320 1643 1389 1426
1672 1319 1729 1389 die
1756 1318 1886 1407 Lunae,
1914 1319 1948 1389 in
1972 1339 2038 1390 cra-

498 1441 589 1510 stino
616 1438 788 1528 Paschae,
814 1437 954 1528 fundat,
991 1439 1173 1527 erigitque.
1217 1437 1303 1510 Cum
1330 1447 1446 1510 autem
1473 1440 1595 1528 religio
1623 1440 1700 1529 ipss
1726 1445 1763 1509 et
1789 1437 1835 1509 ob
1861 1439 2039 1510 nontatem

498 1564 534 1630 et
561 1559 785 1632 artitudinem
813 1559 877 1646 sui,
904 1557 1010 1629 fuerit
1037 1566 1073 1628 et
1100 1559 1148 1628 sit
1175 1561 1209 1629 iu
1237 1559 1396 1661 doiuibus
1423 1560 1495 1632 suis
1522 1580 1623 1648 rara,
1650 1565 1687 1630 et
1713 1560 1858 1647 abscisa,
1886 1565 1922 1629 et
1946 1559 2060 1637 inires

500 1699 618 1770 quens,
638 1685 674 1750 et
693 1679 830 1750 nonnisi
849 1678 885 1748 in
904 1683 978 1748 toto
998 1671 1169 1750 catholico
1186 1679 1271 1748 orbe
1289 1677 1551 1768 quatuordecim
1569 1678 1655 1768 loca,
1682 1677 1844 1749 videlicet
1870 1677 2043 1765 Romae,

499 1797 794 1887 Florentiae,
830 1797 1028 1888 Jannae,
1066 1797 1434 1889 Nurumbergae,
1471 1797 1699 1888 Vasceno,
1735 1797 1945 1886 Gdansk,
1982 1797 2045 1868 El-

499 1921 657 2008 bingo,
683 1918 873 2008 Lublin‚
901 1918 1119 1990 Venetiis
1129 1973 1272 2007 ......
1298 1925 1382 1989 tuno
1408 1919 1530 1992 habita
1560 1924 1642 1990 suut
1668 1925 1704 1991 ct
1728 1939 1822 1990 nunc
1848 1919 2045 2005 habeantur,

501 2060 626 2130 magna
652 2040 727 2130 regi
754 2038 1003 2110 Vladislao
1039 2014 1206 2112 Poloniae
1234 2040 1487 2111 obversabatur
1513 2037 1719 2129 difficultas,
1756 2039 1847 2110 unde
1875 2059 2044 2128 personas,

501 2162 544 2232 de
571 2167 719 2251 unoque
746 2181 830 2232 sexu
858 2162 1038 2250 reciperet,
1067 2161 1126 2250 qui
1145 2162 1395 2232 monasterium
1423 2181 1444 2230 a
1471 2182 1509 2232 se
1536 2159 1717 2232 fundatum
1744 2160 1937 2231 initiarent.
1964 2157 2047 2229 Tan-

451 2329 452 2332 =
500 2281 577 2352 dem
605 2287 684 2370 post
710 2281 826 2371 plures
854 2281 1122 2357 deliberationes
1150 2282 1186 2352 in
1213 2282 1279 2352 bac
1306 2301 1345 2352 re
1371 2280 1498 2372 factos,
1524 2281 1653 2352 fratres
1680 2287 1716 2352 et
1743 2299 1883 2351 sorores
1912 2300 1955 2349 ex
1982 2301 2047 2349 mo·

501 2402 652 2473 nastesio
680 2399 828 2472 Sanctae
855 2399 1027 2492 Brigittae
1055 2402 1098 2473 de
1126 2400 1332 2491 Gdansk,
1359 2402 1515 2476 almanus
1533 2423 1652 2473 omnes
1671 2403 1814 2491 recepit,
1842 2407 1880 2472 et
1899 2401 1935 2470 iu
1955 2421 2048 2490 prae

499 2521 572 2594 lato
598 2523 808 2594 monasterio
844 2523 1005 2610 locant,
1026 2521 1159 2614 fuitque
1194 2525 1381 2614 primarius
1416 2524 1483 2595 loci
1515 2530 1552 2594 et
1579 2517 1735 2594 coenobii
1772 2521 1922 2612 praefati
1960 2521 2049 2611 prior

501 2642 783 2734 Helwoszer,
810 2643 981 2718 secundus
1007 2643 1324 2718 Huszbrautb.
1356 2637 1522 2734 Quamvis
1549 2643 2050 2732 autemsubomnitempore,

356 2842 359 2848 ,
502 2786 570 2854 quo
597 2764 874 2838 Vladislaus
901 2785 962 2836 rex
981 2766 1130 2856 virebat,
1158 2765 1405 2838 monasterium
1423 2764 1510 2837 illud
1527 2765 1701 2853 calicibus,
1719 2764 1890 2852 crucibus,
1919 2762 2050 2851 casulis

241 2868 256 2884 ’“
501 2885 629 2976 cappis,
657 2885 871 2980 caeterisque
899 2885 935 2957 id
961 2906 1070 2975 genus
1090 2887 1304 2958 ornamentis
1331 2892 1368 2958 et
1394 2884 1571 2974 clenodiis,
1599 2905 1663 2974 pro
1681 2884 1941 2974 magnificentia
1959 2883 2051 2971 regu

501 3005 784 3095 magnificaverit,
810 3005 938 3076 fratres
964 3012 1080 3077 tamen
1108 3007 1176 3079 loci
1202 3025 1386 3096 perperam
1413 3011 1566 3096 mentes,
1594 3006 1710 3076 omnia
1736 3005 1881 3076 meliora
1909 3025 1954 3074 ex
1981 3003 2050 3072 loco

493 3111 707 3216 'auferemes
734 3126 770 3198 in
798 3128 1046 3198 monasterium
1074 3125 1282 3198 Gedanense
1309 3127 1464 3199 clanculo
1492 3124 1704 3215 deferebant,
1730 3131 1767 3196 et
1792 3125 1963 3197 coenobio
1990 3123 2052 3194 Lu-

501 3245 650 3318 blinensi
676 3246 834 3336 spoliato,
861 3244 1101 3320 &edanensem
1120 3248 1291 3336 ditabant3
1317 3246 1378 3318 sed
1406 3255 1453 3318 et·
1468 3247 1587 3338 plures
1614 3247 1864 3336 contentiones,
1893 3244 2051 3315 smndm

502 3373 539 3436 et
574 3365 812 3437 deformitates
853 3367 888 3438 in
915 3369 1126 3438 monasterio
1166 3367 1325 3458 praefato
1365 3369 1518 3440 incestus
1557 3368 1702 3458 insuper
1740 3365 2052 3437 sanctimonialium
2142 3353 2144 3494 l

503 3487 721 3577 oriebantur,
758 3487 866 3558 donec
893 3496 1132 3560 successerunt
1168 3489 1296 3560 fratres
1325 3488 1464 3578 Poloni,
1500 3489 1594 3560 iuter
1626 3506 1714 3579 quos
1750 3486 1956 3577 principalis
1983 3490 2054 3556 erat
2142 3499 2144 3590 l

310 3703 314 3712 ι
502 3605 677 3678 Martinus
712 3607 755 3678 de
782 3606 903 3680 Karn
915 3625 1128 3698 youyeze
1163 3611 1261 3700 prior
1288 3610 1387 3682 annis
1414 3598 1552 3698 multis,
1589 3610 1647 3699 qui
1683 3607 1935 3679 monasterium
1972 3605 2051 3678 illud
2142 3609 2144 3728 p

422 3763 424 3776 =
501 3728 599 3800 etin
627 3728 866 3818 spiritualibus
893 3735 928 3800 et
955 3730 990 3800 iu
1017 3731 1267 3822 temporalibus
1303 3733 1392 3803 bene
1417 3729 1654 3821 gubernando,
1683 3729 1728 3800 ad
1753 3729 1889 3818 frugem
1918 3728 2052 3817 regula-
2142 3783 2144 3842 l

501 3849 551 3920 ris
577 3825 819 3921 observantiae
846 3849 995 3922 reduxit.
1023 3850 1086 3922 Oui
1115 3851 1253 3943 quidem
1281 3853 1492 3924 monasterio
1519 3853 1555 3922 in
1584 3848 1700 3922 dotem
1727 3850 1875 3921 contulit
1902 3869 1969 3919 rex
1996 3848 2053 3918 ril-

402 3959 406 3972 '
501 3969 554 4042 las
581 3969 666 4042 duas
693 3971 817 4062 regias,
843 3971 1006 4043 videlicet
1033 3956 1294 4064 Gnyrnyow‚
1336 3980 1372 4044 et
1412 3972 1722 4044 Slrrainnicza
1760 3971 1847 4041 alias
1884 3969 2053 4060 Ponya·

501 4091 652 4162 tbowa
679 4111 755 4163 cum
783 4092 876 4164 omni
904 4093 988 4183 inre,
1017 4100 1053 4164 ct
1071 4093 1216 4165 libertat
1233 4113 1293 4164 eas
1312 4100 1348 4164 et
1365 4094 1401 4164 iu
1420 4095 1474 4164 ius
1492 4093 1734 4165 theutonicum
1760 4090 1943 4162 transfert.
1971 4091 2051 4160 mm

364 4221 370 4230 “
502 4231 607 4284 unum
634 4231 711 4284 cum
738 4211 881 4285 dimidio
908 4213 1043 4303 laneos,
1078 4201 1177 4306 'qnod
1211 4213 1278 4286 fnit
1304 4215 1484 4305 antiquum
1521 4213 1686 4285 allodium
1713 4213 1885 4303 capellae,
1928 4213 1964 4281 in
1992 4231 2052 4301 qno

502 4333 607 4404 situm
635 4339 690 4404 est
715 4335 972 4406 monasterium.
1000 4335 1086 4407 Item
1114 4335 1208 4406 aliud
1236 4335 1400 4408 allodium
1435 4357 1512 4406 cum
1539 4335 1674 4406 duobus
1701 4334 1811 4405 laneis
1838 4353 1901 4403 seu
1930 4333 2052 4435 mansis

503 4473 611 4543 usque
647 4454 692 4533 ad
719 4454 843 4526 flumen
881 4455 1157 4546 Bystrzioza
1196 4477 1234 4527 se
1269 4456 1533 4546 protendentes,
1570 4475 1659 4546 quae
1686 4476 1708 4525 a·
1734 4453 1840 4525 Petro
1876 4451 2052 4543 Gzigel
2142 4453 2144 4458 ’

504 4573 712 4645 stricber
738 4571 911 4666 oppidano
937 4576 1141 4648 Lubliueusi
1168 4597 1230 4650 rex
1257 4597 1320 4666 pro
1348 4583 1443 4648 certa
1461 4597 1595 4647 summa
1621 4575 1854 4665 comparavit3
1890 4573 2052 4644 decimam

504 4699 687 4775 metretam
714 4715 756 4766 ex
785 4697 944 4768 omnibus
971 4697 1210 4789 emolimentis,
1238 4717 1327 4788 quae
1353 4718 1396 4768 ex
1416 4697 1574 4768 omnibus
1598 4696 1803 4778 molendinis
1831 4695 1953 4786 oppidi
1980 4693 2052 4764 Lu·

504 4813 602 4890 bliu
627 4819 663 4886 et
690 4815 792 4887 villae
819 4815 1025 4909 Oblopye
1053 4821 1271 4909 proveniunt.
1307 4819 1394 4890 item
1422 4818 1654 4909 quadraginta
1680 4836 1815 4887 marcas
1842 4815 1952 4886 annui
1980 4833 2051 4885 oen·

503 4957 563 5008 sus
589 4936 626 5008 in
654 4935 787 5008 dnobus
814 4937 1005 5028 theloneis,
1041 4939 1244 5010 Lublinensi
1280 4939 1442 5010 videlicet
1477 4939 1602 5029 viginti
1637 4957 1792 5027 marcas,
1819 4942 1855 5007 et
1883 4937 1919 5006 in
1953 4933 2050 5006 Obel-

503 5059 613 5132 monsi
641 5058 765 5148 viginti
792 5079 944 5149 marcas,
981 5060 1128 5149 singulis
1155 5067 1305 5151 quatuor
1330 5061 1544 5150 temporibus
1571 5079 1636 5149 per
1661 5059 1813 5150 quinque
1840 5077 1992 5146 marcas,
2016 5075 2050 5123 er

505 5179 660 5270 quolibet
686 5179 849 5252 theloneo
885 5201 948 5270 per
975 5178 1140 5251 officiales
1166 5188 1203 5252 et
1228 5180 1488 5252 theloneatores
1515 5179 1672 5271 praefato
1700 5171 1913 5249 monasterio
1941 5183 2051 5248 extru-

423 5375 431 5384 ,
505 5299 646 5372 dendus.
674 5300 760 5372 Item
787 5301 894 5373 donat
920 5301 1030 5374 eidem
1059 5303 1272 5373 monasterio
1298 5302 1385 5372 duos
1412 5302 1615 5392 piscatores,
1643 5301 1701 5392 qui
1724 5299 1760 5370 in
1779 5299 1939 5369 omnibus
1958 5295 2051 5388 pisci·

506 5421 560 5494 uis
586 5420 865 5512 Lubliueusibus,
892 5443 956 5514 pro
985 5422 1140 5514 quolibet
1165 5431 1332 5513 tempore,
1357 5423 1470 5512 pisces
1488 5422 1629 5512 capiant
1647 5441 1711 5510 pro
1725 5419 1942 5494 monasterio
1961 5435 2050 5508 prae·
2131 5475 2138 5484 .

505 5539 589 5627 luto3
616 5563 702 5630 quos
728 5543 835 5614 etiam
861 5544 1054 5634 piscatores
1081 5543 1225 5615 libertot
1251 5545 1296 5615 ab
1323 5543 1481 5614 omuibus
1509 5542 1613 5612 datiis
1639 5547 1677 5611 et
1701 5540 1845 5611 tributis
1863 5537 2050 5609 etaloris

507 5657 658 5732 diedone
684 5663 836 5733 omnium
863 5663 1017 5735 iudicum·
1041 5669 1077 5734 et
1104 5654 1363 5754 capiteanotum
1390 5663 1670 5750 Lublinensium,
1705 5663 1774 5749 ita,
1809 5663 1850 5730 ut
1875 5659 1966 5730 nulli
1990 5657 2051 5728 sint
