4492 6592
488 805 564 877 250

488 1010 583 1100 agris
599 1007 757 1096 ¹solvitur
783 1007 917 1078 decima
951 1006 1178 1097 manipularis
1212 1006 1377 1077 ecclesiae
1412 1005 1449 1075 in
1476 1004 1731 1094 Ribithwy,
1766 1010 1804 1075 et
1829 1004 1927 1076 valor
1957 1007 2020 1078 aius

489 1129 695 1200 aestimatur
721 1127 765 1198 ad
792 1131 863 1196 tres
888 1133 1034 1196 lnarcas.
1078 1125 1166 1196 Item
1202 1131 1258 1196 est
1284 1145 1373 1196 unus
1399 1125 1520 1196 laneus
1555 1123 1799 1213 cmethonulis,
1839 1124 1969 1196 nonar
1991 1126 2021 1198 ir

357 1249 362 1256 “
488 1247 596 1319 cruda
623 1246 750 1319 radice·
767 1265 830 1335 par
857 1244 1041 1316 haeredem
1069 1245 1280 1335 extirpatus,
1321 1245 1380 1334 qui
1405 1244 1538 1315 locatus
1565 1248 1620 1315 est
1646 1244 1845 1333 cmethone,
1872 1250 1909 1316 et
1933 1245 2024 1318 solat

474 1355 659 1439 ¹decimam
686 1365 935 1463 manipularem
962 1364 1128 1436 ecclesiae
1155 1365 1191 1434 in
1218 1363 1464 1455 Rihithwy.

596 1485 774 1575 Csanow,
801 1485 883 1556 villa
909 1483 1040 1556 habens
1067 1485 1103 1555 in
1114 1505 1159 1555 se
1178 1485 1356 1556 ecclesiam
1375 1483 1609 1575 parochialem
1629 1484 1778 1573 ligneam
1797 1483 1915 1555 Sancti
1933 1484 2025 1556 Adal·

487 1610 595 1699 herti,
632 1605 888 1678 cuiushaeres
921 1603 1113 1676 Dohcslaus
1150 1604 1472 1695 Sczekaczshy
1507 1603 1551 1676 de
1586 1604 1688 1676 domo
1715 1601 2025 1683 Odrawansch
2138 1682 2139 1687 ,

488 1731 583 1803 Haec
610 1727 745 1798 decima
772 1724 911 1812 dudum,
939 1724 1107 1795 incertum
1136 1729 1204 1814 qua
1230 1731 1395 1814 tempore,
1424 1745 1535 1814 quove
1557 1725 1659 1795 mado
1678 1724 1830 1796 alienata
1856 1730 1911 1796 est
1928 1745 1950 1794 a
1965 1747 2026 1797 ma

488 1847 642 1922 casaria
670 1845 818 1916 Sanctae
846 1841 984 1933 Crucis,
1010 1849 1047 1914 et
1074 1844 1222 1934 percipit
1256 1865 1333 1914 eam
1358 1849 1441 1934 post
1466 1863 1584 1916 amnes
1611 1844 1747 1933 laneas,
1786 1850 1861 1916 tarn
1881 1836 2028 1916 ‘amcam

347 2041 349 2044 .
489 1971 605 2057 nales,
632 1967 913 2052 tabernatam,
941 1964 1222 2053 hortulanorum,
1259 1985 1361 2054 quam
1387 1944 1581 2054 praediales
1607 1965 1772 2036 ecclesiae
1798 1963 2030 2054 praefataeiu

491 2089 685 2162 Carbow
712 2107 775 2175 pro
802 2091 957 2174 tempora
984 2091 1108 2174 rector,
1137 2086 1211 2155 sive
1236 2084 1415 2175 plebanae,
1442 2085 1571 2174 absque
1599 2084 1836 2176 diminutione,
1865 2085 1948 2175 quia
1969 2085 2031 2157 iar·
2138 2090 2139 2177 ζ

376 2233 380 2236 ·
490 2209 582 2282 sitan
620 2227 793 2296 nunquam
823 2205 867 2276 ad
895 2205 1140 2276 monasterium
1167 2204 1315 2276 Sanctae
1342 2204 1464 2276 Crucis
1491 2205 1698 2294 pertinebat,
1737 2211 1881 2294 praeter
1907 2205 2032 2295 aliquas

491 2349 603 2419 agras,
632 2327 690 2416 qui
718 2307 844 2396 cedunt
870 2345 933 2413 pro
961 2325 1162 2413 episcopatu
1188 2321 1409 2395 Cracoriensi
1435 2323 1479 2394 de
1506 2330 1654 2413 quatuor
1681 2323 1800 2394 laneis.

595 2446 906 2532 Wunzcnonrow,
933 2443 1015 2515 villa
1038 2445 1102 2515 sub
1120 2444 1286 2533 parochia
1312 2444 1478 2515 ecclesiae
1504 2443 1547 2515 de
1573 2443 1812 2514 Kazimirz
1839 2445 1919 2533 sits,
1945 2446 2033 2517 cuim

493 2571 617 2640 haeres
644 2566 770 2638 Petrus
799 2564 1048 2654 Curawsky
1084 2565 1127 2634 de
1154 2563 1256 2635 doma
1283 2563 1567 2655 Srzenyawa.
1611 2565 1651 2634 ln
1678 2571 1857 2655 quaesunt
1883 2565 2032 2637 undecim

491 2709 568 2760 cum
603 2687 716 2758 media
752 2685 843 2760 lanei
879 2683 1131 2774 amathonales,
1166 2670 1361 2774 dequibus
1397 2685 1556 2756 amnibus
1592 2685 1738 2756 solvitur
1772 2692 1810 2758 et
1836 2683 2032 2758 conducitur

491 2809 624 2880 decima
659 2805 885 2895 manipularis
912 2809 947 2875 et
974 2805 1149 2894 canapalis
1184 2823 1248 2893 pro
1275 2805 1486 2876 monasterio
1522 2804 1669 2876 Sanctae
1705 2805 1845 2894 Crucis,
1880 2813 1919 2877 et
1945 2807 2033 2878 valor

491 2930 565 3000 eius
592 2926 795 2998 aestimatur
822 2923 866 2996 ad
893 2944 1016 2995 novem
1043 2944 1187 3014 marcas,
1214 2925 1296 2994 item
1323 2924 1478 3014 taberna,
1505 2925 1588 3006 item
1615 2925 1803 3016 hartmani,
1830 2926 1915 2997 item
1941 2947 2031 3017 prae

491 3048 586 3120 dium
612 3065 681 3118 nan
708 3050 773 3134 est,
799 3043 861 3116 sed
889 3043 1049 3115 scoltetia
1075 3051 1139 3133 est,
1166 3043 1210 3115 de
1237 3043 1335 3115 cuius
1362 3044 1457 3135 agris
1483 3044 1630 3116 solvitur
1656 3044 1790 3116 decima
1815 3046 2032 3138 manipularis

380 3229 386 3240 .
441 3171 444 3177 ’
492 3187 556 3258 pra
583 3164 794 3238 monasteria
822 3163 969 3234 Sanctae
996 3162 1116 3235 Crucis
1143 3165 1180 3234 in
1203 3161 1419 3259 ponitbwam.

595 3286 831 3374 Rznozuozn,
872 3283 955 3354 villa
982 3283 1045 3356 sub
1073 3283 1238 3373 parochia
1274 3283 1439 3356 ecclesiae
1466 3285 1509 3356 de
1545 3284 1781 3355 Kazimirn
1817 3285 1904 3375 sita,
1944 3287 2031 3358 cuius

492 3405 690 3496 proprietas
717 3403 762 3474 ad
789 3402 1044 3475 serenissimum
1079 3401 1244 3476 Palaniae
1280 3424 1397 3494 regern
1433 3405 1594 3494 pertinet.
1638 3404 1738 3475 Hanc
1773 3404 1941 3477 decimam
1970 3429 2030 3478 non

492 3525 640 3618 percipit
675 3523 777 3596 mado
806 3523 1053 3594 monasterium
1090 3522 1237 3594 Sanctae
1265 3522 1405 3614 Crucis,
1435 3531 1475 3595 et
1500 3523 1592 3596 forte
1618 3545 1694 3596 eam
1721 3545 1898 3615 nunquam
1929 3528 2031 3617 perci-

493 3645 622 3736 piebat3
650 3645 710 3716 sed
738 3643 886 3734 percipit
912 3663 988 3714 eam
1015 3643 1117 3734 pleno
1145 3644 1221 3716 iure
1247 3650 1284 3715 et
1309 3643 1440 3734 absque
1466 3643 1708 3735 diminutione,
1735 3645 1881 3717 ecclesia
1907 3653 1945 3718 el
1968 3647 2037 3738 pla-a

492 3767 602 3848 banus
629 3765 665 3835 in
691 3763 944 3853 Kazimirz,
971 3769 1007 3835 et
1033 3764 1132 3836 valor
1158 3765 1233 3836 cius
1260 3766 1466 3838 aestimatur
1483 3765 1528 3836 ad
1546 3765 1664 3837 decem
1690 3785 1833 3838 marcas

597 3883 847 3972 Wousszrrm,
888 3883 972 3955 villa
999 3885 1062 3956 sub
1090 3885 1256 3974 parochia
1282 3884 1446 3956 ecclesiae
1473 3885 1516 3956 de
1542 3883 1779 3957 Kazimirz
1815 3887 1904 3977 sita,
1943 3889 2031 3960 cuins

365 4057 368 4064 .
491 4005 688 4095 proprietas
715 4003 758 4075 ad
787 4003 992 4076 advocatum
1019 4004 1061 4075 de
1088 4003 1321 4075 Kazimirz
1349 4004 1510 4096 pertinet.
1537 4005 1637 4077 Hanc
1654 4006 1822 4078 decimam
1848 4009 1955 4079 etiam
1971 4031 2031 4079 non

492 4125 641 4215 percipit
667 4123 769 4196 mado
796 4125 1043 4196 monasterium
1067 4122 1214 4195 Sanctae
1241 4123 1370 4214 Crucis,
1397 4131 1434 4196 et
1451 4124 1541 4196 farte
1568 4146 1644 4196 eam
1671 4147 1846 4217 nunquam
1873 4129 2029 4219 percipie

365 4257 370 4268 ‘
491 4243 563 4332 bat;
591 4243 651 4316 sed
678 4243 826 4334 percipit
853 4264 928 4316 eam
956 4243 1057 4334 pleno
1084 4243 1160 4316 iura
1186 4250 1221 4315 et
1247 4245 1378 4334 absque
1404 4244 1630 4317 diminutione
1657 4245 1803 4318 ecclesia
1821 4253 1857 4318 et
1874 4248 2030 4338 plebeam

491 4363 528 4435 in
554 4363 806 4453 Kazimirz,
833 4369 870 4436 et
897 4364 995 4435 valor
1021 4364 1094 4435 eius
1121 4365 1329 4436 aestimatur
1354 4363 1399 4435 ad
1426 4365 1576 4454 quinque
1603 4386 1747 4438 marcas.

597 4483 844 4573 anowrczn,
885 4483 967 4555 villa
1000 4484 1064 4556 sub
1091 4482 1257 4574 parochia
1283 4484 1327 4556 de
1352 4477 1629 4576 Sroko'mlya
1664 4486 1750 4575 sita,
1790 4487 1890 4560 cuius
1918 4489 2028 4560 haeres

495 4603 659 4675 Nicolaus
685 4601 934 4694 danowsky
962 4604 1005 4674 de
1032 4603 1137 4675 armis
1164 4603 1446 4696 Sralramlya
1473 4605 1514 4675 In
1540 4627 1609 4695 qua
1636 4611 1716 4678 sunt
1741 4612 1816 4678 tres
1843 4607 2029 4680 laneicme

496 4723 664 4812 thonales,
692 4729 728 4793 et
754 4722 797 4794 de
825 4723 982 4795 omnibus
1010 4724 1158 4796 solvitur
1185 4725 1318 4797 decima
1339 4725 1565 4815 manipularis
1592 4732 1628 4797 et
1653 4727 1860 4800 conducitur
1889 4749 1952 4819 pra
1969 4751 2030 4800 ma

482 4843 647 4917 hasteria
682 4839 828 4915 Sanctae
867 4839 1004 4934 Crucis,
1045 4851 1081 4915 et
1107 4845 1206 4917 valor
1241 4846 1316 4916 eius
1342 4846 1547 4918 aestimatur
1582 4847 1626 4917 ad
1653 4846 1739 4918 duas
1766 4866 1921 4939 marcas,
1959 4851 2029 4920 ileu

490 4965 665 5054 tabernae,
693 4963 775 5035 item
804 4963 991 5053 hortulani,
1017 4964 1100 5036 item
1127 4964 1316 5054 praedium.
1530 5009 1536 5018 -

593 5084 813 5174 Dzunsnaw,
832 5137 945 5153 .....
1386 5077 1391 5086 ’

593 5203 723 5276 Danau
750 5203 881 5276 Mmon
907 5209 944 5274 ct
969 5201 1116 5292 Mrnoa,
1155 5203 1239 5274 villa
1274 5204 1338 5276 sub
1364 5206 1530 5295 parochia
1563 5205 1728 5278 ecclesiae
1763 5206 1807 5278 de
1838 5206 2029 5298 Wylhon

493 5323 568 5394 sita.
595 5323 634 5394 In
662 5345 730 5414 qua
756 5330 837 5395 sunt
864 5323 956 5395 lanei
983 5323 1230 5413 amathanales,
1257 5323 1301 5396 de
1328 5299 1453 5416 quibus
1480 5325 1627 5398 solvitur
1654 5331 1690 5398 et
1716 5327 1923 5399 conducitur
1948 5328 2027 5399 deci·

491 5463 548 5513 ma
584 5445 809 5534 manipularis
845 5466 908 5536 pra
936 5445 1145 5517 manasterio
1182 5443 1328 5517 Sanctae
1364 5445 1503 5535 Crucis3
1539 5447 1600 5518 sed
1636 5468 1725 5518 anna
1761 5448 1903 5519 Domini
1934 5449 2028 5535 llll,

494 5559 628 5631 decima
654 5563 801 5652 septima
827 5563 930 5655 Julii,
957 5585 1020 5654 per
1046 5563 1068 5636 J
1078 5564 1312 5636 araslaum
1339 5549 1537 5657 episcopum
1562 5567 1819 5657 Laudicensem,
1848 5575 1887 5640 et
1912 5568 2028 5640 Jahan·

392 5761 397 5766 ,
498 5697 579 5750 nem
597 5680 781 5771 plebanum
799 5683 835 5752 in
861 5683 1105 5756 Obraszow
1133 5684 1311 5757 officialem
1329 5685 1652 5778 Sandamiriensem,
1669 5687 1831 5772 arbitros
1849 5705 2052 5762 communes
