4492 6592
1721 764 1795 835 aar
1922 762 1960 857 j

236 966 453 1037 monastario
479 929 734 1056 infestantibus,
760 966 906 1041 vidisset
931 966 1179 1057 impedimenta
1197 970 1233 1037 et
1251 966 1364 1057 spolia
1381 968 1505 1039 crebra
1522 965 1652 1057 inferri,
1672 968 1798 1039 decen-

238 1087 301 1157 nio
327 1086 427 1177 lapso
453 1092 594 1176 postea,
620 1108 724 1177 quam
750 1086 987 1159 fundationem
1013 1087 1210 1159 huiuamodi
1237 1088 1272 1157 in
1299 1087 1562 1159 Ludzimirz
1589 1089 1797 1179 expleverat,

237 1207 277 1277 in
305 1206 423 1277 villam
460 1205 674 1289 Ozirricz
710 1228 733 1279 a
767 1206 978 1279 Sulislao
1014 1207 1186 1279 Jobannis
1222 1208 1342 1279 militis
1379 1207 1450 1279 filio
1478 1210 1643 1281 canonico
1670 1208 1798 1282 Greco-

238 1328 371 1416 riensi,
397 1348 462 1417 pro
497 1333 635 1412 centum
671 1329 797 1399 marcis
833 1328 970 1419 argenti
1006 1333 1268 1418 comparatam,
1287 1328 1373 1399 illud
1400 1349 1490 1401 anno
1516 1329 1658 1401 Domini
1689 1331 1798 1401 1245.
1936 1368 1945 1376 -

237 1447 382 1519 ordinat
408 1446 602 1538 transferri,
627 1450 663 1519 in
690 1469 758 1538 quo
785 1453 823 1518 et
848 1448 939 1519 diem
965 1447 1170 1519 hodiernum
1190 1454 1399 1538 perseverat.
1426 1448 1654 1521 Liberalitate
1673 1449 1798 1521 deinde

239 1567 398 1669 Vislai
424 1568 587 1659 episcopi,
614 1568 888 1641 Prandotba
914 1565 1153 1647 Oracorieusis
1180 1570 1372 1660 episcopus,
1391 1548 1611 1669 immediatus
1628 1570 1703 1642 eius
1720 1590 1797 1643 suc-

239 1708 370 1777 cessor,
396 1690 544 1779 imitata,
569 1689 613 1761 de
640 1708 811 1763 consensu
834 1690 980 1780 capituli
1003 1689 1154 1761 decimas
1173 1690 1405 1781 manipulares
1424 1710 1563 1762 mensae
1581 1691 1797 1781 episcopalis,

238 1811 279 1879 in
308 1810 399 1883 villis
426 1809 803 1901 Poszanowicze,
828 1808 1142 1883 Gosczacbow
1169 1816 1205 1883 et
1231 1811 1267 1881 in
1293 1810 1522 1901 Dliohow,
1549 1811 1633 1882 item
1661 1813 1697 1899 in
1726 1811 1796 1881 Ni-

237 1951 327 2019 gra
361 1930 504 2023 Sylva
537 1938 619 2021 post
652 1937 791 2003 eentum
827 1944 967 2003 mansos
1001 1930 1217 2003 franconicos
1252 1931 1329 2003 loco
1365 1931 1545 2022 proedicto
1572 1936 1608 2001 et
1633 1932 1799 2003 coenobio

237 2051 420 2142 inscripsit
446 2057 482 2123 et
508 2058 678 2142 perpetuo
704 2052 856 2124 donavit.
883 2052 1010 2123 Tenuit
1035 2058 1152 2123 autem
1179 2052 1426 2123 monasterium
1454 2050 1647 2141 praefatum
1667 2050 1795 2147 6Ζίῃί-

239 2194 364 2245 caenae
390 2172 624 2245 haereditates
650 2178 686 2243 et
712 2173 812 2245 villas
839 2173 1054 2274 praedictas,
1080 2173 1148 2243 sibi
1175 2160 1199 2242 a'
1223 2160 1467 2245 Theodoro
1495 2172 1733 2262 suprascripto
1762 2173 1797 2242 iu
1943 2248 1959 2265 ³

238 2294 587 2383 dotem-perpetuam
614 2293 759 2372 collatas
785 2299 822 2364 et
847 2294 1047 2383 inscriptas,
1074 2293 1109 2363 iu
1138 2293 1254 2382 quieta
1281 2298 1315 2363 et
1342 2293 1379 2363 iu
1406 2292 1551 2382 pacifica
1577 2294 1797 2383 possessione

247 2414 349 2486 annm
386 2414 522 2503 multis,
549 2414 680 2509 absque
715 2414 868 2485 cuiusvis
895 2412 1044 2485 bominis
1079 2412 1260 2484 obstaculo
1285 2418 1325 2484 et
1350 2412 1616 2503 impedimento,
1642 2418 1679 2483 et
1706 2412 1797 2483 villis

235 2534 410 2624 praefatis
436 2534 648 2607 undecimis
675 2540 824 2623 auctum,
851 2534 1028 2625 paululum
1054 2554 1077 2605 a
1102 2534 1250 2605 caeteris
1278 2534 1498 2605 monasteriis
1525 2534 1579 2605 sui
1606 2533 1738 2604 ordinis
1758 2534 1795 2604 in

237 2655 391 2727 dioecesi
418 2654 640 2728 cracoviensi
667 2660 748 2727 ante
774 2676 812 2726 se
838 2632 999 2745 fundatis,
1026 2655 1126 2726 etin
1153 2674 1296 2727 numero
1323 2653 1481 2743 fratrum,
1508 2659 1543 2723 et
1569 2654 1605 2723 iu
1623 2658 1795 2743 proventu

237 2776 454 2866 facrdtatum,
482 2778 696 2869 caeterisque
722 2777 758 2848 id
783 2797 894 2867 genus
920 2776 1088 2847 dotalium
1106 2795 1222 2847 rerum
1242 2773 1434 2847 differebat.
1461 2774 1592 2845 Verum
1611 2793 1796 2856 cumunus

239 2897 408 2969 abbatum
434 2898 636 2968 monasterii
663 2896 819 2986 praefati,
848 2918 916 2986 quo
943 2895 1099 2981 securior
1126 2894 1293 2967 adversus
1312 2894 1505 2984 praedones
1524 2895 1558 2965 in
1578 2894 1678 2966 bonis
1696 2895 1794 2967 iuxta

239 3016 511 3116 Ludzimirz
547 3024 584 3089 et
620 3016 852 3106 Novitarg
888 3017 1024 3107 quoties
1054 3015 1137 3087 illuc
1164 3010 1364 3087 descensum
1392 3014 1505 3086 facere
1532 3014 1688 3104 oportuit
1714 3034 1795 3087 cou-

241 3138 401 3226 aisteret,
435 3137 641 3209 fortalitium
676 3138 828 3227 ligneum
864 3138 1050 3226 erexisset,
1077 3140 1212 3207 ettam
1248 3137 1342 3226 ipse,
1369 3155 1470 3225 quam
1498 3134 1552 3205 sui
1579 3154 1796 3205 successores

105 3303 106 3308 =
239 3259 386 3363 abbates
412 3258 674 3348 Ozirziczenses,
701 3258 760 3329 illo
786 3257 955 3329 fortalitio
981 3258 1018 3327 in
1045 3257 1262 3328 necessitatis
1289 3255 1446 3344 articulo,
1472 3274 1537 3345 pro
1563 3274 1627 3325 sua
1653 3260 1690 3325 et
1717 3275 1796 3327 suo-

240 3400 320 3451 rum
346 3378 457 3451 tutela
482 3379 591 3468 probe
618 3384 811 3468 uterentur,
838 3378 1026 3450 succedens
1052 3378 1109 3447 his
1128 3430 1268 3447 ......
1298 3376 1406 3449 abbas
1433 3373 1679 3447 Gzirziczensis
1707 3395 1797 3445 nono

240 3500 381 3571 Domini
412 3501 510 3571 1380
530 3554 538 3569 .
557 3554 565 3569 .
583 3555 594 3575 ,
610 3500 674 3571 sub
701 3504 859 3589 tempore
884 3504 921 3569 ct
946 3498 1116 3587 regimine
1143 3497 1371 3569 Ludovici
1398 3496 1542 3567 Primi
1568 3495 1734 3566 Poloniae
1761 3501 1797 3565 et
1943 3558 1947 3572 ,

240 3620 443 3711 Huugariae
470 3622 572 3710 regis,
598 3620 802 3692 fortalitium
830 3619 1023 3709 praefatum
1050 3618 1191 3697 Sobel
1195 3618 1212 3688 f
1217 3618 1228 3687 l
1239 3638 1319 3707 ary
1338 3671 1345 3687 .
1364 3671 1372 3685 .
1391 3671 1398 3685 .
1416 3637 1544 3705 genere
1562 3615 1699 3711 iudaeo,
1716 3615 1796 3687 reli-

109 3798 113 3801 .
240 3743 345 3831 gionc
380 3747 495 3813 tamem
531 3743 721 3813 christiana
756 3741 940 3830 insignito,
975 3740 1085 3811 multa
1114 3737 1276 3811 miranda
1311 3737 1472 3827 fingenti,
1500 3735 1698 3807 multifariis
1725 3737 1797 3807 suis
1892 3804 1895 3812 .

241 3863 529 3953 promissionibus
565 3864 757 3952 inescatus,
785 3862 840 3932 vir
874 3860 1027 3950 alioquin
1064 3859 1247 3949 religiosus
1284 3863 1321 3928 et
1348 3856 1458 3947 frugi,
1485 3856 1546 3927 sed
1573 3856 1733 3927 credulus
1761 3862 1797 3927 et

240 3984 397 4075 simplex,
424 3984 698 4070 etl-caliditatum
725 3981 966 4072 fraudiumque
993 3980 1207 4051 iudaioarum
1236 4000 1358 4069 parum
1386 3997 1526 4067 gnarus,
1553 3976 1740 4048 committit
1760 3978 1796 4047 in

240 4106 529 4195 gubernationem
570 4111 606 4177 et
641 4110 815 4193 tenutam,
850 4103 1054 4175 existimaus
1091 4101 1186 4173 illum
1223 4122 1286 4190 pro
1323 4099 1449 4171 ardore
1476 4097 1555 4170 fidei
1581 4098 1797 4171 orthodoxae

242 4228 375 4299 recenti
410 4228 611 4298 charactere
644 4227 799 4315 initiato,
834 4226 969 4295 sincere
1003 4245 1042 4293 se
1078 4224 1114 4293 in
1150 4222 1317 4312 regimine
1344 4220 1505 4291 fortalitii
1531 4224 1719 4323 gesturum.
1746 4219 1795 4289 At
1883 4283 1886 4291 .

242 4350 302 4419 ille
337 4349 381 4419 ad
418 4349 556 4438 ingenia
590 4348 727 4421 iudaica
762 4348 807 4417 ab
843 4346 1007 4418 uberibus
1043 4344 1203 4416 imbibita
1239 4362 1417 4430 reversus,
1444 4339 1608 4413 furtivam
1636 4346 1794 4413 monetae

241 4470 413 4543 officinam
441 4470 476 4540 iu
504 4470 624 4541 eodem
651 4468 820 4541 fortalitio
846 4466 1038 4556 coustituit,
1065 4472 1101 4537 et
1128 4466 1280 4537 omnium
1298 4464 1489 4536 vicinarum
1513 4468 1549 4533 et
1567 4462 1797 4553 propriarum,

242 4592 305 4663 sed
331 4597 369 4663 et
394 4592 496 4683 longe
522 4592 713 4681 positarum
741 4590 921 4681 regionum
947 4588 1063 4678 coepit
1080 4586 1315 4659 adulterinum
1334 4585 1460 4657 cudere
1488 4584 1522 4655 in
1542 4604 1633 4675 aere,
1651 4588 1796 4672 argento

241 4720 290 4785 et.
306 4733 393 4784 auro
420 4714 599 4785 numisma
625 4712 679 4783 Ea
706 4711 872 4803 pernities
897 4730 973 4781 cum
1001 4710 1062 4781 diu
1087 4709 1198 4780 latere
1223 4708 1409 4798 nequisset,
1436 4709 1569 4777 ettam
1597 4725 1619 4775 a
1644 4705 1797 4795 proceri-

242 4836 338 4923 bus„
354 4854 457 4924 quam
484 4810 685 4924 vulgaribus
721 4834 820 4923 regni
846 4831 1012 4905 Poloniae
1037 4831 1256 4921 gravitaret
1283 4812 1401 4918 iniquo
1433 4814 1548 4897 auimo
1581 4830 1621 4897 ut
1647 4824 1796 4895 debebat

241 4926 425 5046 feneretur,
451 4955 538 5027 nihil
565 4961 680 5026 tamen
708 4954 865 5045 quamuis
891 4955 927 5024 in
954 4952 1125 5025 communi
1152 4951 1251 5041 regni
1279 4948 1460 5039 dispendio
1488 4948 1525 5017 in
1542 4950 1698 5019 tutorem
1717 4965 1796 5015 oon-

241 5078 422 5149 sulebotur
452 5076 635 5166 falsitatis,
669 5076 730 5147 sed
767 5075 908 5166 querela
943 5075 989 5152 od
1023 5074 1306 5146 Ludovicum
1342 5070 1506 5141 Poloniae
1533 5076 1569 5139 et
1595 5067 1796 5157 Huugariae
1939 5056 1942 5066 '

241 5219 371 5289 regern,
397 5204 482 5269 tuno
508 5198 599 5288 apud
626 5197 822 5269 Pannonias
848 5217 886 5267 se
913 5197 1147 5267 continentem
1175 5194 1291 5267 delata
1309 5198 1371 5282 est,
1391 5191 1449 5281 qui
1468 5190 1599 5262 nuntiis
1617 5194 1653 5259 et
1669 5188 1797 5259 litteris

244 5320 408 5391 abbatem
434 5318 716 5391 Ozirzicaiensem
743 5318 937 5408 requisivit,
963 5322 1133 5407 quatenus
1161 5315 1284 5387 iudaeo
1310 5319 1347 5385 et
1372 5310 1595 5383 falsificotore
1627 5331 1649 5380 a
1679 5314 1800 5379 tenuta

241 5440 406 5513 fortalitii
432 5440 573 5513 Sobel
578 5440 595 5510 f
601 5441 693 5511 lari
721 5446 853 5529 amoto,
880 5440 1016 5510 bostem
1043 5458 1255 5508 communem
1283 5440 1485 5526 pestemque
1503 5431 1685 5523 ‘publicam
1713 5452 1734 5501 a
1762 5450 1798 5501 se

240 5562 421 5652 effugaret.
458 5562 589 5634 Verum
624 5582 701 5633 eum
728 5561 866 5633 tardius
894 5581 996 5650 quam
1022 5560 1168 5649 periculi
1196 5557 1386 5629 communis
1413 5555 1602 5625 necessitas
1630 5552 1796 5641 deposce·

242 5687 319 5774 bat,
346 5683 591 5757 Ozirzicaensis
618 5684 727 5755 abbas
751 5683 846 5772 regis
872 5683 991 5753 munia
1015 5684 1265 5771 exequeretur,
1292 5677 1416 5749 iudaeo
1442 5681 1482 5747 ut
1508 5695 1589 5747 reor
1616 5674 1798 5763 imperium
