4492 6592
494 675 641 794 222Ι

490 888 778 980 consurgentium,
804 883 976 959 Paulus
989 837 1243 964 'coronensis
1267 883 1449 977 episcopus
1474 883 1519 958 de
1545 905 1715 958 consensu
1740 883 1890 974 capituli
1915 881 2030 955 (12222

490 1009 617 1081 2122212
647 1010 756 1080 1287.
783 1028 859 1078 cnm
887 1007 1086 1088 Alberto
1110 1013 1146 1077 et
1173 1014 1344 1078 22222222
1371 1007 1591 1078 Thincziensi
1617 1012 1814 1096 commutat,
1842 1003 2031 1093 recipiendo
2137 1008 2140 1051 1

489 1151 512 1200 2
546 1130 755 1202 monasterio
791 1126 1009 1199 Thin'cziensi
1045 1127 1131 1226 duas
1166 1128 1267 1200 villas
1303 1136 1340 1198 et
1373 1149 1495 1198 earum
1521 1128 1789 1218 proprietatem,
1815 1146 1899 1198 cmn
1925 1145 2033 1196 earum
2138 1166 2140 1168 v

485 1250 631 1322 ‘decimis
657 1248 941 1339 manipularibus,
968 1247 1132 1322 videlicet
1162 1247 1359 1318 Β122122
1392 1255 1431 1318 22
1465 1246 1863 1338 GorczslauIcze,
1891 1251 1929 1316 et
1954 1244 2035 1316 deci·

490 1391 564 1442 mas
590 1369 823 1460 manipulares
849 1369 885 1438 in
911 1368 1042 1457 triplici
1068 1367 1370 1440 Dambrowno
1395 1389 1505 1459 prope
1530 1368 1693 1459 Lelou,
1719 1387 1809 1458 quac
1835 1372 2035 1438 eumerus
2139 1429 2142 1438 .

489 1491 706 1564 coenobiales
732 1489 844 1580 211122,
871 1488 1108 1560 Thincziensis
1134 1490 1347 1576 monasterii,
1374 1490 1513 1561 nonnisi
1539 1495 1778 1561 2222222222
1795 1488 1930 1575 villam,
1948 1487 2034 1589 21212

491 1611 573 1682 11222
608 1611 856 1702 Byczinam
892 1606 936 1680 erl
971 1609 1104 1682 duabus
1140 1611 1204 1680 sub
1240 1610 1406 1699 parochia
1441 1616 1478 1682 et
1503 1615 1627 1682 tenuta
1652 1608 1908 1682 Slawkoviensi
1934 1608 2038 1697 sitam,

491 1731 730 1804 Oracoviensis
756 1731 973 1820 episcopatus
1000 1730 1105 1802 habet
1130 1750 1221 1800 nunc
1247 1731 1284 1801 12
1310 1732 1539 1820 possessione,
1557 1731 1676 1813 ¹villam
1703 1727 2038 1802 Gorzczslawi·
2140 1733 2143 1781 ⁴

489 1873 565 1923 222
592 1852 803 1940 nonhabet,
831 1871 942 1940 neque
969 1851 1043 1922 2122
1070 1833 1247 1940 decimam,
1274 1871 1338 1922 nec
1364 1852 1473 1923 scitur
1499 1851 1670 1943 quomodo
1696 1851 1746 1922 sit
1771 1850 1940 1922 alienata

598 1973 781 2064 Mnruow,
807 1973 891 2044 villa
917 1971 981 2042 suh
1008 1971 1174 2061 parochia
1200 1970 1243 2041 de
1270 1970 1557 2063 Morawycze
1583 1973 1662 2063 sita,
1688 1972 1787 2044 cuins
1804 1972 1935 2042 haeres
1952 1967 2040 2040 Mar·

493 2095 587 2165 tinus
622 2094 819 2165 Frikaez
855 2093 898 2163 de
934 2091 1035 2163 domo
1062 2091 1367 2181 Accipitrum.
1406 2093 1447 2164 In
1474 2114 1543 2184 qua
1568 2100 1652 2166 sunt
1675 2093 1769 2164 12221
1799 2090 2041 2177 emethonalcs
2141 2078 2143 2088 '

495 2217 577 2286 item
603 2216 777 2304 tabernae,
803 2214 887 2285 item
913 2211 1141 2301 hortulaniae,
1157 2212 1212 2282 -de
1239 2213 1363 2302 quibus
1389 2215 1547 2285 omuibus
1574 2215 1656 2286 olim
1683 2199 1892 2292 solvebatur
1918 2211 2042 2282 decima

494 2336 719 2426 manipularis
759 2335 925 2406 ecclcsiae
960 2333 997 2404 12
1033 2331 1329 2424 Μ22221222,
1365 2334 1428 2407 sed
1462 2336 1571 2407 abbas
1607 2333 1844 2406 I'hincziensis
1887 2331 2041 2404 nunna
2141 2345 2143 2410 l

495 2453 676 2558 Osszha
710 2455 754 2528 de
790 2455 891 2526 domo
927 2454 1061 2526 Raws
1095 2454 1282 2545 acquisivit
1316 2473 1392 2526 eam
1427 2456 1503 2528 iure
1537 2455 1733 2546 ordinario,
1760 2456 1805 2527 de
1830 2455 1964 2543 122212,
1988 2453 2042 2542 21
2141 2481 2143 2494 ·

494 2577 609 2648 122222
634 2583 715 2668 post
739 2576 890 2648 11221222.
1110 2579 1113 2586 ’

600 2693 771 2770 Ε2212212
793 2692 1022 2788 parochiali·
1042 2691 1078 2766 in
1094 2691 1272 2768 'l'ucbow
1290 2702 1505 2788 proventus
1522 2697 1645 2770 exiles
1663 2703 1703 2770 ot
1718 2703 1862 2770 222222
1884 2698 2039 2768 danna

492 2817 699 2890 Mathias
735 2815 984 2890 Thiuiczieusis
1019 2815 1129 2890 abbas
1163 2817 1218 2888 sui
1244 2818 1447 2890 monasterii
1481 2818 1706 2890 112122122212
1731 2818 1917 2890 ecclesiam
1945 2835 2037 2907 paro

494 2939 641 3012 chialem
666 2940 703 3009 12
730 2936 921 3009 Tuchow
947 2955 1030 3008 suae
1055 2935 1229 3032 editionis,
1247 2939 1369 3028 suique
1386 2927 1619 3030 iurisoppidi
1645 2960 1797 3011 crassam
1822 2945 1865 3010 22
1893 2939 1931 3008 12
1949 2956 2041 3026 supe

494 3060 644 3131 rioribus
670 3059 911 3149 praemisimus
938 3055 1067 3147 videus,
1094 3058 1187 3130 illius
1214 3060 1529 3150 incorporationem
1555 3067 1591 3132 et
1616 3063 1827 3148 unionema
1849 3059 1938 3130 sede
1955 3058 2040 3146 Apo

495 3179 620 3250 stolica
646 3179 798 3250 obtinuit
824 3184 861 3250 et
885 3179 1096 3276 impetravit,
1123 3185 1161 3250 et
1185 3180 1294 3252 nobili
1313 3182 1388 3253 viro
1406 3182 1602 3253 Daniele
1627 3182 1776 3271 plebano
1794 3182 1832 3252 12
1850 3180 2041 3250 1221222

495 3305 642 3396 mortuo,
668 3299 761 3372 illius
788 3299 925 3388 plenam
952 3300 1205 3389 possessionem
1231 3301 1471 3391 apprehendit,
1497 3307 1534 3374 22
1559 3301 1685 3373 fratres
1712 3302 1767 3372 sui
1785 3299 1993 3373 monasterii
2007 3303 2039 3368 et

497 3420 629 3490 ordinis
664 3419 734 3490 illio
769 3417 814 3490 ad
840 3420 1025 3492 curandam
1053 3421 1188 3512 plebem
1215 3421 1362 3512 1222212,
1389 3429 1425 3492 22
1451 3443 1495 3493 ex
1520 3423 1756 3512 beremicolis,
1782 3422 1978 3510 urbicolas,
2002 3439 2039 3489 ex

497 3541 675 3612 monachis
702 3560 838 3630 quoque
873 3547 910 3612 22
935 3543 1020 3613 viris
1046 3541 1220 3631 religiosis
1247 3542 1397 3634 ordinis,
1425 3543 1621 3615 desertores
1646 3550 1684 3614 22
1710 3543 1909 3614 saeculares
1937 3559 2039 3611 sacer-

497 3661 598 3732 dotes
623 3660 714 3751 leeit,
741 3665 862 3732 contra
889 3662 990 3734 Beati
1009 3661 1190 3734 Benedicti
1207 3663 1415 3754 institutum,
1433 3670 1469 3735 et
1479 3669 1643 3736 ,22222222
1661 3663 1912 3747 monachornm
1930 3661 2039 3732 obser·

498 3777 650 3856 santiam
677 3788 782 3874 atque
809 3783 994 3856 decretum.
1489 3847 1495 3860 .

598 3901 771 3994 Oppidum
799 3903 1000 3996 Tuchow,
1027 3905 1160 3976 habens
1186 3904 1367 3976 ecclesiam
1393 3903 1636 3995 parochialem,
1663 3903 1773 3976 Beato
1798 3903 1934 3985 Jacobo
1951 3901 2036 3990 Apo

374 4121 376 4126 ι
496 4024 586 4097 22212
613 4024 762 4096 dicatam
787 4025 824 4096 in
851 4046 898 4115 22,
924 4026 1022 4098 22122
1048 4026 1245 4116 proprietas
1272 4031 1310 4098 et
1334 4025 1524 4097 dominium
1549 4025 1595 4096 cd
1620 4026 1782 4096 abbatem
1808 4031 1846 4096 et
1871 4028 2036 4097 monaste

498 4146 588 4217 rium
617 4145 831 4217 Tinicziense
868 4147 1088 4236 integraliter
1124 4147 1284 4236 pertinet.
1319 4146 1360 4216 In
1387 4167 1455 4236 quo
1483 4152 1563 4217 sunt
1589 4146 1707 4218 decem
1733 4151 1770 4216 et
1794 4152 1932 4235 septem
1957 4141 2037 4214 lanei

403 4295 407 4306 ¹
499 4265 760 4357 oppidanorum,
788 4267 847 4356 qui
874 4266 1040 4341 decimam
1067 4287 1137 4338 non
1155 4264 1330 4356 manipulo
1357 4288 1401 4339 22
1427 4267 1531 4357 longa
1557 4275 1593 4338 et
1619 4267 1836 4356 praescripta
1862 4269 2035 4365 22222222-

500 4386 597 4476 dine,
634 4387 699 4458 sed
729 4407 838 4477 grano
876 4387 1022 4480 siliginis
1057 4394 1093 4460 et
1128 4408 1276 4478 222222,
1302 4389 1387 4460 item
1421 4393 1457 4460 22
1491 4389 1645 4478 22222112
1671 4387 1820 4460 latorum
1847 4369 2038 4477 grossorum

500 4507 726 4597 Pragensium
762 4507 929 4582 decimam
964 4509 1215 4600 manipularem
1249 4509 1445 4597 redimunt;
1479 4515 1517 4580 et
1542 4509 1647 4581 solvit
1665 4508 1830 4598 quilibet
1854 4507 2036 4599 oppidanus

471 4629 543 4699 de
569 4629 669 4701 laneo
696 4649 760 4718 pro
787 4629 918 4702 decima
936 4684 944 4699 .
963 4684 971 4699 .
990 4684 1016 4720 .,
1044 4635 1079 4701 et
1105 4630 1203 4702 valor
1230 4630 1304 4701 eius
1331 4631 1535 4702 aestimatur
1560 4630 1598 4700 in
1624 4615 1771 4720 pecunia
1797 4629 1842 4700 ad
1868 4649 1932 4699 sex
1945 4645 2038 4698 ⁴mar-

499 4769 567 4841 cas,
594 4753 629 4820 22
655 4748 700 4820 21
727 4747 842 4820 decem
869 4756 905 4822 22
933 4755 1008 4821 octo
1036 4771 1214 4823 mensuras
1241 4750 1388 4840 siliginis
1415 4757 1451 4821 et
1477 4749 1522 4821 ad
1547 4749 1694 4821 totidem
1720 4769 1861 4839 222222,
1890 4749 1933 4819 de
1951 4767 2035 4818 men·

500 4891 582 4942 sura
608 4867 762 4941 conferta
789 4869 1017 4944 Tuehoviensi
1044 4871 1079 4940 12
1106 4891 1225 4961 grano.
1251 4871 1340 4942 Item
1367 4871 1474 4942 abbas
1500 4871 1607 4942 habet
1632 4871 1682 4942 ibi
1708 4871 1838 4941 curiam
1865 4868 2036 4958 specialem
2139 4918 2140 4927 1

501 4997 537 5064 et
563 4991 753 5083 praedium,
780 4991 823 5062 de
849 4993 946 5066 cuius
974 4992 1068 5082 agris
1095 4992 1242 5064 solvitur
1268 4992 1401 5063 decima
1426 4992 1652 5082 manipularis
1675 4981 1841 5064 ecclesiae
1859 4987 2038 5081 parochiali
2141 5025 2143 5061 i

501 5115 537 5185 12
573 5112 785 5204 1221222,
821 5119 858 5186 22
894 5113 992 5184 22122
1028 5113 1102 5185 2122
1138 5113 1342 5185 2222122222
1374 5113 1419 5183 ad
1446 5119 1596 5204 quatuor
1622 5133 1766 5183 marcas.
1805 5111 1896 5183 Item
1923 5119 1977 5184 est
1998 5109 2038 5182 ibi
2141 5179 2143 5218 r

366 5265 367 5270 ¹
502 5234 691 5325 advocatia,
718 5233 850 5306 babens
877 5233 1043 5324 speciales
1072 5255 1185 5324 agros,
1213 5234 1257 5306 de
1284 5234 1409 5324 quibus
1436 5234 1585 5305 solvitur
1611 5233 1753 5304 decima·
1789 5233 1878 5304 Item
1906 5232 2039 5324 quilibet
2140 5221 2143 5315 J

501 5355 694 5445 oppidanus
733 5355 860 5445 hospes
896 5376 959 5446 pro
988 5355 1242 5426 columbatione
1277 5355 1512 5426 solviturum
1547 5374 1725 5444 grossum,
1752 5353 1943 5444 inquilinus
1969 5370 2038 5426 vero
2141 5346 2143 5361 '

503 5475 652 5548 medium
687 5497 847 5566 grossum
882 5497 945 5566 pro
973 5477 1130 5567 plebano.
1166 5476 1253 5548 Item
1280 5476 1444 5566 oppidani
1471 5475 1611 5546 solvunt
1636 5495 1793 5564 censum,
1820 5476 1881 5565 qui
1908 5479 2039 5547 vocatur

503 5597 683 5685 mensalia,
710 5603 747 5666 22
773 5597 866 5668 cedit
900 5617 1023 5668 census
1058 5598 1133 5687 ipse
1159 5618 1223 5686 pro
1249 5599 1416 5687 magistro
1441 5597 1599 5686 scholae,
1624 5602 1662 5666 et
1688 5595 1833 5684 quilibet
1859 5597 2040 5687 oppidanus
