4492 6592
1673 768 1747 839 425
1860 788 1865 794 ·

104 1012 113 1023 .
164 952 209 1023 ad
237 957 515 1029 monasterium
551 956 716 1029 Clarae
743 956 941 1031 Tumbae
975 962 1139 1051 pertinet.
1174 962 1215 1033 In
1242 985 1311 1053 qua
1344 965 1486 1042 luerunt
1512 969 1593 1043 olim
1620 968 1750 1045 fratres

164 1072 443 1150 Cistercienses
468 1080 581 1169 primo
608 1079 778 1169 collocati,
804 1086 841 1153 et
866 1082 1023 1153 aedicula
1049 1104 1092 1155 ex
1117 1105 1226 1174 muro,
1240 1062 1342 1175 'quae
1370 1092 1407 1159 et
1434 1088 1603 1163 hactenus
1622 1100 1748 1183 manet,

164 1195 234 1286 fuit
260 1217 334 1285 pro
366 1200 429 1269 eis
456 1204 611 1289 murata3
637 1200 742 1272 huius
769 1201 881 1292 villae,
909 1223 998 1292 quae
1024 1203 1226 1275 foecundam
1255 1211 1290 1276 et
1316 1208 1459 1279 uberem
1477 1209 1615 1299 glebam
1634 1212 1748 1303 habet,

164 1338 289 1389 omnes
319 1317 456 1392 laneos
483 1321 716 1392 cmetbonales
743 1322 911 1412 deposuit,
939 1328 976 1395 et
1002 1324 1153 1414 antiquis
1171 1326 1407 1415 praedialibus
1426 1329 1628 1421 coniunctis,
1646 1352 1748 1421 prae-
1827 1364 1831 1369 Α

163 1437 261 1509 mum
291 1440 467 1531 insigne,
494 1448 531 1514 et
556 1443 612 1514 cui
638 1443 826 1515 secundum
853 1442 1040 1517 difficulter
1065 1446 1251 1536 reperitur,
1279 1449 1527 1521 monasterium
1554 1450 1748 1541 Mogilense

162 1561 258 1650 lecit,
287 1568 329 1632 et
360 1563 504 1654 aliquot
529 1564 666 1635 horreis
691 1565 815 1654 amplis
842 1571 879 1637 et
905 1566 1080 1655 protensis
1106 1568 1248 1657 effectis,
1274 1588 1433 1658 magnam
1462 1571 1531 1641 vim
1558 1570 1747 1645 frumento-

164 1704 243 1754 rum
272 1683 480 1756 cuiuslibet
505 1686 645 1774 generis
671 1685 743 1779 illic
769 1693 889 1758 seruat
914 1693 952 1758 et
977 1688 1152 1777 congerit,
1181 1710 1268 1779 quae
1295 1690 1407 1779 magis
1432 1693 1584 1781 propriis
1615 1693 1746 1767 colonis

164 1808 383 1894 et·aratro,
419 1826 521 1895 qoam
558 1807 778 1880 cmetbonum
815 1806 981 1897 suffragio
1007 1808 1189 1880 elaborata
1215 1811 1432 1898 proveniunt.
1473 1812 1616 1885 Decima
1641 1814 1746 1885 etiam

166 1926 416 2015 manipularis
444 1931 481 1997 et
507 1927 684 2017 canapalis
711 1928 814 1998 villae
842 1927 1030 2017 praefatae,
1057 1929 1139 2001 dum
1165 1930 1281 2003 locata
1307 1937 1401 2003 esset
1419 1932 1591 2023 agricolis,
1608 1934 1654 2005 ad
1672 1956 1746 2006 mo·

166 2048 373 2124 naslerium
406 2047 576 2119 Clarae
603 2047 799 2119 Tumbae
827 2030 1041 2138 pertinebat3
1068 2056 1105 2121 et
1131 2049 1211 2122 ideo
1238 2052 1462 2123 etiamnunc
1488 2053 1598 2124 solum
1627 2076 1746 2125 mona-

167 2170 319 2239 sterium
361 2169 465 2241 illam
492 2170 605 2259 tollit,
633 2175 669 2241 et
694 2171 732 2241 in
759 2170 924 2241 horreum
950 2192 1049 2242 sunm
1075 2171 1227 2261 inducit,
1254 2177 1291 2243 et
1317 2172 1415 2244 valor
1441 2173 1516 2245 eius
1542 2176 1747 2247 aestimatur

105 2345 107 2354 .
169 2290 214 2361 ad
251 2290 393 2379 viginti
430 2311 575 2361 marcas.
619 2290 728 2361 Lanei
765 2290 1001 2362 cmetbonales,
1036 2290 1165 2362 ibidem
1200 2292 1368 2381 sedecim,
1399 2298 1435 2365 et
1471 2294 1575 2365 solvit
1600 2295 1747 2384 quilibet

169 2411 299 2500 viginti
329 2416 483 2483 scottos.
509 2392 598 2483 ltem
625 2412 773 2482 taberna
798 2432 869 2483 una
895 2412 1027 2483 babens
1054 2433 1169 2503 agros,
1197 2412 1300 2483 solvit
1327 2433 1391 2502 pro
1419 2434 1524 2485 censu
1551 2414 1636 2486 duas
1654 2436 1744 2486 mar·

170 2533 358 2621 assitam
391 2554 460 2604 ora
486 2532 678 2622 sexaginta,
703 2534 788 2604 item
816 2533 1049 2637 molendinum
1076 2534 1213 2622 bonum,
1241 2533 1331 2623 quod
1361 2534 1465 2604 soluit
1492 2540 1660 2607 metretas
1679 2556 1744 2626 pro

105 2691 106 2696 =
171 2654 419 2741 monasterio,
444 2660 482 2727 et
516 2654 604 2727 duos
639 2676 763 2744 porcos
798 2676 863 2744 pro
890 2654 1100 2727 monasterio
1128 2655 1274 2807 saginat.
1250 2653 1478 2731 ttConlina
1462 2660 1581 2731 tcum
1608 2656 1744 2727 Pran-

173 2774 358 2846 doozin.

278 2896 491 2986 PozanoW,
517 2897 601 2969 villa
626 2897 691 2967 sub
723 2896 889 2985 parochia
915 2896 959 2966 de
985 2895 1280 2979 Prandoczin
1308 2898 1393 2986 sita,
1422 2898 1518 2969 euius
1547 2898 1744 2987 proprietas
1882 2936 1885 2941 ,
1966 2880 2011 2967 Ϊ.

176 3018 219 3088 ad
244 3018 509 3089 monasterium
536 3018 704 3089 Clarae
732 3017 928 3088 Tumbae
955 3018 1116 3106 pertinet
1152 3018 1192 3089 Ιιι
1221 3039 1290 3125 qua
1316 3025 1398 3089 sunt
1425 3018 1516 3089 lanei
1544 3038 1618 3090 cme
1619 3019 1743 3091 tho-na
1772 3046 1775 3053 ·
1838 3024 1845 3037 ‘

174 3140 237 3228 les,
265 3148 305 3210 et
334 3141 489 3231 quilibet
515 3139 619 3211 soluit
638 3195 645 3208 .
664 3194 672 3207 .
691 3160 744 3228 .·.,
771 3140 855 3209 item
882 3160 958 3228 ora,
984 3140 1066 3210 item
1093 3139 1214 3229 gallos,
1241 3116 1325 3211 item
1353 3160 1492 3227 caseos;
1520 3140 1605 3211 item
1632 3139 1742 3230 labor,

178 3262 258 3331 item
288 3260 466 3357 powobo,
493 3262 576 3333 item
613 3283 770 3356 oaszyep,
796 3262 880 3331 item
916 3250 1082 3349 taberna,
1109 3262 1193 3332 item
1220 3250 1416 3349 hortulani,
1443 3256 1526 3333 item
1553 3261 1745 3365 praedium,

177 3382 260 3452 item
288 3382 539 3489 molendinum.
566 3383 654 3453 Item
682 3382 725 3453 de
752 3382 911 3454 omnibus
939 3382 1034 3473 agris
1062 3383 1164 3453 villae
1191 3382 1339 3455 solvitur
1366 3388 1402 3453 et
1430 3382 1632 3454 conducitur
1651 3382 1743 3455 deci-

179 3524 235 3573 ma
253 3504 497 3595 manipularis
523 3510 560 3575 ct
586 3503 771 3593 canapalis,
797 3524 862 3592 pro
891 3485 1102 3575 monasterio
1128 3504 1325 3593 Mogilensi,
1352 3510 1389 3573 et
1415 3504 1514 3585 valor
1540 3504 1613 3574 eius
1641 3504 1745 3574 aesti-

182 3630 295 3695 matur
323 3626 371 3697 ad
391 3680 399 3695 .
419 3682 426 3695 .
445 3680 453 3695 .
471 3646 616 3696 marcas.
644 3623 804 3695 Confinat
822 3678 830 3693 .
849 3678 883 3693 ..

282 3745 595 3834 Prandoczin,
623 3744 896 3835 Trusezyni,
923 3742 1155 3832 Pozalrorq
1184 3743 1477 3815 Cbolowicze
1505 3764 1623 3813 omnes
1655 3744 1743 3815 istae

187 3875 337 3955 quatuor
367 3870 470 3940 villae
496 3868 723 3963 pertinebant
747 3866 792 3937 ad
819 3864 1130 3963 Prandoezin,
1158 3870 1193 3935 et
1220 3864 1264 3936 ad
1291 3863 1479 3935 dominium
1507 3870 1543 3933 et
1570 3864 1613 3933 ad
1641 3884 1743 3951 paro-

190 3988 300 4059 cbiam
329 3991 471 4079 dictam,
497 3989 559 4071 sed
577 3980 739 4060 redactae
768 3992 849 4057 sunt
875 3986 912 4059 iu
930 4005 1042 4074 unam
1062 4005 1151 4076 quae
1169 3990 1312 4056 vocatur
1330 3982 1631 4055 Prandoozin.
1654 3984 1742 4055 Item

186 4129 303 4183 omnes
343 4115 435 4183 istae
471 4117 641 4201 quatuor·
657 4110 761 4181 villae
796 4109 881 4179 dant
917 4127 1114 4179 mensuram
1138 4106 1290 4196 siliginis
1325 4110 1361 4175 et
1387 4125 1582 4176 mensuram
1611 4125 1741 4175 avenae

190 4231 337 4319 plebano
366 4256 431 4323 pro
457 4232 677 4321 mensalibus.
718 4272 751 4285 ·-

290 4354 623 4443 Janusszowrczn,
650 4353 734 4424 villa
760 4353 832 4441 sub
851 4349 1088 4442 parocbia-de
1109 4347 1404 4419 Prandoozin
1431 4347 1508 4435 sita,
1536 4346 1633 4445 ouius
1660 4366 1740 4436 pro-

189 4456 320 4561 prietas
348 4476 392 4547 ad
419 4475 670 4547 monasterium
697 4472 862 4545 Clarae
888 4472 1086 4557 Tumbae
1113 4471 1273 4575 pertinet.
1300 4469 1341 4539 ln
1360 4488 1427 4558 qua
1445 4488 1513 4537 non
1533 4472 1615 4537 sunt
1633 4466 1742 4557 aliqui

190 4599 377 4669 mensurati
404 4598 496 4668 lanei
523 4595 767 4684 cmetbonales,
794 4600 831 4665 et
858 4594 1004 4684 quilibet
1030 4591 1188 4665 solvit..
1220 4591 1370 4679 ·.,item
1398 4609 1483 4677 ova,
1511 4588 1595 4659 item
1621 4587 1741 4677 gallos,
1841 4646 1847 4657 .

191 4716 270 4786 item
297 4740 438 4806 caseos3
465 4720 547 4789 item
574 4717 683 4806 labor,
709 4718 791 4787 item
812 4713 982 4827 powodo,
1009 4715 1092 4785 item
1120 4646 1267 4841 osszlpep.
1305 4710 1391 4781 Item
1418 4711 1565 4781 taberna
1591 4729 1673 4779 una
1687 4714 1742 4779 est
1867 4788 1873 4799 .

192 4835 245 4925 ibi,
272 4840 405 4912 babens
431 4860 555 4929 agros,
582 4844 618 4908 et
645 4837 751 4909 solvit
770 4890 929 4923 .......
921 4836 1039 4904 i·tem
1066 4812 1252 4903 hortulani
1288 4832 1375 4901 Item
1402 4830 1581 4920 praedium
1609 4834 1664 4900 est
1690 4828 1739 4899 ibi

193 4960 328 5052 regium,
355 4962 399 5033 de
426 4962 523 5032 cuius
540 4961 635 5049 agris
662 4959 854 5029 decimatur
881 4957 927 5029 ad
952 4954 1200 5026 monasterium
1229 4952 1393 5041 Corporis
1412 4950 1571 5023 Christi
1562 4972 1597 5021 m
1617 4948 1739 5021 Casi-

194 5079 327 5153 miria.
362 5084 449 5154 ltem
476 5082 708 5153 molendinum
736 5085 791 5150 est
816 5080 949 5150 babens
974 5081 1130 5165 pratum,
1159 5080 1195 5146 et
1222 5074 1326 5145 solvit
1352 5093 1415 5162 pro
1444 5071 1654 5143 monasterio

196 5196 276 5272 Item
303 5206 346 5276 de
371 5204 531 5276 omnibus
566 5203 660 5293 agris
694 5188 801 5272 idlae
827 5200 976 5271 solvitur
1002 5204 1039 5268 et
1065 5196 1269 5267 conducitur
1296 5194 1428 5267 decima
1455 5191 1678 5281 manipularis
1706 5194 1741 5259 et

198 5328 363 5414 anepolis
388 5347 454 5416 pro
480 5326 690 5397 monasterio
716 5323 753 5393 in
780 5312 967 5411 ltlogila,
993 5325 1031 5389 et
1056 5318 1156 5389 valor
1182 5318 1257 5389 eius
1284 5316 1490 5387 aestimatur
1517 5311 1561 5383 ad
1588 5311 1740 5400 quinque
1824 5388 1828 5395 ‚

197 5460 328 5520 marcas.
356 5448 539 5535 Alienata;
565 5446 724 5517 dominus
751 5465 813 5514 rex
840 5443 948 5521 babet
974 5441 1078 5511 illam.
1105 5438 1268 5510 Confinat
1287 5492 1294 5505 .
1313 5492 1347 5507 ..

209 5646 216 5659 ,
291 5569 612 5657 Μιιιιιιοιιιιιιι,
639 5567 722 5637 villa
748 5566 812 5637 sub
839 5563 1005 5653 parochia
1031 5562 1074 5632 de
1093 5556 1513 5651 Wyanezslauicze
1541 5551 1617 5640 sita,
1637 5553 1744 5659 euius

105 5752 111 5768 .
201 5692 386 5777 proprietas
413 5691 457 5761 ad
483 5689 733 5761 monasterium
761 5686 928 5758 Clarae
955 5683 1152 5753 Tumbae
1179 5680 1340 5770 pertinet.
1368 5677 1408 5749 ln
1427 5680 1596 5766 quaeunt
1615 5674 1740 5763 viginti

292 5859 338 5900 ms.
347 5860 444 5901 Benelle.
457 5840 500 5899 in.
1203 5832 1207 5842 '
1536 5828 1549 5873 [¹
1558 5826 1575 5883 4.
