4492 6592
1666 789 1734 865 171

194 993 302 1068 Sancti
329 990 487 1066 Martini.
522 993 609 1066 Item
643 993 790 1067 taberna
817 1001 871 1067 est
897 995 946 1068 ibi
973 1017 1042 1067 arna
1068 996 1201 1069 habens
1228 1017 1351 1089 agros,
1379 1005 1415 1070 et
1441 998 1546 1072 solvit
1572 998 1739 1072 decimam
1795 1063 1799 1075 .

193 1115 399 1208 pecunialem
434 1117 645 1190 monasterio
682 1107 922 1190 (llobuczensi¹
942 1139 1006 1208 per
1033 1139 1093 1190 sex
1120 1141 1271 1209 grossos.
1307 1120 1396 1190 Item
1422 1121 1643 1193 hortulaniae
1669 1145 1740 1194 non

193 1243 275 1310 snnt.
301 1236 392 1309 Item
418 1239 598 1328 praedium
636 1243 690 1309 est
715 1239 764 1310 ibi
791 1239 931 1310 unicum
956 1240 1123 1329 militare,
1151 1241 1194 1311 de
1221 1241 1317 1312 euius
1344 1243 1439 1331 agris
1470 1243 1618 1314 solvitur
1648 1243 1740 1313 deei-

193 1379 241 1430 ma
266 1360 494 1450 manipularis
529 1361 741 1432 monasterio
769 1359 1013 1451 Globuczenai,
1040 1367 1077 1433 et
1103 1362 1202 1434 valor
1238 1363 1313 1433 eius
1350 1364 1555 1436 aestimatur
1581 1365 1625 1435 ad
1653 1365 1739 1435 duas

192 1501 343 1552 marcas

286 1602 452 1694 Moron,
478 1604 563 1676 ailla
598 1604 662 1675 sub
697 1603 864 1694 parocbia
881 1627 883 1631 ·
899 1604 1063 1674 ecclesiae
1099 1603 1343 1676 Olobuczensis
1375 1606 1462 1696 sita,
1489 1607 1586 1677 euius
1613 1607 1738 1678 haeres

105 1745 106 1776 1
191 1723 349 1798 Nicolaus
377 1725 629 1818 Mokrzsky
657 1725 783 1797 nobilis
811 1725 854 1796 de
880 1725 985 1796 armis
1013 1729 1049 1796 et
1074 1725 1206 1796 familia
1232 1725 1255 1796 J
1264 1727 1481 1798 unoscha.
1507 1728 1548 1797 In
1571 1750 1639 1818 qua
1658 1737 1739 1800 sunt

105 1851 108 1868 '
192 1845 329 1936 triginta
357 1847 451 1918 lanei
479 1847 730 1936 cmethooales,
758 1851 794 1916 et
820 1847 959 1918 solvunt
986 1829 1396 1936 decimampeeunialem
1422 1850 1634 1920 monasterio
1662 1849 1741 1922 Glo-

191 1968 355 2057 buczensi,
384 1975 421 2040 et
449 1969 595 2059 quilibet
621 1969 741 2039 laneus
777 1987 841 2058 pro
869 1969 1002 2040 decima
1028 1967 1133 2039 solvit
1159 1989 1219 2038 sen
1245 1989 1386 2058 grossos
1412 1969 1543 2041 usualis
1569 1978 1739 2060 monetae,

192 2089 223 2159 in
246 2111 354 2179 regno
383 2089 550 2162 Poloniae
578 2089 759 2179 currentia,
787 2111 920 2160 summa
946 2089 1030 2160 lacit
1049 2094 1197 2179 quatuor
1215 2109 1358 2179 mareas,
1377 2091 1490 2161 minus
1509 2111 1578 2161 uuo
1596 2089 1740 2162 fertone.

105 2237 106 2302 ff
191 2209 268 2279 Item
304 2232 376 2282 nou
409 2217 489 2282 sunt
524 2211 582 2282 ibi·
600 2211 785 2299 tabernae,
812 2231 882 2281 non
910 2215 992 2282 sunt
1017 2209 1247 2282 hortulanIae.
1287 2210 1375 2280 Item
1403 2211 1584 2300 praedium
1611 2218 1666 2282 est
1693 2213 1741 2282 ibi

105 2327 113 2406 ³,
191 2328 321 2401 unicum
349 2331 511 2423 militare,
539 2333 582 2403 de
609 2321 716 2403 cuius
733 2333 837 2420 angs,
865 2337 905 2402 ut
930 2313 1232 2420 in'superioribus
1259 2332 1521 2421 praemisimus,
1549 2332 1654 2402 datur
1682 2333 1741 2402 de·

105 2433 106 2484 3
192 2451 272 2522 eima
297 2453 527 2542 manipularis
552 2453 767 2524 monasterio
796 2451 1030 2524 (lubuczensi.

105 2661 107 2670 y
199 2553 202 2558 ¹
287 2571 625 2663 SennnnnroWIrA,
662 2573 743 2643 uilla
779 2573 843 2645 sub
879 2573 1044 2663 parochia
1080 2573 1246 2644 eeclesiae
1273 2573 1316 2644 de
1343 2572 1635 2646 clobuezsko
1662 2577 1740 2666 sita,

105 2673 107 2694 ⁵
192 2694 281 2764 cuins
315 2695 517 2784 proprietas
553 2701 589 2765 et
615 2694 803 2766 dominium
840 2693 885 2764 ad
910 2695 1158 2766 monasterium
1195 2693 1553 2767 (lzansthocboviense
1579 2697 1741 2786 pertinet,

105 2791 107 2854 ὲ
193 2835 273 2904 quae
299 2835 364 2906 pro
394 2816 535 2906 decima,
553 2815 769 2905 pecunialem
797 2815 901 2887 solvit
927 2816 1139 2887 monasterio
1166 2813 1391 2887 Globuczensi
1409 2816 1593 2887 decimam
1613 2817 1654 2887 In
1673 2813 1742 2907 qua

192 2941 265 3006 sunt
290 2935 384 3007 lanei
412 2937 654 3027 emethnnales,
682 2943 718 3008 et
744 2937 889 3026 quilibet
915 2937 1035 3008 laneus
1063 2937 1170 3008 solvit
1195 2938 1408 3008 monasterIo
1435 2935 1661 3009 Globuczensi
1680 2959 1740 3010 sex

192 3077 323 3145 grossos
350 3057 486 3129 usualis
512 3063 681 3147 monetae,
709 3059 745 3127 in
772 3078 880 3147 regno
907 3057 1073 3129 Poloniae
1100 3057 1282 3138 currentis,
1308 3057 1395 3128 Item
1423 3058 1591 3129 scultetus
1610 3065 1664 3130 est
1681 3060 1740 3149 ibi,

105 3227 108 3270 ,
193 3179 245 3267 qui
270 3177 377 3250 babet
404 3185 477 3250 tres
503 3180 622 3250 laneos
649 3179 787 3250 liberos.
819 3178 907 3250 Item
934 3200 1003 3259 non
1031 3171 1112 3249 su'nt
1138 3179 1174 3249 in
1201 3177 1321 3249 eadem
1349 3178 1431 3248 villa
1456 3181 1644 3270 tabernae,
1671 3192 1741 3251 non

115 3325 120 3338 ·
194 3305 267 3370 sont
291 3299 524 3392 hortulaniae,
551 3322 620 3372 non
648 3307 703 3371 est
730 3301 872 3391 aliquod
898 3287 1088 3390 praedium.
1511 3297 1515 3306 “

286 3418 431 3511 Korra,
459 3422 540 3492 villa
567 3422 630 3493 sub
658 3421 824 3511 parochia
850 3420 1015 3492 ecclesiae
1043 3419 1287 3492 Olobucnensis
1315 3421 1392 3510 sita,
1421 3422 1517 3492 cuius
1544 3423 1741 3511 proprietas

194 3547 226 3610 et
249 3541 440 3613 dominium
466 3543 511 3615 ad
538 3543 793 3614 serenissimum
820 3541 984 3614 PolonIae
1012 3562 1129 3632 regem
1156 3543 1318 3633 pertinet,
1342 3563 1430 3632 quae
1449 3542 1556 3613 solvit
1575 3543 1741 3614 decimam
1856 3628 1862 3635 ‚

105 3679 106 3748 ἢ
194 3664 401 3751 pecunialem
429 3665 639 3736 monasterIo
667 3663 900 3735 Clobuczensi.
927 3663 968 3734 In
996 3651 1063 3755 qua
1090 3670 1172 3734 sunt
1203 3663 1327 3752 viginti
1354 3683 1443 3733 unus
1470 3663 1562 3733 lanei
1589 3665 1741 3735 emethe-

105 3787 106 3790 ’
195 3785 291 3875 nales,
319 3792 356 3856 et
384 3784 530 3876 quilibet
555 3786 675 3856 laneus
712 3785 817 3856 solvit
843 3785 1054 3856 monasterio
1082 3783 1327 3872 Globuczensi,
1355 3803 1415 3853 sex
1441 3803 1583 3873 grossos
1610 3784 1740 3854 usualis

196 3911 355 3996 monetae,
382 3907 419 3976 in
446 3927 554 3996 regno
581 3905 747 3976 Poloniae
775 3906 956 3976 currentis.
983 3903 1070 3974 Item
1097 3923 1167 3972 non
1182 3907 1276 3984 ,sunt
1298 3902 1465 3973 tabernae
1483 3903 1611 3993 regiae,
1629 3904 1740 3974 solum

196 4047 258 4096 una
275 4029 445 4118 scolteti,
482 4047 570 4119 quae
607 4048 676 4098 non
713 4028 819 4098 habet
854 4035 968 4117 agros.
1007 4025 1093 4095 Item
1120 4044 1190 4093 non
1216 4028 1299 4094 sunt
1325 4023 1562 4112 hortulaniae,
1588 4045 1659 4096 non
1685 4032 1766 4094 est-

196 4125 326 4238 aliquod
353 4149 543 4240 praedium.
570 4149 657 4219 Item
685 4155 739 4218 est
765 4149 801 4218 in
828 4148 949 4219 eadem
977 4145 1058 4217 villa
1085 4143 1254 4233 scoltetia,
1281 4144 1414 4215 habens
1440 4149 1514 4215 tres
1541 4143 1669 4234 laneos,
1697 4146 1741 4215 de

197 4266 320 4357 quibus.
340 4265 446 4343 etiam
474 4271 622 4342 solvitur
649 4270 781 4342 decima
807 4267 995 4359 pecunialis
1030 4287 1094 4354 per
1120 4287 1182 4336 sex
1208 4285 1351 4354 grossos
1377 4267 1588 4337 monasterio
1614 4265 1741 4338 Globu-

105 4413 106 4418 ’
198 4391 310 4464 enenai.
1241 4447 1250 4465 .

105 4489 106 4512 ἶ
293 4511 420 4586 Priora
447 4511 593 4588 lubrica
620 4509 725 4596 ferri,
754 4531 841 4601 quae
868 4513 1012 4582 uocatur
1038 4505 1270 4580 Herboldi
1298 4509 1335 4578 ln
1360 4507 1500 4580 flumine
1527 4514 1563 4580 et
1589 4509 1653 4581 sub
1680 4531 1742 4599 pa·

105 4623 107 4714 ἱ
197 4635 307 4706 rochia
333 4637 498 4714 ecclesiae
525 4633 770 4706 Olobuczenais
795 4633 873 4722 sita,
900 4632 996 4702 cuius
1023 4631 1225 4720 proprietas
1238 4630 1282 4700 ad
1301 4621 1559 4701 sereniSsimum
1576 4630 1742 4701 Poloniae

198 4771 314 4844 regem
332 4757 485 4846 pertinet
496 4781 508 4844 ;¹
530 4755 661 4826 habeus
688 4775 790 4843 agros
817 4753 960 4843 aliquos,
989 4773 1074 4842 quos
1103 4752 1190 4822 serit
1216 4759 1280 4841 pro
1308 4773 1370 4822 sua
1395 4753 1626 4842 proprietate,
1654 4773 1742 4841 quae

105 4863 106 4942 3
200 4881 231 4944 et
253 4897 314 4966 pro
351 4879 427 4948 lure
462 4875 669 4966 parochiali,
697 4881 733 4945 et
759 4895 823 4963 pro
848 4875 925 4946 iure
954 4873 1107 4944 decimae
1135 4871 1240 4944 solvit
1275 4875 1487 4945 monasterio
1515 4872 1740 4944 Globuczensi

200 5017 327 5068 censum
355 5017 528 5086 annuum,¹
542 4997 600 5085 qui
628 5001 772 5068 uocatur
798 4991 959 5085 stboloaca,
987 5015 1008 5064 a
1035 4995 1191 5084 qualibet
1217 4994 1319 5064 domo
1346 5015 1453 5064 unum
1478 5014 1647 5083 grossum.
1745 4979 1752 4998 '

292 5117 474 5192 Secunda
502 5115 649 5206 fabrica
685 5117 800 5203 lecal,
830 5137 918 5208 quae
953 5117 1098 5188 uocatur
1124 5115 1266 5188 Sarra
1292 5115 1379 5186 alias
1406 5114 1511 5184 Pila
1536 5115 1572 5184 iu
1600 5114 1740 5184 flumme

296 5356 425 5432 Tertia
453 5357 599 5432 lubrica
626 5358 732 5444 ferri,
761 5379 849 5449 quae
876 5363 1022 5430 vocatur
1047 5355 1292 5428 Hanlronis
1318 5357 1355 5426 in
1381 5354 1602 5427 flumine...

294 5481 564 5571 Wsnnuczow,
601 5479 912 5577 Tausnonraszr,
949 5477 1144 5551 Ornruow
1179 5483 1216 5547 et
1252 5474 1564 5565 erauowrczn3
1591 5475 1742 5566 quinque

105 5579 106 5648 ἶ
204 5600 294 5674 uillae
328 5603 373 5675 ad
404 5603 659 5676 serenissimum
695 5601 860 5674 PolonIae
887 5621 1005 5691 regem
1031 5599 1263 5692 pertinentes,
1292 5597 1357 5670 snb
1385 5597 1552 5689 parochia
1578 5597 1743 5669 ecclesiae

105 5703 106 5776 ῗ
206 5719 242 5790 de
265 5723 677 5798 Olobuczskcsitae.
703 5723 745 5794 In
773 5725 897 5816 quibus
924 5723 991 5796 etsi
1010 5723 1192 5813 episcopus
1211 5719 1450 5796 cracoviensis
1468 5726 1505 5794 et
1522 5741 1642 5793 mensa
1659 5721 1744 5809 eius,
