4492 6592
488 708 563 807 aro

482 915 630 1005 quilibet
656 913 761 985 solvit
787 934 851 1003 pro
870 932 976 984 censu
1003 965 1161 1001 .......
1190 932 1323 990 summa
1349 912 1436 986 duae
1456 932 1662 1003 sexagenae,
1689 914 1772 993 item
1799 934 1869 985 ova
1903 878 2082 1001 quilibet

484 1034 723 1125 quadraginta,
751 1034 833 1103 item
851 1032 963 1122 gallos
990 1032 1086 1122 duos,
1115 1032 1198 1103 item
1218 1051 1336 1115 333333
1364 1055 1432 1109 333
1451 1033 1608 1124 solvunt,
1636 1034 1716 1105 Item
1737 1034 1876 1111 laborat
1901 1028 2077 1123 quilibet

355 1168 359 1173 ’
482 1177 587 1229 uuum
623 1155 715 1225 diem
751 1155 786 1225 in
813 1155 1008 1245 septimana
1041 1154 1184 1245 proprio
1221 1175 1325 1239 curru
1359 1160 1419 1242 apt
1446 1160 1579 1245 alatro,
1617 1155 1699 1233 item
1718 1153 1938 1250 potandum,
1978 1152 2075 1222 item

483 1278 631 1348 taberna
653 1297 727 1347 una
745 1275 876 1350 babens
904 1296 1023 1365 agros,
1050 1275 1155 1357 soluit
1170 1296 1283 1377 unam
1311 1297 1387 1359 cum
1415 1274 1528 1363 predio
1554 1296 1702 1365 marcas,
1729 1276 1820 1357 item
1839 1272 2076 1355 1331313313

483 1419 553 1469 333
579 1397 711 1469 babens
739 1416 852 1487 agros,
879 1396 968 1472 nihil
996 1396 1109 1487 solvit,
1138 1396 1199 1475 sed
1226 1416 1330 1479 upum
1359 1396 1447 1479 diem
1476 1396 1583 1487 pedes
1610 1396 1748 1477 laborat
1774 1397 1809 1467 in
1828 1395 2075 1487 septimana3

484 1520 568 1590 item
596 1516 756 1590 scoltetia
783 1538 851 1603 non
879 1523 952 1605 est,
989 1516 1072 1595 item
1099 1516 1281 1607 praedium
1318 1526 1372 1589 est
1398 1516 1447 1592 ibi
1474 1518 1610 1603 unicum
1647 1517 1865 1607 coenobiale,
1908 1516 1964 1587 de
1996 1535 2074 1605 quo

491 1639 659 1711 decimam
686 1637 932 1721 monasterium
953 1636 1159 1722 Thinciense
1187 1637 1288 1717 tollit.
1334 1637 1420 1721 [tem
1440 1658 1557 1718 omues
1585 1638 1661 1729 agri
1688 1638 1789 1714 villae
1817 1638 1976 1715 solvunt
2008 1634 2075 1709 de-

483 1762 606 1831 cimam
634 1758 884 1849 manipularem
916 1764 952 1833 et
979 1758 1177 1849 canapalem
1207 1758 1417 1862 mpnasterio
1441 1758 1675 1849 Thinouiensi,
1702 1759 1799 1838 33133
1818 1760 1926 1832 valor
1949 1758 2071 1840 33311-

483 1887 600 1953 matur
623 1881 666 1951 ad
686 1886 836 1972 quatuor
854 1900 1006 1969 marcas,
1034 1879 1116 1963 item
1136 1879 1378 1963 molendinum.
1418 1879 1578 1963 Confluat
1596 1900 1672 1960 eum
1701 1878 1917 1971 Gliuuik,
1950 1878 2069 1959 Gae-

484 2000 1764 2092 133131333,Τ333333333,Τ3333333311,1113333313.

547 2217 549 2222 ,
588 2122 781 2212 Poenum,
809 2115 892 2197 villa
917 2122 982 2200 sub
1010 2122 1176 2213 parochia
1202 2122 1235 2195 S.
1255 2122 1390 2198 11133131
1418 2128 1518 2207 extra
1544 2122 1814 2207 cracoviam
1833 2124 1915 2213 sie,
1949 2143 1976 2197 a
1995 2122 2066 2197 flu-

485 2248 542 2320 uio
567 2245 782 2334 Praduik‚
809 2246 869 2339 qui
887 2246 985 2322 iuxta
1011 2266 1087 2322 eam
1105 2244 1259 2319 decurrit
1285 2244 1480 2337 333311313,
1508 2245 1606 2320 33133
1632 2244 1830 2337 proprietas
1856 2245 1901 2327 od
1925 2264 2063 2319 mona-

485 2368 629 2446 sterIum
666 2366 871 2439 Tbiuciense
908 2365 1070 2455 pertinet.
1109 2364 1150 2435 In
1170 2386 1258 2457 ‚qua
1291 2372 1372 2443 suut
1396 2364 1556 2447 ‘sedecim
1594 2365 1686 2440 lanei
1721 2366 1988 2455 33311333133,
2023 2371 2064 2437 31

489 2488 633 2579 quilibet
660 2509 723 2577 pro
743 2508 847 2559 ceusu
875 2487 980 2567 solut
1006 2485 1156 2594 sedecim
1183 2508 1345 2577 grossam
1371 2487 1454 2568 ium
1472 2494 1554 2561 sunt
1583 2487 1631 2561 ibi
1654 2487 1805 2579 quinque
1831 2488 1929 2568 lanei
1960 2508 2062 2564 3333

486 2609 644 2695 thonales
662 2607 706 2679 ud
720 2608 969 2699 proprietatem
988 2608 1191 2689 monasterii
1209 2607 1241 2679 S.
1258 2607 1449 2698 Trinitatis,
1468 2608 1572 2687 solvit
1591 2614 1707 2691 131333
1726 2608 1872 2700 quilibet
1891 2608 2058 2686 sedecim

463 2751 646 2820 ,grossum
682 2750 869 2819 protenso
896 2729 1107 2814 monasterio
1136 2728 1342 2813 Tbiueiensi.
1382 2729 1468 2812 Item
1497 2734 1551 2804 est
1573 2728 1747 2804 ilerden
1775 2729 1857 2811 villa
1884 2729 2061 2809 sculteto
2152 2800 2155 2805 .

444 2857 449 2861 ’
485 2851 616 2921 babens
643 2856 715 2921 tres
742 2850 877 2938 laneos,
904 2848 947 2922 de
975 2849 1100 2941 quibus
1127 2849 1231 2933 solvit
1257 2848 1424 2933 decimam
1453 2848 1701 2941 manipularem
1728 2849 1895 2928 ecclesiae
1923 2848 2055 2921 Sancti

486 2970 629 3043 Nicolai.
671 2970 759 3043 Item
787 2969 932 3060 siugulis
959 2969 1060 3044 anuis
1086 2974 1250 3041 tenentur
1278 2970 1380 3051 villae
1407 2969 1490 3049 dare
1518 2970 1587 3052 duo
1613 2970 1761 3063 prandia
1787 2970 1926 3060 arbeti,
1958 2968 2055 3043 seol-

485 3099 580 3165 tetus
606 3092 758 3181 tertium,
784 3092 868 3162 item
896 3096 950 3177 est
975 3090 1024 3161 ibi
1052 3091 1199 3165 taberna
1226 3090 1438 3182 scoltetialis,
1465 3092 1597 3166 babens
1622 3112 1737 3181 agros,
1764 3096 1805 3175 et-
1826 3092 1931 3166 solvit
1960 3090 2053 3171 dno-

486 3213 597 3304 decim
620 3233 756 3293 marcas
778 3212 923 3296 sculteto
950 3232 1014 3303 pro
1033 3232 1156 3301 censu,
1184 3211 1267 3288 item
1290 3212 1524 3303 hortulaniae,
1546 3214 1630 3290 item
1648 3210 1883 3287 molendinum
1903 3211 2052 3289 scolteti

487 3338 541 3403 est
567 3333 616 3403 ibi
634 3334 670 3403 iu
688 3332 826 3403 flumine
853 3331 1092 3403 Pranduik
1119 3338 1156 3403 et
1174 3332 1279 3405 solvit
1306 3333 1516 3407 monasterio
1533 3332 1731 3412 Thmciensi
1750 3332 1794 3409 de
1812 3333 1874 3410 illo
1891 3338 2052 3423 quatuor

487 3436 725 3528 marceacum
761 3474 830 3525 uno
857 3453 1011 3544 fertone,
1042 3454 1207 3537 scultetus
1227 3433 1357 3530 ‘alutem
1386 3454 1506 3547 recipit
1535 3475 1599 3545 pro
1627 3474 1665 3527 se
1683 3454 1744 3535 de
1763 3454 1883 3535 eodem
1911 3455 2050 3527 molen-

488 3574 583 3664 dino,
601 3574 687 3645 alias
706 3579 856 3663 quatuor
873 3596 1017 3656 marcas
1056 3576 1145 3652 Ibem
1164 3596 1282 3654 omues
1300 3576 1377 3667 agri
1396 3576 1615 3661 cmetbunum
1634 3574 1773 3659 solvunt
1790 3581 1827 3659 31
1844 3576 2048 3652 conducunt

488 3696 655 3767 decimam
690 3696 938 3785 manipularem
974 3703 1010 3768 et
1037 3698 1236 3789 canapalem
1264 3718 1328 3791 pro
1355 3696 1502 3771 33313313
1532 3696 1565 3769 d
1591 3696 1728 3775 11133131
1754 3704 1838 3782 aute
1863 3697 2046 3775 cavitatem

488 3815 766 3905 Oracoviensem,
793 3820 828 3885 et
846 3816 943 3887 valor
969 3818 1043 3892 3133
1069 3818 1273 3899 aestimatur
1300 3818 1344 3894 ad
1365 3817 1488 3911 uigInti
1515 3817 1666 3908 quinque
1692 3838 1837 3894 marcas.
1876 3819 1966 3891 Item
1995 3817 2045 3889 ibi

489 3937 559 4009 tria
586 3936 728 4027 praedia
755 3936 880 4009 civium
899 3934 1194 4029 &aeduensium
1221 3938 1408 4031 dequibus
1435 3937 1626 4019 decimatur
1653 3938 1818 4014 ecclesiae
1844 3937 2045 4012 &Nicolai

489 4058 598 4129 Valur
642 4057 902 4147 quatuordecim
945 4077 1090 4136 marcae.
1141 4058 1300 4141 Ooufiuat
1336 4080 1413 4141 cum
1459 4058 1711 4151 Gracuuia,
1755 4059 2042 4149 Rakouicze,

490 4179 808 4268 Bronowicze,
844 4178 1154 4269 Bathowiczo,
1189 4180 1471 4261 Growodrza.
1523 4172 1617 4258 Item
1647 4179 1815 4271 plebanus
1842 4180 1875 4253 S.
1903 4179 2039 4259 Nicolai

491 4301 597 4371 babet
622 4300 659 4374 in
685 4300 804 4374 eadem
832 4299 915 4372 11113
939 4299 1027 4371 duos
1054 4320 1132 4382 cum
1159 4301 1271 4384 medio
1299 4302 1420 4381 133333
1444 4301 1574 4382 liberos
1587 4306 1636 4373 et
1662 4308 1772 4393 prata

597 4420 794 4510 Wrcnow,
821 4420 904 4491 villa
939 4420 1006 4492 sub.
1031 4418 1197 4510 parocbia
1232 4420 1396 4497 eeclesiae
1431 4420 1474 4493 de
1500 4421 1803 4513 Luborzycza
1829 4422 1915 4511 3113,
1943 4420 2039 4499 euius

491 4543 686 4633 proprietas
714 4541 757 4614 ad
785 4542 1032 4619 monasterium
1059 4539 1265 4616 Thincieuae
1292 4542 1451 4629 pertinet.
1477 4542 1519 4622 Iu
1545 4563 1614 4635 qua
1642 4548 1722 4618 suut
1750 4542 1931 4624 dumam
1948 4539 2037 4615 lanei

454 4674 459 4683 “
494 4664 736 4753 emethonales,
763 4669 799 4735 et
826 4662 973 4755 quilibet
999 4661 1103 4733 soluit
1129 4681 1194 4753 pro
1220 4681 1326 4739 ceusu
1353 4659 1439 4739 duas
1456 4684 1610 4753 marram
1638 4665 1721 4743 item
1740 4663 1885 4753 quilibet
1902 4663 2038 4733 laborat

493 4785 634 4877 proprio
662 4806 767 4857 curru
795 4790 855 4857 aut
881 4789 1000 4861 aratro
1017 4781 1114 4865 *duos
1141 4780 1216 4855 dies
1243 4782 1280 4864 in
1306 4781 1508 4876 septimana,
1535 4786 1621 4869 item
1646 4784 1689 4860 ad
1708 4782 1895 4880 pronubum
1920 4790 2037 4857 tenen·

494 4914 552 4977 tur
578 4907 751 4996 triplicem
778 4906 818 4977 in
842 4927 942 4994 auno,
968 4905 1054 4988 item
1079 4903 1224 4994 quilibet
1251 4903 1295 4980 de
1321 4902 1421 4987 laneo
1449 4902 1554 4975 solvit
1579 4904 1724 4997 tulgiuta
1750 4925 1827 4993 oua,
1853 4904 1933 4980 inu
1953 4903 2037 4979 duos

493 5048 663 5117 capones,
698 5048 817 5110 caseos
854 5048 921 5099 nou
950 5026 1105 5113 solvunt,
1133 5025 1217 5106 item
1244 5044 1345 5099 uuam
1373 5044 1571 5105 mensuram
1606 5024 1770 5115 siliginis,
1797 5024 2036 5109 (1333333333

494 5147 667 5229 confertas
703 5155 739 5219 et
774 5153 922 5238 quatum
947 5140 1098 5237 gross'm
1131 5146 1220 5218 Item
1246 5150 1299 5225 est
1327 5144 1377 5226 ibi
1401 5144 1548 5217 taberna
1573 5145 1704 5228 babens
1731 5166 1846 5235 agana,
1874 5150 1910 5217 et
1937 5144 2036 5219 soluit

494 5278 569 5375 tres
587 5290 722 5349 marcas
741 5290 805 5361 pro
823 5289 938 5357 censu,
964 5273 1001 5339 et
1011 5264 1178 5361 ponebas
1195 5266 1341 5349 laborat.
1367 5265 1455 5352 Item
1474 5264 1856 5355 hortulaniaequatuor
1873 5266 2037 5349 habentus

464 5404 472 5411 ·
494 5413 598 5483 agros
616 5396 652 5461 31
670 5390 774 5464 solvit
792 5410 880 5461 unus
899 5394 973 5461 tres
990 5388 1160 5477 fertones,
1187 5387 1255 5470 duo
1274 5406 1337 5479 per
1354 5384 1472 5469 donem
1489 5405 1634 5477 grossos
1648 5392 1792 5477 quartus
1811 5406 1871 5457 sex
1890 5394 2035 5475 grossos.

348 5562 351 5567 -
495 5512 586 5584 Item
613 5517 665 5583 est
692 5512 741 5582 ibi
768 5510 948 5600 praedium
975 5509 1189 5599 coenobiale,
1216 5508 1346 5599 dequo
1373 5506 1458 5581 nulli
1485 5506 1547 5579 dat
1574 5506 1757 5596 decimam,
1786 5506 1949 5579 sedeam
1977 5527 2036 5595 pro

498 5654 535 5705 se
554 5632 655 5703 tollit.
680 5630 769 5703 Item
788 5652 907 5705 omnes
925 5631 1017 5702 lanei
1035 5629 1284 5719 emethonales,
1302 5628 1468 5701 tabernae
1487 5632 1523 5698 et
1541 5626 1825 5717 bortudaniarum,
1852 5626 1991 5701 solvunt
2008 5630 2039 5697 31
