4492 6592
471 659 550 730 218

471 862 689 954 ,proprietate
722 880 902 934 unacum
938 859 1087 948 decima,
1127 879 1191 948 pro
1226 857 1370 928 decimis
1405 858 1441 928 in
1477 861 1626 945 unaque
1664 853 1842 925 Leucae
1881 858 1923 924 et
1963 849 2039 922 Zo-

446 972 611 1070 -rzow,
638 985 721 1052 tanc
747 999 886 1050 mensae
914 978 1137 1069 episcopalis,
1172 998 1264 1048 anno
1290 977 1430 1049 Domini
1460 977 1568 1077 1287.
1595 980 1632 1046 et
1657 995 1720 1064 pro
1747 974 1897 1047 decimis
1926 991 2038 1043 nova-

474 1101 627 1190 liumque
655 1100 691 1172 in
713 1099 826 1190 sylvis
853 1099 1054 1170 monasterii
1082 1097 1328 1186 Thincziensis,
1354 1117 1418 1186 per
1441 1116 1688 1192 quemcumque
1716 1094 1929 1166 excolentur
1956 1113 2038 1164 con-

475 1224 657 1310 surgentes
684 1219 909 1292 commutavit
934 1218 1107 1290 Paulus
1135 1218 1316 1309 episcopus
1342 1215 1583 1298 Gracoviensis
1614 1217 1659 1288 de
1683 1236 1855 1288 consensu
1884 1213 2038 1304 capituli

475 1359 540 1412 aui.
618 1411 620 1414 ,
970 1393 974 1398 -

579 1457 819 1549 mesonma,
846 1458 1108 1549 Stradowo,
1136 1457 1434 1549 Orzechowo,
1461 1455 1867 1549 (lzetheyowycze

548 1576 768 1670 Ἔγωγ,
804 1581 890 1652 haec
916 1581 999 1652 villa
1025 1581 1092 1651 iarn
1120 1580 1156 1651 in
1182 1600 1298 1650 rerum
1326 1584 1451 1651 namra
1477 1599 1554 1650 esse
1580 1578 1702 1667 desiit,
1738 1598 1841 1668 quam
1867 1577 1911 1648 in
1940 1576 2037 1665 agris
2083 1568 2089 1575 ’

476 1703 551 1774 eius
577 1706 616 1772 et
642 1699 789 1790 duplicis
816 1687 1036 1790 Babicze,
1073 1700 1234 1771 videlicet
1260 1698 1414 1770 Novae
1441 1705 1478 1769 et
1504 1698 1759 1789 Antiquae,
1794 1697 1957 1768 locatum
1984 1700 2038 1766 est

480 1821 646 1913 oppidum
672 1819 902 1910 Skawina,
938 1827 974 1894 et
1000 1821 1077 1910 agri
1113 1841 1231 1891 eamn
1267 1820 1303 1891 in
1330 1819 1535 1892 advocatum
1569 1825 1608 1891 et
1642 1819 1678 1889 in
1704 1818 1892 1909 plebanum
1932 1816 2035 1888 etin

477 1941 669 2033 oppidanos
696 1923 927 2012 Skavinenses
954 1941 1143 2023 distributi.

583 2059 901 2134 Gnonznscnowo.

581 2180 757 2252 Bnarozn
783 2181 911 2272 duplex
937 2181 1061 2254 Nona
1086 2186 1123 2254 et
1148 2182 1377 2272 Antiqua3
1413 2182 1480 2252 hae
1506 2179 1595 2252 duae
1621 2179 1726 2252 villae
1752 2185 1790 2250 et
1814 2179 1927 2250 tertia
1955 2177 2032 2268 Py-

477 2318 614 2392 szary
641 2300 820 2391 depositae
847 2308 946 2392 sunt,
973 2303 1071 2374 etin
1099 2303 1194 2394 agris
1221 2323 1338 2374 earum
1365 2303 1517 2376 locatum
1543 2305 1597 2373 est
1622 2301 1786 2391 oppidum
1813 2299 2035 2371 Slrawina

476 2421 760 2511 stagninarum
797 2423 840 2492 in
861 2422 1065 2497 advocatum
1101 2424 1200 2494 etin
1227 2424 1412 2514 plebanum
1447 2428 1484 2494 et
1508 2422 1545 2495 in
1573 2421 1762 2512 oppidanos
1793 2420 2031 2493 Skavinensea

477 2541 666 2614 nemone.
1743 2523 1776 2612 ’.

580 2661 754 2734 Mannum
779 2661 872 2753 SAL,
908 2663 995 2736 alias
1021 2661 1312 2755 Wyeliczka,
1338 2662 1554 2752 Belitae,
1591 2659 2029 2753 Szulystraygowo,

476 2781 784 2874 Maczeyowo,
811 2782 1142 2876 Trdnowycze,
1161 2781 1605 2873 Grusczonowycze,
1633 2783 1897 2872 Podlanze,
1918 2779 2026 2853 Gro

390 2904 393 2912 “
453 2901 641 2994 ¹dzyna,
667 2901 987 2994 Pyotrlrowia,
1013 2905 1272 2996 Igolomya,
1298 2903 1586 2994 Ghelmyecz,
1612 2903 1850 2995 Karuyow,
1877 2902 2010 2974 Szuli

477 3023 725 3114 slawycze,
751 3023 1072 3097 Woczechowo
1100 3045 1177 3098 cnm
1204 3023 1542 3122 decimis,¹Ecc,lesia
1567 3023 1612 3096 de
1639 3023 1803 3115 Magno
1829 3023 1948 3095 Sale.

582 3139 690 3216 Oella
726 3163 798 3218 asu
837 3145 1113 3218 monasterium
1151 3143 1282 3218 Sancti
1319 3142 1514 3218 Laumntit
1551 3141 1815 3233 antaltalt013
1852 3145 1890 3215 in
1921 3144 2023 3214 huius

477 3262 680 3334 monasterii
714 3283 775 3335 seu
811 3263 918 3336 cellae
955 3265 1081 3338 actuali
1116 3270 1153 3337 et
1184 3265 1272 3336 reali
1306 3265 1524 3355 possessione
1561 3269 1616 3335 cst
1650 3285 1742 3336 nunc
1774 3264 2025 3336 monasterium

479 3381 713 3471 Thincniense,
740 3386 776 3454 et
801 3383 908 3456 habet
925 3383 1119 3474 praefatum
1145 3385 1392 3457 monasterium
1410 3383 1529 3456 Sancti
1546 3384 1729 3456 Laurentii
1755 3390 1837 3456 ante
1854 3384 2023 3456 Kalisch

478 3502 663 3593 specialem
681 3505 926 3595 praepositum,
945 3505 1009 3578 sub
1028 3505 1227 3578 obedientia
1244 3505 1381 3577 abbatis
1400 3504 1636 3578 Thincziensis
1655 3489 1893 3600 constitutum,
1912 3526 2022 3596 -quem

418 3657 422 3664 ·
476 3621 586 3695 abbas
613 3621 848 3696 Thincziensis
874 3625 939 3698 sub
966 3627 1059 3698 omni
1084 3631 1243 3716 tempore
1259 3625 1451 3698 teudonis
1477 3629 1688 3716 praesentat,
1706 3630 1744 3698 et
1760 3645 1825 3716 pro
1842 3647 1906 3700 suo
1921 3626 2022 3698 libitu

476 3741 571 3814 illam
598 3744 874 3834 praeposituram
902 3746 1005 3818 alicui
1032 3765 1075 3817 ox
1103 3746 1183 3830 suis,
1201 3746 1379 3817 monachis
1405 3744 1546 3818 confert

549 3875 553 3884 ’
582 3859 755 3937 Ecclesia
784 3861 913 3938 Sancti
942 3865 1125 3938 Andreae
1152 3871 1241 3939 ante
1269 3861 1523 3956 cracoviam
1548 3865 1636 3938 haec
1662 3864 1791 3938 dudum
1818 3887 1840 3937 a
1866 3860 2018 3958 pro'prie-

475 3988 549 4054 tate
576 3989 612 4054 et
638 3985 856 4075 possessione
882 3987 1083 4059 monasterii
1110 3985 1347 4058 Thincziensis
1373 3986 1527 4058 alienata
1551 3991 1624 4076 est,
1655 3992 1692 4058 et
1718 3992 1873 4058 creatum
1899 3993 1954 4058 est
1977 4005 2017 4057 ex

475 4125 519 4176 ea-
534 4107 781 4178 monasterium
799 4107 950 4196 insigne,
971 4107 1283 4178 sanctimonialium
1310 4107 1443 4178 ordinis
1461 4106 1607 4178 Sanctae
1629 4107 1763 4195 Glarae3
1789 4107 1826 4178 in
1844 4109 2016 4198 quocirca

475 4225 656 4315 sexaginta
689 4225 843 4316 virgines
879 4227 1074 4298 castitatem
1100 4233 1137 4300 et
1162 4228 1318 4318 regulam
1344 4227 1462 4301 Sancti
1488 4227 1666 4300 Francisci
1693 4227 1887 4319 professae,
1913 4248 1936 4300 a
1958 4227 2015 4299 du-

474 4345 585 4416 centis
612 4345 711 4416 annia
738 4346 794 4417 vel
821 4347 918 4438 citra,
945 4347 1142 4420 inhabitant
1166 4348 1203 4420 in
1230 4348 1453 4420 observantia
1478 4347 1642 4439 regulari

580 4461 751 4538 Ecclesia
780 4463 910 4539 Sancti
942 4461 1088 4540 Nicolal
1117 4473 1206 4541 anta
1235 4463 1488 4557 Oracovtam3
1525 4469 1613 4540 haec
1637 4468 1704 4541 sub
1728 4468 1898 4560 regimine
1936 4468 2012 4539 Ma·

473 4585 603 4656 thiae
630 4585 767 4658 abbatis
794 4593 830 4659 et
852 4587 895 4659 de
921 4589 1005 4678 eius,
1032 4589 1210 4680 totiusque
1237 4595 1426 4661 conventus
1444 4589 1681 4661 Thincziensis
1707 4609 1887 4680 consensu,
1905 4609 2014 4681 apro

472 4705 624 4798 prietate
651 4711 688 4778 et
713 4707 789 4778 iure
815 4712 1023 4798 patronatus
1049 4712 1250 4782 monasterii
1277 4709 1513 4782 'l'ltincziensis
1540 4729 1631 4781 anno
1656 4710 1797 4782 Domini
1827 4713 1875 4782 14
1907 4761 2011 4781 .....

473 4827 650 4902 abstracta
676 4831 731 4898 est
758 4833 794 4898 ct
820 4828 1042 4900 universitati
1069 4831 1177 4902 studii
1195 4829 1435 4902 Gracoriensis
1461 4835 1630 4920 perpetuo
1656 4825 1889 4920 incorporata,
1915 4830 2012 4922 regit·

367 5045 374 5054 ι
472 4969 539 5040 que
565 4947 659 5019 illam
686 4970 776 5020 unus
803 4969 846 5020 ex
873 4929 1090 5042 doctoribuS,
1126 4966 1189 5041 per
1216 4951 1374 5022 doctores
1401 4955 1439 5029 et
1462 4951 1648 5041 magistros
1683 4951 1865 5022 vacatione
1903 4969 2011 5024 occur-

470 5073 580 5161 rente,
606 5074 860 5160 praesentatus.
1501 5129 1507 5138 .

528 5267 532 5276 ,
577 5186 751 5267 Ecclesia
780 5189 911 5264 Sancti
941 5189 1098 5288 Georgii
1137 5190 1174 5262 in
1203 5185 1346 5265 Oaatro
1374 5187 1641 5265 cracoviensi,
1685 5186 1799 5262 Huius
1825 5192 2011 5282 propriata

469 5314 540 5384 mm
568 5315 604 5382 et
629 5291 883 5401 possessionem
910 5312 1093 5401 ecclesiae,
1129 5332 1306 5402 nunquam
1330 5312 1485 5384 arbitror
1519 5313 1767 5384 monasterium
1794 5297 2011 5394 Thincziensc

404 5464 431 5531 y
470 5429 643 5521 habuisse,
670 5433 783 5505 nullos
810 5433 979 5523 siquidem
997 5433 1151 5506 habebat
1168 5438 1367 5524 proventus,
1398 5433 1467 5504 nisi
1493 5421 1753 5506 Gasimirua
1780 5432 2010 5505 Secundus

471 5546 635 5622 Poloniae
660 5572 722 5626 rex
759 5573 848 5624 anno
875 5553 1015 5628 Domini
1046 5555 1154 5626 1351.
1191 5558 1340 5647 quatuor
1374 5553 1591 5646 praebendas
1626 5553 1663 5626 in
1695 5574 1737 5627 ea
1762 5553 1944 5626 firndassct
1975 5573 2010 5622 cr
