4492 6592
1670 765 1741 836 159

197 953 350 1053 magnas,
382 964 456 1036 sire
474 963 761 1055 suspendendum,
790 964 863 1035 siue
889 963 933 1036 ad
960 965 1209 1055 decollandum,
1236 971 1442 1057 caeteraque
1467 988 1596 1058 genera
1619 989 1746 1060 poena
1873 1003 1877 1018 ·

195 1103 268 1158 rum
296 1085 399 1156 iuxta
423 1085 551 1156 merita
577 1105 707 1176 poenas
734 1085 930 1175 indigendo,
958 1086 1032 1156 iure
1059 1087 1260 1159 theutonico
1287 1087 1502 1178 iudicabunt,
1527 1109 1637 1180 neque
1663 1111 1744 1162 evo·

196 1204 394 1278 rationibus
420 1205 700 1278 ministerialium
727 1227 787 1277 seu
806 1205 1002 1278 officialium
1021 1207 1066 1278 ad
1084 1208 1316 1297 praesentiam
1335 1209 1569 1298 quorumlibet
1595 1209 1742 1282 iudicum

196 1325 291 1396 citari
320 1326 545 1414 tenebuntur,
571 1326 639 1398 nisi
665 1345 729 1416 per
754 1330 910 1398 nostram
946 1326 1099 1398 litteram
1135 1328 1249 1417 sigillo
1276 1328 1523 1418 consignatam,
1563 1313 1598 1399 in
1626 1337 1745 1404 nostra

195 1445 288 1518 curia
315 1447 476 1536 evocati,
512 1446 555 1520 de
581 1446 839 1537 gratulantibus
866 1446 941 1518 iure
978 1455 1045 1518 suo‘
1076 1448 1278 1520 theutonico
1314 1449 1592 1539 respondebunt3
1627 1471 1743 1522 omnes

195 1567 417 1638 habitatores
443 1567 700 1640 haereditatum
728 1568 992 1657 nominatarum,
1020 1568 1102 1640 dum
1129 1568 1265 1639 scolteti
1296 1569 1483 1640 eorundem
1510 1570 1547 1639 in
1573 1570 1745 1644 reddenda

198 1687 332 1760 iustitia
359 1689 579 1779 negligentes
606 1689 748 1779 reperti·
764 1686 910 1778 fuerint,
936 1687 1017 1759 iure
1040 1709 1122 1760 suae
1148 1689 1332 1760 locationis
1358 1690 1512 1762 existant
1537 1693 1744 1779 responsuri.

196 1807 234 1880 la
261 1807 362 1880 cuius
391 1809 443 1880 rei
470 1809 716 1899 testimonium,
743 1815 960 1898 praesentem
983 1809 1144 1899 paginam
1165 1808 1270 1898 sigilli
1296 1810 1409 1880 nostri
1424 1810 1622 1891 munimine
1648 1809 1744 1882 duxi-

197 1949 268 2000 mus
294 1929 541 2002 roborandam.
568 1928 694 2002 Actum
722 1926 982 2000 (iracoviae
1017 1929 1053 2000 in
1081 1927 1138 2000 die
1164 1927 1421 2000 Purificationis
1438 1929 1596 2020 Virginis
1620 1931 1745 2022 glorio

197 2068 251 2120 sae
279 2069 374 2122 anno
399 2050 540 2122 Domini
572 2051 680 2122 1327.
708 2049 957 2123 Praesentibus
975 2050 1154 2122 nobilibus
1180 2050 1285 2121 uiris:
1322 2049 1533 2140 Navogio
1559 2051 1744 2122 castellmo

197 2169 430 2261 Gracoviensi,
449 2171 714 2242 Thomislao
733 2170 888 2262 palatino
907 2169 1189 2260 Sandomiriensi,
1207 2171 1476 2262 Spyczmiro
1494 2171 1744 2263 Myschuxo
1861 2151 1873 2180 '

198 2290 307 2362 iudice
335 2289 580 2382 cracoviensi,
621 2291 790 2362 Adamo
831 2292 1019 2364 castellano
1046 2291 1251 2379 Vislicensi,
1290 2293 1482 2364 lmramo
1518 2293 1747 2382 subpincerua

101 2473 103 2512 ᾖ
198 2409 428 2501 tirasonensi,
455 2413 593 2486 domino
620 2413 758 2484 Petro
785 2413 985 2503 praeposito
1014 2411 1301 2502 Sandomiriensi,
1321 2412 1607 2484 ·vicecancellario
1633 2414 1746 2484 curiae

101 2525 102 2530 ’
199 2537 346 2620 nostrae,
374 2539 412 2604 et
438 2533 516 2606 aliis
543 2534 664 2637 mulus
687 2532 756 2604 iidc
784 2532 907 2623 dignis.
935 2533 1061 2604 Datum
1088 2554 1154 2622 per
1170 2554 1293 2605 manus
1316 2534 1475 2623 magistri
1501 2518 1746 2604 Francisci

200 2653 388 2744 praepositi
415 2653 619 2756 Visliceneis
645 2659 682 2724 et
708 2653 904 2728 cancellarii
932 2651 1172 2758 Oracouensis
1199 2659 1323 2745 quarto
1350 2675 1460 2726 nonas
1486 2653 1679 2726 Februarii.
1727 2648 1731 2654 ’

299 2893 339 2966 ln
371 2895 529 2968 nomine
557 2893 724 2968 Sanctae
753 2899 791 2967 st
819 2894 1038 2968 individuae
1066 2891 1264 2967 Trinitatis
1292 2893 1427 2968 Amen.
1456 2893 1629 2984 Quoniam
1657 2896 1750 2966 omui

199 3016 291 3106 operi
317 3017 411 3086 bono
439 3015 529 3088 duae
555 3015 726 3090 debentur
752 3017 938 3106 mercedes,
965 3037 1035 3088 una
1060 3016 1263 3106 temporalis
1290 3022 1326 3086 et
1352 3016 1422 3086 alia
1448 3016 1645 3105 aeternalis,
1673 3016 1750 3090 ideo

101 3213 102 3216 Ἴ
202 3157 259 3208 nos
285 3137 541 3220 Boleslaus
567 3136 659 3208 iilius
685 3137 983 3209 Lescnkonis
1010 3136 1129 3208 divina
1155 3134 1377 3209 miseratione
1404 3136 1476 3208 dux
1503 3134 1689 3208 Oracoriae
1715 3141 1752 3208 ct

101 3305 102 3314 κ
202 3256 447 3346 Sendomiriac,
473 3261 592 3330 notum
619 3257 763 3336 iacimus
792 3257 964 3330 universis
992 3263 1028 3328 et
1054 3259 1297 3348 praesentibus
1324 3257 1558 3346 declaramus,
1599 3258 1682 3348 quia
1708 3258 1752 3330 ob

203 3399 347 3448 amorem
376 3378 599 3450 retributoris
628 3379 779 3452 omnium
806 3380 994 3466 bonorum,
1032 3383 1067 3449 et
1094 3379 1139 3450 ob
1154 3452 1158 3458 ἐ
1172 3379 1356 3470 specialem
1392 3379 1547 3449 favorem
1574 3399 1754 3450 sacrosan-
1805 3458 1808 3462 ,

205 3505 275 3572 ctae
300 3499 482 3590 religionis
509 3505 699 3572 conventus
717 3506 753 3572 et
770 3501 918 3572 iratrurn
945 3500 1151 3572 monasterii
1176 3499 1221 3571 de
1247 3499 1458 3589 Methone,
1485 3500 1618 3572 ordinis
1635 3499 1753 3572 Sancti

206 3619 406 3712 Augustini,
442 3642 543 3711 quam
580 3621 745 3692 debemus
780 3625 816 3692 et
842 3626 1001 3692 tenemur
1037 3621 1184 3713 diligere
1220 3627 1257 3692 et
1282 3621 1418 3710 favere,
1454 3621 1498 3692 de
1524 3641 1692 3694 consensu
1717 3627 1755 3694 et

205 3742 350 3814 unanimi
379 3741 558 3814 voluntate
585 3743 754 3814 baronum
781 3746 979 3814 nostrorum
1007 3741 1171 3832 fidelium,
1212 3741 1334 3814 damus
1361 3749 1398 3814 et
1424 3741 1634 3814 conferimus
1661 3741 1755 3813 Vil-

205 3862 345 3934 belmo
374 3864 574 3954 praeposito
602 3863 755 3934 eiusdem
774 3863 975 3935 monasterii
993 3869 1030 3934 et
1046 3861 1216 3934 iratribus
1244 3862 1373 3934 ibidem
1394 3863 1470 3934 Deo
1496 3861 1754 3952 famulantibus

206 3983 333 4072 plenam
370 3990 409 4056 et
435 3988 639 4074 perpetuam
675 3989 902 4074 potestatem,
938 3989 979 4055 ut
1005 3984 1041 4054 in
1068 3983 1190 4055 eadem
1225 3982 1309 4054 villa
1345 3982 1540 4054 Mstbow
1576 3983 1691 4054 locent
1719 3990 1756 4055 et

206 4105 424 4176 constituant
451 4105 624 4176 civitatem
652 4103 727 4176 iure
754 4104 972 4193 theutonico,
1012 4103 1088 4174 iure
1115 4102 1278 4174 videlicet
1303 4102 1404 4175 Novo
1429 4101 1560 4174 forensi
1587 4102 1755 4176 dioecesis

210 4223 508 4316 Vratislauiensis,
536 4231 572 4296 et
599 4224 785 4315 disponant
812 4245 887 4296 eam
914 4225 969 4295 vel
998 4224 1163 4296 ordinent
1180 4245 1243 4314 per
1261 4223 1377 4296 omnia
1394 4223 1582 4296 secundum
1610 4225 1674 4314 ius,
1700 4225 1756 4296 vel

215 4340 488 4418 consuetudinem
525 4346 611 4418 iuris
639 4345 849 4434 theutonici,
889 4353 925 4416 et
952 4346 1165 4418 constituant
1190 4345 1226 4415 iu
1253 4365 1295 4416 ea
1320 4350 1509 4436 perpetuo,
1535 4345 1652 4418 omnia
1677 4347 1755 4418 iura

210 4471 242 4536 et
265 4467 444 4553 libertates
471 4466 591 4538 civiles
616 4465 864 4538 Noviforenses
889 4467 1060 4538 dioecesis
1088 4466 1318 4556 supradictae.
1353 4465 1483 4543 Damus
1510 4467 1615 4538 etiam
1641 4466 1753 4540 eidem

210 4589 399 4680 praeposito
426 4593 463 4660 et
481 4587 674 4678 conventui,
703 4586 794 4678 quod
813 4587 1001 4670 advocatus
1027 4588 1193 4676 ipsorum,
1220 4607 1469 4677 quemcumque
1494 4588 1562 4678 ipsi
1580 4589 1616 4659 in
1633 4588 1754 4661 eadem

108 4758 110 4767 .
211 4711 433 4782 suacivitate
460 4709 657 4781 Methow
684 4709 930 4782 constituerint
955 4729 1019 4800 pro
1038 4711 1111 4780 'sua
1138 4707 1328 4800 uoluntate,
1356 4729 1433 4780 cum
1460 4709 1633 4782 iudicibus
1660 4711 1753 4801 ipso·
1792 4733 1796 4742 ·

211 4850 288 4920 rum,
327 4851 447 4902 omnes
474 4851 615 4920 causas,
652 4831 802 4922 quaein
830 4830 973 4902 civitate
1000 4829 1097 4900 etin
1126 4830 1219 4901 villis
1255 4831 1408 4920 ipsorum
1445 4832 1626 4902 evenerint
1660 4832 1753 4902 iuter

213 4971 285 5022 suos
310 4959 345 5024 et
371 4957 578 5040 extensos,
618 4951 813 5024 criminales
841 4955 877 5023 et
903 4951 1098 5042 sanguinis,
1137 4951 1391 5042 qualescunque
1417 4950 1563 5043 inierint,
1583 4952 1692 5024 libere
1718 4959 1755 5022 et

217 5070 301 5144 licite
327 5094 464 5164 semper
490 5071 666 5162 iudicabit,
694 5078 729 5144 et
754 5073 821 5144 hoc
839 5072 1024 5144 secundum
1054 5071 1108 5144 ius
1140 5073 1425 5163 suprascriptum,
1451 5073 1543 5144 unde
1570 5072 1755 5163 siquando

220 5191 261 5261 de
285 5195 455 5285 aliquibus
482 5194 615 5268 iuribus
642 5193 695 5266 vel
724 5193 894 5266 iudicibus
929 5193 1032 5266 huius
1068 5193 1221 5264 civitatis
1248 5195 1291 5265 ab
1318 5193 1492 5284 aliquibus
1526 5192 1632 5264 inerit
1657 5193 1757 5266 dubi·

215 5319 332 5406 tatum,
368 5317 412 5388 ad
440 5317 494 5388 ius
520 5313 760 5388 Noviiorensis
796 5315 947 5386 civitatis
975 5335 996 5386 a
1023 5314 1262 5386 dubitantibus
1298 5318 1507 5385 recurratur.
1553 5313 1629 5386 Nos·
1655 5315 1750 5411 enim

216 5437 345 5510 eandem
373 5439 547 5512 civitatem
575 5436 789 5525 Methow,
817 5443 853 5508 et
881 5457 998 5508 omues
1025 5435 1127 5506 villas
1153 5435 1265 5506 eidem
1291 5434 1491 5524 praeposito
1518 5434 1751 5508 Methoviensi

104 5543 107 5560 ⁵
218 5559 424 5649 pertinentes,
452 5560 710 5650 quibuscunque
738 5557 933 5630 nominibus
961 5560 1218 5646 nuncupentur,
1246 5553 1391 5626 iacimus
1417 5560 1586 5645 perpetuo
1612 5557 1751 5666 liberas,
1855 5535 1859 5541 ¹

218 5683 249 5748 et
271 5689 444 5776 exemptas
462 5682 506 5752 ab
526 5680 684 5756 omnibus
702 5679 931 5754 solutionibus
950 5683 987 5750 et
1004 5676 1255 5768 exactionibus,
1283 5681 1320 5748 et
1346 5675 1560 5770 quibuslibet
1584 5675 1752 5771 polonicis
