4492 6592
399 755 680 826 “366’

404 931 408 938 ’
465 979 468 986 ’
499 963 582 1034 itero
608 960 798 1052 praedium,
825 963 907 1032 item
934 961 1178 1053 molendinum,
1207 962 1289 1034 item
1318 985 1463 1060 oaczyep.
1493 963 1581 1035 Item
1594 927 1723 1036 'omnes
1751 965 1829 1054 agri
1855 964 1960 1034 uillae
1985 924 2044 1036 sol·

396 1079 400 1087 ‘
501 1088 588 1156 vunt
613 1087 649 1154 ct
676 1083 872 1154 conducunt
899 1083 1063 1154 decimam
1091 1084 1343 1173 manipularem
1370 1091 1408 1156 et
1434 1085 1634 1175 canapalem
1661 1089 1727 1175 pio
1753 1086 1965 1156 monastario
1982 1086 2045 1158 An-

493 1203 728 1292 -drzeoviensi,
756 1208 791 1274 et
816 1202 915 1273 valor
942 1203 1016 1274 eius
1044 1204 1248 1274 aestumetur
1275 1204 1320 1276 ad
1339 1258 1455 1274 .....
1482 1204 1643 1276 Oonfinat
1661 1260 1778 1276 .....

606 1325 819 1412 Bnonnczn,
847 1323 930 1394 villa
956 1324 1020 1394 sub
1048 1324 1213 1413 parocbia
1239 1323 1283 1395 de
1301 1379 1309 1396 .
1328 1381 1335 1394 .
1354 1378 1389 1394 ..
1416 1326 1503 1414 sita,
1530 1327 1628 1397 cuius
1654 1327 1852 1417 proprietas
1879 1347 1924 1398 ex
1951 1326 2046 1398 dona-

458 1428 461 1440 ’
501 1447 596 1518 tione
627 1445 650 1516 J
660 1445 860 1516 ohannis
896 1444 1151 1534 archiepiscopi·
1175 1442 1389 1517 Gneznensis
1425 1446 1470 1518 ad
1496 1448 1746 1537 monasterium
1773 1447 2046 1519 Andrzeoviensc

501 1564 662 1657 pertinet.
689 1565 729 1636 In
757 1587 826 1655 qua
852 1571 934 1636 sunt
960 1565 1050 1648 lanei
1078 1566 1321 1654 emetbonales,
1348 1571 1385 1637 et
1412 1567 1558 1656 quilibet
1572 1568 1690 1655 ,solvit
1708 1623 1716 1637 .
1735 1623 1742 1637 .
1762 1624 1769 1637 .
1789 1623 1796 1637 .
1816 1624 1823 1637 .
1842 1624 1850 1658 ,
1869 1569 1954 1638 item
1982 1590 2052 1664 oua,

501 1689 583 1760 ilem
610 1688 731 1778 gallon,
758 1687 840 1757 item
859 1706 989 1772 caseos3
1016 1686 1098 1757 item
1118 1677 1227 1774 labor,
1254 1687 1338 1758 item
1363 1686 1516 1781 powobu,
1542 1689 1627 1762 Item
1653 1710 1801 1783 oaazycp,
1827 1689 1914 1759 ilem
1941 1689 2048 1760 taber·

501 1829 555 1897 na,
582 1809 665 1880 item
687 1807 879 1897 hortulani,
907 1807 988 1878 item
1011 1807 1206 1896 praedium,
1232 1807 1317 1878 item
1340 1807 1583 1880 molendinum.
1609 1809 1699 1881 Item
1717 1829 1838 1880 omnes
1855 1809 1937 1898 agri
1956 1809 2049 1880 villae

501 1930 641 2002 solvunt
668 1933 703 2000 et
730 1927 925 1999 conducunt
951 1921 1117 2001 decimam
1145 1928 1395 2017 manipularem
1421 1935 1459 1999 et
1485 1929 1684 2035 canapalem
1712 1951 1776 2020 pro
1795 1983 1942 2000 ......
1970 1928 2050 2000 (lon-

476 2041 588 2155 ‘finxat
615 2070 691 2121 cum
719 2048 845 2140 oppido
872 2047 1249 2138 Koprzywnicza.

605 2169 858 2258 Snownonno,
895 2169 978 2240 villa
1004 2169 1069 2240 sub
1095 2169 1263 2258 parocbia
1288 2170 1332 2240 de
1358 2168 1695 2261 Pyandziczow
1721 2172 1808 2260 sita,
1848 2171 1951 2242 euius
1978 2191 2050 2259 pro

402 2279 405 2288 ’
501 2292 633 2382 prietes
660 2311 702 2362 en
729 2289 915 2364 donatione
942 2290 1194 2382 archiepiscopi
1221 2287 1442 2377 (lucanensis¹
1458 2275 1493 2362 'J
1502 2292 1700 2362 obannis
1735 2292 1779 2362 ad
1807 2293 2050 2363 monasterinm

456 2465 459 2474 .
502 2412 783 2484 Andrzeoviense
810 2411 970 2502 pertinet.
1005 2411 1046 2482 In
1074 2431 1143 2500 qua
1169 2418 1250 2482 sunt
1276 2416 1356 2483 octo
1383 2432 1468 2484 cum
1486 2413 1600 2484 medio
1627 2413 1719 2484 lanei
1745 2413 1994 2501 emetbonales,
2019 2418 2049 2482 ct

457 2561 459 2571 ’
501 2533 605 2605 solvit
633 2533 779 2624 quilibet
805 2554 868 2623 per
894 2532 1041 2604 mediam
1068 2552 1238 2621 maroam,
1265 2533 1349 2605 item
1376 2554 1443 2604 ova
1470 2533 1683 2623 quindeoIm,
1710 2535 1793 2606 item
1819 2533 1934 2623 gallos
1960 2534 2051 2622 duos,

501 2657 583 2728 item
611 2675 730 2727 caseos
756 2660 849 2744 tres3
884 2655 969 2726 item
994 2653 1132 2724 laborat
1158 2654 1304 2744 quilibet
1339 2653 1382 2725 dc
1409 2655 1510 2725 laneo
1537 2676 1642 2726 unum
1669 2655 1760 2726 diem
1787 2656 1824 2726 in
1851 2655 2050 2744 septImana,

383 2773 386 2780 “
500 2777 643 2866 proprio
662 2797 766 2848 curru
784 2780 844 2848 aut
863 2780 990 2846 aratro.
1018 2774 1105 2846 ltenr
1124 2773 1313 2864 dIsponunt
1330 2780 1479 2864 pratum,
1505 2776 1588 2846 item
1606 2774 1899 2869 manducabam
1918 2796 2051 2870 oaczyep

349 2929 380 2974 ·,
501 2898 606 2969 solvit
633 2898 778 2988 quilibet
806 2897 848 2968 de
875 2897 975 2968 laneo
1002 2902 1074 2967 tres
1101 2916 1202 2967 coroa
1230 2896 1386 2985 siliginia,
1412 2901 1449 2966 et
1475 2900 1548 2982 tres
1574 2916 1675 2966 coros
1701 2915 1841 2968 avenae.
1886 2896 1974 2967 Item
2001 2902 2052 2967 ta-
2135 2885 2144 2958 ζ

500 3020 610 3092 berna
625 3039 695 3090 una
713 3019 844 3090 habens
871 3038 984 3108 agros,
1003 3023 1038 3092 et
1057 3017 1163 3088 solvit
1189 3017 1400 3089 monasterio
1427 3037 1491 3106 pro
1517 3036 1622 3088 censu
1648 3037 1751 3088 unam
1779 3037 1940 3088 marcam.
1966 3005 2050 3088 Item

443 3237 445 3250 Ι
501 3141 677 3212 hortulani
697 3140 773 3230 duo,
802 3145 837 3210 et
855 3139 1002 3230 quilibet
1028 3138 1287 3228 septimanatim
1305 3143 1341 3210 et
1360 3137 1524 3228 pedester
1547 3137 1686 3210 laborat
1711 3121 1815 3210 unum
1837 3139 1940 3210 drem.
1967 3139 2050 3209 Item

501 3261 681 3352 praedium
708 3267 763 3332 est
789 3261 926 3332 unicum
955 3259 1163 3351 coenobiale,
1191 3259 1283 3350 quod
1310 3259 1529 3331 nulliasolvit
1555 3258 1732 3330 decimam.
1772 3259 1859 3330 Item
1887 3259 2052 3330 molendi-

502 3403 583 3453 num
611 3403 734 3473 unum,
770 3383 860 3472 quod
888 3381 993 3453 solvit
1020 3381 1230 3452 monasterio
1257 3401 1321 3470 pro
1348 3401 1454 3451 censu
1484 3401 1589 3452 unam
1615 3401 1775 3452 marcam.
1819 3377 1906 3458 Item
1935 3401 2051 3452 omnes

503 3505 578 3594 agri
605 3504 706 3575 villae
734 3504 873 3576 solvunt
900 3507 936 3575 et
963 3503 1159 3574 conducunt
1195 3501 1362 3573 decimam
1397 3501 1647 3591 manipularem
1674 3499 1711 3573 et
1737 3502 1959 3592 canapalem,
1991 3523 2050 3592 pro

501 3625 711 3698 monasterio
738 3625 1030 3712 Andrzeoviensi,
1066 3630 1103 3728 ct
1128 3624 1228 3694 valor
1262 3625 1337 3695 eiua
1365 3625 1570 3727 aestimatur
1596 3622 1641 3694 ad
1668 3628 1748 3694 octo
1774 3644 1920 3694 marcas.
1965 3623 2049 3695 Item

501 3747 675 3838 navIgium
704 3748 738 3818 in
766 3745 904 3818 flumine
930 3745 1047 3816 Nida
1083 3744 1301 3833 coenobitale,
1342 3743 1434 3834 quod
1470 3744 1585 3817 solvit·
1609 3765 1712 3816 uuam
1749 3764 1957 3834 sexagenum
1989 3765 2050 3834 pro

502 3889 615 3940 censu.
643 3867 802 3942 Confluat
829 3887 904 3940 curn
933 3867 1024 3940 villis
1053 3865 1408 3957 Umyanowic-ze
1418 3919 1561 3952 ......
1768 3871 1773 3876 ’

604 3989 913 4080 Knuunnczrozn,
939 3989 1023 4060 v'illa
1049 3988 1114 4059 sub
1141 3987 1307 4078 parocbIa
1333 3987 1377 4058 dc
1395 4041 1403 4056 .
1422 4041 1429 4056 .
1448 4041 1457 4057 .
1536 3987 1641 4076 sita,
1660 3987 1757 4060 cuius
1783 3987 1984 4077 proprietas
2009 4008 2047 4058 cn
2138 3975 2144 4058 ζ

354 4153 361 4163 -
501 4110 686 4184 donatione
713 4111 736 4184 J
747 4113 944 4184 ohannIs
972 4109 1223 4212 archiepiscopi
1250 4105 1465 4180 Gnezneusia
1492 4107 1537 4179 ad
1564 4093 1810 4180 monasterium
1837 4108 2049 4180 Andrzoovi·

501 4255 582 4306 ense
610 4235 769 4325 pertinet.
814 4233 854 4305 In
882 4253 950 4324 qua
977 4237 1058 4304 sunt
1084 4230 1176 4302 lanei
1203 4229 1453 4320 cmctbonales,
1480 4237 1516 4302 et
1542 4229 1648 4303 solvit
1666 4284 1786 4301 ......
1799 4253 1808 4318 ;
1834 4231 1919 4302 item
1946 4230 2048 4318 labor,

500 4357 582 4428 item
609 4355 753 4452 peccabo
759 4381 773 4442 ,·
799 4357 883 4427 item
910 4375 986 4443 ova,
1013 4354 1097 4424 item
1123 4352 1245 4442 gallos,
1272 4353 1368 4422 item
1384 4371 1513 4441 caseos,
1540 4352 1623 4423 item
1651 4372 1799 4446 oaszycp,
1824 4352 1909 4422 item
1936 4353 2048 4422 taber-

501 4498 563 4570 na,
591 4480 672 4550 ilem
700 4478 937 4566 hortulaniae,
973 4477 1057 4546 item
1083 4473 1284 4564 praedium,
1317 4464 1401 4544 'item
1428 4473 1673 4544 molendinum.
1714 4472 1802 4544 Item
1829 4492 1950 4543 omnes
1977 4472 2047 4562 agri

500 4601 602 4674 villae
630 4601 769 4672 solvunt
795 4605 831 4672 et
858 4598 1053 4670 conducunt
1080 4595 1247 4666 decimam
1273 4593 1523 4689 manipularem
1550 4601 1586 4664 et
1612 4594 1811 4684 canapalem
1839 4614 1905 4684 pro
1939 4649 2047 4664 .....

502 4721 662 4796 Confluat
692 4743 768 4796 cum
789 4775 903 4794 .....
1242 4722 1246 4729 “
1336 4701 1342 4710 “

604 4845 859 4933 Dznnzaszrm,
887 4841 970 4914 villa
988 4895 1158 4929 .......
1185 4839 1282 4911 cuius
1309 4839 1506 4930 propuletaa
1532 4859 1576 4909 ex
1603 4837 1790 4909 donellone
1815 4836 1838 4910 J
1849 4837 2046 4908 ohannis

414 4975 417 4982 ’
501 4968 751 5061 archiepiscopi
788 4963 1000 5038 Gneznensin
1037 4962 1080 5042 ad
1108 4962 1357 5033 monasterium
1393 4959 1674 5032 Andrzcouiense
1708 4946 1871 5049 pertinet
1917 4947 1970 5051 In,
1988 4977 2046 5049 qua

500 5099 582 5166 sunt
608 5092 700 5164 lanei
727 5087 971 5176 emethonalea,
999 5091 1034 5156 et
1060 5084 1164 5156 solvit
1191 5083 1337 5173 quilibet
1355 5137 1471 5171 .....
1498 5082 1582 5152 item
1609 5102 1684 5170 ova,
1711 5082 1793 5152 item
1819 5080 1942 5171 gallea
1970 5083 2043 5151 item
2073 5103 2079 5108 ·

499 5237 630 5304 ¹(caseos
657 5215 740 5284 item
767 5212 886 5300 labor,
913 5210 996 5280 item
1023 5203 1176 5302 powabo,
1203 5206 1284 5275 itern
1312 5226 1471 5298 ocszyep5
1504 5203 1587 5274 item
1614 5194 1792 5292 tabernae,
1818 5203 1903 5273 item
1930 5203 2043 5274 bortu-

501 5338 589 5427 lani,
616 5337 700 5406 item
727 5333 925 5424 praedium,
953 5331 1035 5401 item
1063 5327 1306 5398 molendinum.
1349 5325 1437 5396 Item
1465 5345 1584 5396 omnes
1616 5325 1693 5414 agri
1719 5324 1823 5394 villae
1850 5323 1993 5396 solvunt
2016 5327 2045 5391 et

501 5457 697 5530 conducunt
725 5456 892 5528 decimam
921 5449 1172 5545 manipularem
1199 5453 1235 5518 et
1262 5445 1462 5537 canapalem
1489 5467 1607 5536 pro..
1627 5499 1634 5515 .
1654 5501 1661 5515 .
1688 5444 1850 5543 Continui
1875 5466 1973 5518 cum.
1992 5500 1998 5514 .
2016 5497 2043 5512 ..

605 5579 797 5667 Basanon,
825 5577 907 5648 villa
933 5575 998 5646 sub
1025 5572 1190 5664 parocbia
1217 5569 1381 5640 ecclesiae
1409 5568 1451 5639 de
1470 5622 1584 5638 .....
1611 5568 1697 5658 sita,
1731 5562 1828 5639 cuius
1856 5569 2043 5658 proprietas
