<?xml version="1.0" encoding="UTF-8"?>
<!DOCTYPE html PUBLIC "-//W3C//DTD XHTML 1.0 Transitional//EN"
    "http://www.w3.org/TR/xhtml1/DTD/xhtml1-transitional.dtd">
<html xmlns="http://www.w3.org/1999/xhtml" xml:lang="en" lang="en">
 <head>
  <title>
</title>
<meta http-equiv="Content-Type" content="text/html;charset=utf-8" />
  <meta name='ocr-system' content='tesseract 3.04.00' />
  <meta name='ocr-capabilities' content='ocr_page ocr_carea ocr_par ocr_line ocrx_word'/>
</head>
<body>
  <div class='ocr_page' id='page_1' title='image "./operaomnia00paulgoog_0464.png"; bbox 0 0 4492 6592; ppageno 0'>
   <div class='ocr_carea' id='block_1_1' title="bbox 1702 767 1777 837">
    <p class='ocr_par' dir='ltr' id='par_1_1' title="bbox 1702 767 1777 837">
     <span class='ocr_line' id='line_1_1' title="bbox 1702 767 1777 837; baseline 0 0"><span class='ocrx_word' id='word_1_1' title='bbox 1702 767 1777 837; x_wconf 80' lang='lat'><strong>439</strong></span> 
     </span>
    </p>
   </div>
   <div class='ocr_carea' id='block_1_2' title="bbox 222 946 1801 1789">
    <p class='ocr_par' dir='ltr' id='par_1_2' title="bbox 222 946 1801 1789">
     <span class='ocr_line' id='line_1_2' title="bbox 222 946 1779 1063; baseline -0.001 -20"><span class='ocrx_word' id='word_1_2' title='bbox 222 971 478 1045; x_wconf 77' lang='lat' dir='ltr'><strong>trauslocatnm</strong></span> <span class='ocrx_word' id='word_1_3' title='bbox 503 977 567 1061; x_wconf 69' lang='lat' dir='ltr'><strong>eat</strong></span> <span class='ocrx_word' id='word_1_4' title='bbox 593 976 631 1043; x_wconf 88' lang='lat' dir='ltr'><strong>et</strong></span> <span class='ocrx_word' id='word_1_5' title='bbox 657 992 756 1044; x_wconf 84' lang='lat' dir='ltr'><strong>secus</strong></span> <span class='ocrx_word' id='word_1_6' title='bbox 782 972 902 1043; x_wconf 88' lang='lat' dir='ltr'><strong>villam</strong></span> <span class='ocrx_word' id='word_1_7' title='bbox 928 946 1120 1063; x_wconf 73' lang='lat' dir='ltr'><strong>praelatam</strong></span> <span class='ocrx_word' id='word_1_8' title='bbox 1148 972 1368 1061; x_wconf 69' lang='lat' dir='ltr'><strong>Ozir&#39;zicn</strong></span> <span class='ocrx_word' id='word_1_9' title='bbox 1396 994 1483 1062; x_wconf 87' lang='lat' dir='ltr'><strong>quae</strong></span> <span class='ocrx_word' id='word_1_10' title='bbox 1511 976 1547 1043; x_wconf 87' lang='lat' dir='ltr'><strong>et</strong></span> <span class='ocrx_word' id='word_1_11' title='bbox 1570 969 1779 1061; x_wconf 71' lang='lat' dir='ltr'><strong>(lora-ap-</strong></span> 
     </span>
     <span class='ocr_line' id='line_1_3' title="bbox 224 1093 1780 1183; baseline -0.001 -20"><span class='ocrx_word' id='word_1_12' title='bbox 224 1093 390 1182; x_wconf 84' lang='lat' dir='ltr'><strong>pelletur,</strong></span> <span class='ocrx_word' id='word_1_13' title='bbox 415 1098 454 1165; x_wconf 84' lang='lat' dir='ltr'><strong>et</strong></span> <span class='ocrx_word' id='word_1_14' title='bbox 470 1093 516 1163; x_wconf 87' lang='lat' dir='ltr'><strong>in</strong></span> <span class='ocrx_word' id='word_1_15' title='bbox 543 1099 673 1171; x_wconf 85' lang='lat' dir='ltr'><strong>sortem</strong></span> <span class='ocrx_word' id='word_1_16' title='bbox 700 1094 819 1183; x_wconf 91' lang='lat' dir='ltr'><strong>oppidi</strong></span> <span class='ocrx_word' id='word_1_17' title='bbox 845 1094 990 1165; x_wconf 74' lang='lat' dir='ltr'><strong>redacta</strong></span> <span class='ocrx_word' id='word_1_18' title='bbox 1015 1101 1071 1164; x_wconf 84' lang='lat' dir='ltr'><strong>est</strong></span> <span class='ocrx_word' id='word_1_19' title='bbox 1091 1094 1252 1183; x_wconf 86' lang='lat' dir='ltr'><strong>positum,</strong></span> <span class='ocrx_word' id='word_1_20' title='bbox 1271 1114 1428 1183; x_wconf 89' lang='lat' dir='ltr'><strong>novaque</strong></span> <span class='ocrx_word' id='word_1_21' title='bbox 1446 1094 1590 1165; x_wconf 85' lang='lat' dir='ltr'><strong>ecclesia</strong></span> <span class='ocrx_word' id='word_1_22' title='bbox 1609 1114 1672 1183; x_wconf 88' lang='lat' dir='ltr'><strong>pro</strong></span> <span class='ocrx_word' id='word_1_23' title='bbox 1690 1113 1780 1163; x_wconf 85' lang='lat' dir='ltr'><strong>novo</strong></span> 
     </span>
     <span class='ocr_line' id='line_1_4' title="bbox 225 1212 1782 1305; baseline 0.001 -22"><span class='ocrx_word' id='word_1_24' title='bbox 225 1215 442 1286; x_wconf 83' lang='lat' dir='ltr'><strong>monasterio</strong></span> <span class='ocrx_word' id='word_1_25' title='bbox 469 1235 547 1284; x_wconf 88' lang='lat' dir='ltr'><strong>eum</strong></span> <span class='ocrx_word' id='word_1_26' title='bbox 573 1214 646 1285; x_wconf 91' lang='lat' dir='ltr'><strong>suis</strong></span> <span class='ocrx_word' id='word_1_27' title='bbox 673 1214 839 1304; x_wconf 87' lang='lat' dir='ltr'><strong>officinis,</strong></span> <span class='ocrx_word' id='word_1_28' title='bbox 865 1214 1060 1305; x_wconf 80' lang='lat' dir='ltr'><strong>sumptibus</strong></span> <span class='ocrx_word' id='word_1_29' title='bbox 1086 1219 1122 1284; x_wconf 91' lang='lat' dir='ltr'><strong>et</strong></span> <span class='ocrx_word' id='word_1_30' title='bbox 1148 1215 1312 1304; x_wconf 85' lang='lat' dir='ltr'>impensis</span> <span class='ocrx_word' id='word_1_31' title='bbox 1339 1212 1485 1303; x_wconf 87' lang='lat' dir='ltr'><strong>praefati</strong></span> <span class='ocrx_word' id='word_1_32' title='bbox 1513 1212 1659 1285; x_wconf 87' lang='lat' dir='ltr'><strong>Marci</strong></span> <span class='ocrx_word' id='word_1_33' title='bbox 1686 1214 1782 1303; x_wconf 79' lang='lat' dir='ltr'><strong>pala-</strong></span> 
     </span>
     <span class='ocr_line' id='line_1_5' title="bbox 225 1334 1696 1407; baseline 0 -2"><span class='ocrx_word' id='word_1_34' title='bbox 225 1336 296 1407; x_wconf 88' lang='lat' dir='ltr'><strong>tini</strong></span> <span class='ocrx_word' id='word_1_35' title='bbox 323 1334 563 1407; x_wconf 84' lang='lat' dir='ltr'><strong>Oracorienais</strong></span> <span class='ocrx_word' id='word_1_36' title='bbox 589 1334 768 1407; x_wconf 82' lang='lat' dir='ltr'><strong>fabricata</strong></span> <span class='ocrx_word' id='word_1_37' title='bbox 1692 1354 1696 1363; x_wconf 82' lang='grc'>’</span> 
     </span>
     <span class='ocr_line' id='line_1_6' title="bbox 333 1454 1781 1546; baseline -0.001 -19"><span class='ocrx_word' id='word_1_38' title='bbox 333 1454 524 1527; x_wconf 73' lang='lat' dir='ltr'><strong>cunamen</strong></span> <span class='ocrx_word' id='word_1_39' title='bbox 550 1457 640 1529; x_wconf 85' lang='lat' dir='ltr'><strong>alias</strong></span> <span class='ocrx_word' id='word_1_40' title='bbox 666 1455 785 1546; x_wconf 74' lang='lat' dir='ltr'><strong>Gonu,</strong></span> <span class='ocrx_word' id='word_1_41' title='bbox 812 1457 896 1528; x_wconf 89' lang='lat' dir='ltr'><strong>villa</strong></span> <span class='ocrx_word' id='word_1_42' title='bbox 921 1457 1055 1528; x_wconf 84' lang='lat' dir='ltr'><strong>babens</strong></span> <span class='ocrx_word' id='word_1_43' title='bbox 1072 1456 1108 1527; x_wconf 95' lang='lat' dir='ltr'><strong>in</strong></span> <span class='ocrx_word' id='word_1_44' title='bbox 1137 1477 1175 1526; x_wconf 90' lang='lat' dir='ltr'><strong>se</strong></span> <span class='ocrx_word' id='word_1_45' title='bbox 1201 1455 1434 1545; x_wconf 89' lang='lat' dir='ltr'><strong>parochialem</strong></span> <span class='ocrx_word' id='word_1_46' title='bbox 1463 1456 1653 1543; x_wconf 89' lang='lat' dir='ltr'><strong>ecclesiam,</strong></span> <span class='ocrx_word' id='word_1_47' title='bbox 1685 1455 1781 1526; x_wconf 89' lang='lat' dir='ltr'><strong>cuins</strong></span> 
     </span>
     <span class='ocr_line' id='line_1_7' title="bbox 225 1576 1801 1667; baseline -0.002 -19"><span class='ocrx_word' id='word_1_48' title='bbox 225 1577 426 1667; x_wconf 72' lang='lat' dir='ltr'><strong>proprietas</strong></span> <span class='ocrx_word' id='word_1_49' title='bbox 452 1576 497 1647; x_wconf 92' lang='lat' dir='ltr'><strong>ad</strong></span> <span class='ocrx_word' id='word_1_50' title='bbox 523 1578 772 1649; x_wconf 87' lang='lat' dir='ltr'><strong>monasterium</strong></span> <span class='ocrx_word' id='word_1_51' title='bbox 800 1576 1035 1649; x_wconf 81' lang='lat' dir='ltr'><strong>Onirziczense</strong></span> <span class='ocrx_word' id='word_1_52' title='bbox 1062 1578 1222 1667; x_wconf 82' lang='lat' dir='ltr'><strong>pertinet.</strong></span> <span class='ocrx_word' id='word_1_53' title='bbox 1249 1576 1289 1647; x_wconf 95' lang='lat' dir='ltr'><strong>ln</strong></span> <span class='ocrx_word' id='word_1_54' title='bbox 1309 1596 1376 1666; x_wconf 88' lang='lat' dir='ltr'><strong>qua</strong></span> <span class='ocrx_word' id='word_1_55' title='bbox 1394 1581 1475 1648; x_wconf 88' lang='lat' dir='ltr'><strong>sunt</strong></span> <span class='ocrx_word' id='word_1_56' title='bbox 1494 1576 1563 1647; x_wconf 89' lang='lat' dir='ltr'><strong>duo</strong></span> <span class='ocrx_word' id='word_1_57' title='bbox 1582 1577 1672 1647; x_wconf 86' lang='lat' dir='ltr'><strong>lanei</strong></span> <span class='ocrx_word' id='word_1_58' title='bbox 1692 1594 1801 1646; x_wconf 73' lang='lat' dir='ltr'><strong>cmo·</strong></span> 
     </span>
     <span class='ocr_line' id='line_1_8' title="bbox 225 1678 1782 1789; baseline -0.001 -20"><span class='ocrx_word' id='word_1_59' title='bbox 225 1678 400 1786; x_wconf 82' lang='lat' dir='ltr'><strong>tbonales,</strong></span> <span class='ocrx_word' id='word_1_60' title='bbox 426 1703 465 1769; x_wconf 87' lang='lat' dir='ltr'><strong>et</strong></span> <span class='ocrx_word' id='word_1_61' title='bbox 491 1698 637 1789; x_wconf 80' lang='lat' dir='ltr'>quilibet</span> <span class='ocrx_word' id='word_1_62' title='bbox 662 1699 769 1771; x_wconf 85' lang='lat' dir='ltr'><strong>soluit</strong></span> <span class='ocrx_word' id='word_1_63' title='bbox 787 1753 947 1788; x_wconf 87' lang='lat'><strong><em>.......</em></strong></span> <span class='ocrx_word' id='word_1_64' title='bbox 972 1698 1056 1769; x_wconf 92' lang='lat' dir='ltr'><strong>item</strong></span> <span class='ocrx_word' id='word_1_65' title='bbox 1084 1719 1170 1788; x_wconf 86' lang='lat' dir='ltr'><strong>ova,</strong></span> <span class='ocrx_word' id='word_1_66' title='bbox 1197 1697 1278 1768; x_wconf 89' lang='lat' dir='ltr'><strong>item</strong></span> <span class='ocrx_word' id='word_1_67' title='bbox 1305 1697 1417 1787; x_wconf 87' lang='lat' dir='ltr'><strong>gallos</strong></span> <span class='ocrx_word' id='word_1_68' title='bbox 1443 1698 1526 1769; x_wconf 92' lang='lat' dir='ltr'><strong>item</strong></span> <span class='ocrx_word' id='word_1_69' title='bbox 1554 1680 1672 1767; x_wconf 83' lang='lat' dir='ltr'><strong>caseos</strong></span> <span class='ocrx_word' id='word_1_70' title='bbox 1698 1697 1782 1767; x_wconf 82' lang='lat' dir='ltr'><strong>item</strong></span> 
     </span>
    </p>
   </div>
   <div class='ocr_carea' id='block_1_3' title="bbox 224 1817 2136 1916">
    <p class='ocr_par' dir='ltr' id='par_1_3' title="bbox 224 1817 2136 1916">
     <span class='ocr_line' id='line_1_9' title="bbox 224 1817 2136 1916; baseline 0.005 -28"><span class='ocrx_word' id='word_1_71' title='bbox 224 1819 338 1907; x_wconf 74' lang='lat' dir='ltr'><strong>labor,</strong></span> <span class='ocrx_word' id='word_1_72' title='bbox 364 1820 447 1890; x_wconf 88' lang='lat' dir='ltr'><strong>item</strong></span> <span class='ocrx_word' id='word_1_73' title='bbox 474 1817 736 1914; x_wconf 62' lang='lat' dir='ltr'><strong>percutiebam</strong></span> <span class='ocrx_word' id='word_1_74' title='bbox 764 1840 920 1916; x_wconf 71' lang='lat' dir='ltr'><strong>oeszyep,</strong></span> <span class='ocrx_word' id='word_1_75' title='bbox 946 1820 1032 1890; x_wconf 89' lang='lat' dir='ltr'><strong>item</strong></span> <span class='ocrx_word' id='word_1_76' title='bbox 1058 1819 1218 1908; x_wconf 70' lang='lat' dir='ltr'><strong>taberna</strong></span> <span class='ocrx_word' id='word_1_77' title='bbox 1246 1819 1328 1889; x_wconf 91' lang='lat' dir='ltr'><strong>item</strong></span> <span class='ocrx_word' id='word_1_78' title='bbox 1356 1818 1545 1907; x_wconf 85' lang='lat' dir='ltr'><strong>hortulani,</strong></span> <span class='ocrx_word' id='word_1_79' title='bbox 1572 1819 1654 1889; x_wconf 82' lang='lat' dir='ltr'><strong>item</strong></span> <span class='ocrx_word' id='word_1_80' title='bbox 1682 1836 1782 1907; x_wconf 86' lang='lat' dir='ltr'><strong>prae-</strong></span> <span class='ocrx_word' id='word_1_81' title='bbox 1902 1894 1915 1911; x_wconf 62' lang='grc'><strong>,</strong></span> <span class='ocrx_word' id='word_1_82' title='bbox 2045 1880 2051 1900; x_wconf 43' lang='lat' dir='ltr'><strong>t</strong></span> <span class='ocrx_word' id='word_1_83' title='bbox 2131 1890 2136 1897; x_wconf 84' lang='grc'><strong>,</strong></span> 
     </span>
    </p>
   </div>
   <div class='ocr_carea' id='block_1_4' title="bbox 225 1925 1787 2879">
    <p class='ocr_par' dir='ltr' id='par_1_4' title="bbox 225 1925 1784 2153">
     <span class='ocr_line' id='line_1_10' title="bbox 228 1925 1784 2030; baseline -0.001 -19"><span class='ocrx_word' id='word_1_84' title='bbox 228 1940 338 2029; x_wconf 77' lang='lat' dir='ltr'><strong>dium</strong></span> <span class='ocrx_word' id='word_1_85' title='bbox 363 1940 446 2011; x_wconf 85' lang='lat' dir='ltr'><strong>item</strong></span> <span class='ocrx_word' id='word_1_86' title='bbox 473 1925 717 2013; x_wconf 80' lang='lat' dir='ltr'><strong>molendinum.</strong></span> <span class='ocrx_word' id='word_1_87' title='bbox 752 1940 840 2013; x_wconf 84' lang='lat' dir='ltr'><strong>Item</strong></span> <span class='ocrx_word' id='word_1_88' title='bbox 867 1941 943 2030; x_wconf 81' lang='lat' dir='ltr'><strong>agri</strong></span> <span class='ocrx_word' id='word_1_89' title='bbox 970 1940 1075 2012; x_wconf 85' lang='lat' dir='ltr'><strong>uillae</strong></span> <span class='ocrx_word' id='word_1_90' title='bbox 1109 1940 1251 2012; x_wconf 88' lang='lat' dir='ltr'><strong>solvunt</strong></span> <span class='ocrx_word' id='word_1_91' title='bbox 1276 1939 1444 2013; x_wconf 86' lang='lat' dir='ltr'><strong>decimam</strong></span> <span class='ocrx_word' id='word_1_92' title='bbox 1472 1938 1720 2029; x_wconf 76' lang='lat' dir='ltr'><strong>manipularem</strong></span> <span class='ocrx_word' id='word_1_93' title='bbox 1747 1943 1784 2009; x_wconf 89' lang='lat' dir='ltr'><strong>et</strong></span> 
     </span>
     <span class='ocr_line' id='line_1_11' title="bbox 225 2045 1155 2153; baseline -0.001 -21"><span class='ocrx_word' id='word_1_94' title='bbox 225 2062 441 2153; x_wconf 72' lang='lat' dir='ltr'><strong>canapolem</strong></span> <span class='ocrx_word' id='word_1_95' title='bbox 467 2068 505 2133; x_wconf 90' lang='lat' dir='ltr'><strong>et</strong></span> <span class='ocrx_word' id='word_1_96' title='bbox 531 2061 727 2137; x_wconf 85' lang='lat' dir='ltr'><strong>conducunt</strong></span> <span class='ocrx_word' id='word_1_97' title='bbox 754 2084 817 2153; x_wconf 91' lang='lat' dir='ltr'><strong>pro</strong></span> <span class='ocrx_word' id='word_1_98' title='bbox 837 2045 872 2132; x_wconf 60' lang='grc' dir='ltr'><strong>,ᾗ</strong></span> <span class='ocrx_word' id='word_1_99' title='bbox 890 2116 898 2131; x_wconf 93' lang='grc'><strong>.</strong></span> <span class='ocrx_word' id='word_1_100' title='bbox 915 2060 1076 2149; x_wconf 75' lang='lat' dir='ltr'><strong>Continet</strong></span> <span class='ocrx_word' id='word_1_101' title='bbox 1094 2117 1101 2131; x_wconf 94' lang='lat'>.</span> <span class='ocrx_word' id='word_1_102' title='bbox 1121 2114 1155 2131; x_wconf 90' lang='lat'><strong>..</strong></span> 
     </span>
    </p>

    <p class='ocr_par' dir='ltr' id='par_1_5' title="bbox 225 2178 1787 2879">
     <span class='ocr_line' id='line_1_12' title="bbox 336 2178 1786 2273; baseline -0.002 -19"><span class='ocrx_word' id='word_1_103' title='bbox 336 2182 592 2272; x_wconf 70' lang='lat' dir='ltr'><strong>Ponendum,</strong></span> <span class='ocrx_word' id='word_1_104' title='bbox 626 2184 707 2255; x_wconf 83' lang='lat' dir='ltr'><strong>villa</strong></span> <span class='ocrx_word' id='word_1_105' title='bbox 743 2184 808 2255; x_wconf 90' lang='lat' dir='ltr'><strong>sub</strong></span> <span class='ocrx_word' id='word_1_106' title='bbox 843 2182 1011 2273; x_wconf 83' lang='lat' dir='ltr'><strong>parocbia</strong></span> <span class='ocrx_word' id='word_1_107' title='bbox 1044 2182 1089 2253; x_wconf 86' lang='lat' dir='ltr'><strong>de</strong></span> <span class='ocrx_word' id='word_1_108' title='bbox 1123 2180 1245 2254; x_wconf 86' lang='lat' dir='ltr'><strong>Gora</strong></span> <span class='ocrx_word' id='word_1_109' title='bbox 1281 2182 1366 2271; x_wconf 86' lang='lat' dir='ltr'><strong>sita,</strong></span> <span class='ocrx_word' id='word_1_110' title='bbox 1394 2181 1491 2253; x_wconf 88' lang='lat' dir='ltr'><strong>cuius</strong></span> <span class='ocrx_word' id='word_1_111' title='bbox 1519 2180 1725 2271; x_wconf 80' lang='lat' dir='ltr'><strong>proprietas,</strong></span> <span class='ocrx_word' id='word_1_112' title='bbox 1741 2178 1786 2251; x_wconf 78' lang='lat' dir='ltr'><strong>ad</strong></span> 
     </span>
     <span class='ocr_line' id='line_1_13' title="bbox 225 2301 1786 2396; baseline -0.004 -19"><span class='ocrx_word' id='word_1_113' title='bbox 225 2305 480 2377; x_wconf 81' lang='lat' dir='ltr'><strong>monasterinm</strong></span> <span class='ocrx_word' id='word_1_114' title='bbox 516 2304 751 2379; x_wconf 67' lang='lat' dir='ltr'><strong>cormacum</strong></span> <span class='ocrx_word' id='word_1_115' title='bbox 786 2305 948 2396; x_wconf 86' lang='lat' dir='ltr'><strong>pertinet.</strong></span> <span class='ocrx_word' id='word_1_116' title='bbox 984 2304 1024 2375; x_wconf 94' lang='lat' dir='ltr'><strong>ln</strong></span> <span class='ocrx_word' id='word_1_117' title='bbox 1052 2324 1121 2394; x_wconf 88' lang='lat' dir='ltr'><strong>qua</strong></span> <span class='ocrx_word' id='word_1_118' title='bbox 1147 2308 1229 2375; x_wconf 88' lang='lat' dir='ltr'><strong>sunt</strong></span> <span class='ocrx_word' id='word_1_119' title='bbox 1256 2302 1325 2375; x_wconf 88' lang='lat' dir='ltr'><strong>duo</strong></span> <span class='ocrx_word' id='word_1_120' title='bbox 1352 2303 1442 2375; x_wconf 87' lang='lat' dir='ltr'><strong>lanei</strong></span> <span class='ocrx_word' id='word_1_121' title='bbox 1470 2301 1724 2386; x_wconf 69' lang='lat' dir='ltr'><strong>cmptionalm,</strong></span> <span class='ocrx_word' id='word_1_122' title='bbox 1750 2306 1786 2371; x_wconf 86' lang='lat' dir='ltr'><strong>et</strong></span> 
     </span>
     <span class='ocr_line' id='line_1_14' title="bbox 225 2422 1786 2517; baseline -0.003 -20"><span class='ocrx_word' id='word_1_123' title='bbox 225 2426 336 2498; x_wconf 82' lang='lat' dir='ltr'><strong>solvit</strong></span> <span class='ocrx_word' id='word_1_124' title='bbox 361 2426 535 2517; x_wconf 83' lang='lat' dir='ltr'><strong>quilibet.</strong></span> <span class='ocrx_word' id='word_1_125' title='bbox 554 2481 561 2495; x_wconf 92' lang='lat'><strong>.</strong></span> <span class='ocrx_word' id='word_1_126' title='bbox 580 2482 607 2517; x_wconf 89' lang='lat'><strong>.,</strong></span> <span class='ocrx_word' id='word_1_127' title='bbox 635 2428 716 2498; x_wconf 85' lang='lat' dir='ltr'><strong>item</strong></span> <span class='ocrx_word' id='word_1_128' title='bbox 743 2447 820 2516; x_wconf 88' lang='lat' dir='ltr'><strong>ova,</strong></span> <span class='ocrx_word' id='word_1_129' title='bbox 847 2426 929 2497; x_wconf 91' lang='lat' dir='ltr'><strong>item</strong></span> <span class='ocrx_word' id='word_1_130' title='bbox 957 2425 1078 2516; x_wconf 85' lang='lat' dir='ltr'><strong>gallos,</strong></span> <span class='ocrx_word' id='word_1_131' title='bbox 1105 2425 1188 2497; x_wconf 81' lang='lat' dir='ltr'><strong>item</strong></span> <span class='ocrx_word' id='word_1_132' title='bbox 1216 2441 1354 2513; x_wconf 80' lang='lat' dir='ltr'><strong>cascos3</strong></span> <span class='ocrx_word' id='word_1_133' title='bbox 1380 2424 1463 2495; x_wconf 89' lang='lat' dir='ltr'><strong>item</strong></span> <span class='ocrx_word' id='word_1_134' title='bbox 1490 2423 1597 2513; x_wconf 81' lang='lat' dir='ltr'><strong>labor,</strong></span> <span class='ocrx_word' id='word_1_135' title='bbox 1624 2422 1708 2494; x_wconf 85' lang='lat' dir='ltr'><strong>item</strong></span> <span class='ocrx_word' id='word_1_136' title='bbox 1719 2444 1786 2517; x_wconf 84' lang='lat' dir='ltr'><strong>po-</strong></span> 
     </span>
     <span class='ocr_line' id='line_1_15' title="bbox 225 2542 1784 2643; baseline -0.003 -26"><span class='ocrx_word' id='word_1_137' title='bbox 225 2545 337 2637; x_wconf 79' lang='grc' dir='ltr'><strong>ιαιὸο,</strong></span> <span class='ocrx_word' id='word_1_138' title='bbox 363 2547 447 2619; x_wconf 84' lang='lat' dir='ltr'><strong>item</strong></span> <span class='ocrx_word' id='word_1_139' title='bbox 472 2570 621 2643; x_wconf 59' lang='lat' dir='ltr'><strong>oscam,</strong></span> <span class='ocrx_word' id='word_1_140' title='bbox 647 2549 730 2619; x_wconf 80' lang='lat' dir='ltr'><strong>item</strong></span> <span class='ocrx_word' id='word_1_141' title='bbox 757 2548 913 2636; x_wconf 80' lang='lat' dir='ltr'><strong>taberna,</strong></span> <span class='ocrx_word' id='word_1_142' title='bbox 940 2547 1024 2618; x_wconf 89' lang='lat' dir='ltr'><strong>item</strong></span> <span class='ocrx_word' id='word_1_143' title='bbox 1050 2545 1237 2635; x_wconf 79' lang='lat' dir='ltr'><strong>hortulani,</strong></span> <span class='ocrx_word' id='word_1_144' title='bbox 1264 2546 1347 2617; x_wconf 88' lang='lat' dir='ltr'><strong>item</strong></span> <span class='ocrx_word' id='word_1_145' title='bbox 1375 2543 1564 2635; x_wconf 80' lang='lat' dir='ltr'><strong>praedium.</strong></span> <span class='ocrx_word' id='word_1_146' title='bbox 1592 2542 1679 2616; x_wconf 87' lang='lat' dir='ltr'><strong>Item</strong></span> <span class='ocrx_word' id='word_1_147' title='bbox 1708 2543 1784 2633; x_wconf 85' lang='lat' dir='ltr'><strong>agri</strong></span> 
     </span>
     <span class='ocr_line' id='line_1_16' title="bbox 225 2652 1785 2757; baseline -0.003 -18"><span class='ocrx_word' id='word_1_148' title='bbox 225 2667 335 2739; x_wconf 79' lang='lat' dir='ltr'><strong>villae</strong></span> <span class='ocrx_word' id='word_1_149' title='bbox 353 2667 501 2741; x_wconf 80' lang='lat' dir='ltr'><strong>solvunt</strong></span> <span class='ocrx_word' id='word_1_150' title='bbox 526 2673 564 2739; x_wconf 87' lang='lat' dir='ltr'><strong>et</strong></span> <span class='ocrx_word' id='word_1_151' title='bbox 589 2668 787 2741; x_wconf 88' lang='lat' dir='ltr'><strong>conducunt</strong></span> <span class='ocrx_word' id='word_1_152' title='bbox 813 2666 979 2739; x_wconf 76' lang='lat' dir='ltr'><strong>decimam</strong></span> <span class='ocrx_word' id='word_1_153' title='bbox 1006 2666 1257 2757; x_wconf 84' lang='lat' dir='ltr'><strong>manipularem</strong></span> <span class='ocrx_word' id='word_1_154' title='bbox 1284 2672 1321 2737; x_wconf 91' lang='lat' dir='ltr'><strong>et</strong></span> <span class='ocrx_word' id='word_1_155' title='bbox 1347 2664 1549 2757; x_wconf 85' lang='lat' dir='ltr'><strong>cauapclem</strong></span> <span class='ocrx_word' id='word_1_156' title='bbox 1575 2685 1639 2756; x_wconf 92' lang='lat' dir='ltr'><strong>pro</strong></span> <span class='ocrx_word' id='word_1_157' title='bbox 1666 2652 1785 2735; x_wconf 81' lang='lat' dir='ltr'><strong>mona-</strong></span> 
     </span>
     <span class='ocr_line' id='line_1_17' title="bbox 227 2784 1787 2879; baseline -0.003 -18"><span class='ocrx_word' id='word_1_158' title='bbox 227 2788 343 2861; x_wconf 82' lang='lat' dir='ltr'><strong>sterio</strong></span> <span class='ocrx_word' id='word_1_159' title='bbox 368 2786 614 2879; x_wconf 69' lang='lat' dir='ltr'><strong>omnemne,</strong></span> <span class='ocrx_word' id='word_1_160' title='bbox 641 2796 678 2862; x_wconf 89' lang='lat' dir='ltr'><strong>et</strong></span> <span class='ocrx_word' id='word_1_161' title='bbox 704 2790 805 2862; x_wconf 84' lang='lat' dir='ltr'><strong>valor</strong></span> <span class='ocrx_word' id='word_1_162' title='bbox 837 2788 914 2860; x_wconf 87' lang='lat' dir='ltr'><strong>eius</strong></span> <span class='ocrx_word' id='word_1_163' title='bbox 939 2784 1146 2860; x_wconf 84' lang='lat' dir='ltr'><strong>aestimatur</strong></span> <span class='ocrx_word' id='word_1_164' title='bbox 1172 2788 1216 2860; x_wconf 90' lang='lat' dir='ltr'><strong>ad</strong></span> <span class='ocrx_word' id='word_1_165' title='bbox 1237 2794 1317 2859; x_wconf 84' lang='lat' dir='ltr'><strong>tres</strong></span> <span class='ocrx_word' id='word_1_166' title='bbox 1343 2806 1487 2859; x_wconf 81' lang='lat' dir='ltr'><strong>marcas.</strong></span> <span class='ocrx_word' id='word_1_167' title='bbox 1523 2784 1685 2863; x_wconf 78' lang='lat' dir='ltr'><strong>Gonllnat</strong></span> <span class='ocrx_word' id='word_1_168' title='bbox 1710 2806 1787 2857; x_wconf 92' lang='lat' dir='ltr'><strong>cum</strong></span> 
     </span>
    </p>
   </div>
   <div class='ocr_carea' id='block_1_5' title="bbox 135 3020 1893 3724">
    <p class='ocr_par' dir='ltr' id='par_1_6' title="bbox 135 3020 1893 3724">
     <span class='ocr_line' id='line_1_18' title="bbox 337 3020 1787 3121; baseline -0.001 -20"><span class='ocrx_word' id='word_1_169' title='bbox 337 3020 644 3120; x_wconf 71' lang='lat' dir='ltr'><strong>AnnnnewrczE,</strong></span> <span class='ocrx_word' id='word_1_170' title='bbox 671 3031 754 3103; x_wconf 83' lang='lat' dir='ltr'><strong>uilla</strong></span> <span class='ocrx_word' id='word_1_171' title='bbox 779 3031 844 3103; x_wconf 86' lang='lat' dir='ltr'><strong>snb</strong></span> <span class='ocrx_word' id='word_1_172' title='bbox 871 3029 1039 3121; x_wconf 79' lang='lat' dir='ltr'><strong>parocbia</strong></span> <span class='ocrx_word' id='word_1_173' title='bbox 1064 3028 1108 3101; x_wconf 88' lang='lat' dir='ltr'><strong>de</strong></span> <span class='ocrx_word' id='word_1_174' title='bbox 1135 3028 1256 3102; x_wconf 83' lang='lat' dir='ltr'><strong>Gora</strong></span> <span class='ocrx_word' id='word_1_175' title='bbox 1281 3029 1367 3120; x_wconf 86' lang='lat' dir='ltr'><strong>sita,</strong></span> <span class='ocrx_word' id='word_1_176' title='bbox 1394 3029 1493 3101; x_wconf 85' lang='lat' dir='ltr'><strong>cuius</strong></span> <span class='ocrx_word' id='word_1_177' title='bbox 1518 3029 1716 3120; x_wconf 77' lang='lat' dir='ltr'><strong>proprietas</strong></span> <span class='ocrx_word' id='word_1_178' title='bbox 1742 3028 1787 3099; x_wconf 76' lang='lat' dir='ltr'><strong>acl</strong></span> 
     </span>
     <span class='ocr_line' id='line_1_19' title="bbox 229 3132 1789 3254; baseline -0.002 -31"><span class='ocrx_word' id='word_1_179' title='bbox 229 3150 481 3225; x_wconf 75' lang='lat' dir='ltr'><strong>monesterium</strong></span> <span class='ocrx_word' id='word_1_180' title='bbox 507 3132 744 3224; x_wconf 81' lang='lat' dir='ltr'><strong>Onirziczense</strong></span> <span class='ocrx_word' id='word_1_181' title='bbox 778 3151 941 3242; x_wconf 82' lang='lat' dir='ltr'><strong>partinet.</strong></span> <span class='ocrx_word' id='word_1_182' title='bbox 984 3151 1026 3227; x_wconf 93' lang='lat' dir='ltr'><strong>In</strong></span> <span class='ocrx_word' id='word_1_183' title='bbox 1054 3172 1124 3242; x_wconf 84' lang='lat' dir='ltr'><strong>qna</strong></span> <span class='ocrx_word' id='word_1_184' title='bbox 1147 3136 1231 3223; x_wconf 81' lang='lat' dir='ltr'><strong>¹sunt</strong></span> <span class='ocrx_word' id='word_1_185' title='bbox 1258 3151 1326 3222; x_wconf 90' lang='lat' dir='ltr'><strong>duo</strong></span> <span class='ocrx_word' id='word_1_186' title='bbox 1352 3150 1444 3254; x_wconf 83' lang='lat' dir='ltr'><strong>lanei</strong></span> <span class='ocrx_word' id='word_1_187' title='bbox 1472 3150 1725 3237; x_wconf 80' lang='lat' dir='ltr'><strong>cmetbonalea,</strong></span> <span class='ocrx_word' id='word_1_188' title='bbox 1751 3154 1789 3221; x_wconf 91' lang='lat' dir='ltr'><strong>et</strong></span> 
     </span>
     <span class='ocr_line' id='line_1_20' title="bbox 229 3259 1789 3365; baseline -0.002 -22"><span class='ocrx_word' id='word_1_189' title='bbox 229 3259 347 3344; x_wconf 83' lang='lat' dir='ltr'><strong>solvit</strong></span> <span class='ocrx_word' id='word_1_190' title='bbox 366 3270 513 3361; x_wconf 77' lang='lat' dir='ltr'><strong>quilibet</strong></span> <span class='ocrx_word' id='word_1_191' title='bbox 531 3328 538 3341; x_wconf 91' lang='lat'><strong>.</strong></span> <span class='ocrx_word' id='word_1_192' title='bbox 554 3311 565 3342; x_wconf 91' lang='grc'><strong>-.</strong></span> <span class='ocrx_word' id='word_1_193' title='bbox 584 3326 609 3361; x_wconf 91' lang='grc'><strong>.,</strong></span> <span class='ocrx_word' id='word_1_194' title='bbox 637 3272 719 3343; x_wconf 88' lang='lat' dir='ltr'><strong>item</strong></span> <span class='ocrx_word' id='word_1_195' title='bbox 747 3294 823 3362; x_wconf 86' lang='lat' dir='ltr'><strong>ova,</strong></span> <span class='ocrx_word' id='word_1_196' title='bbox 849 3273 930 3343; x_wconf 61' lang='lat' dir='ltr'><strong>mm</strong></span> <span class='ocrx_word' id='word_1_197' title='bbox 958 3271 1079 3363; x_wconf 83' lang='lat' dir='ltr'><strong>gallos,</strong></span> <span class='ocrx_word' id='word_1_198' title='bbox 1104 3272 1187 3359; x_wconf 80' lang='lat' dir='ltr'><strong>item</strong></span> <span class='ocrx_word' id='word_1_199' title='bbox 1215 3292 1354 3358; x_wconf 57' lang='lat' dir='ltr'><strong>caseum</strong></span> <span class='ocrx_word' id='word_1_200' title='bbox 1380 3271 1464 3343; x_wconf 85' lang='lat' dir='ltr'><strong>item</strong></span> <span class='ocrx_word' id='word_1_201' title='bbox 1491 3270 1600 3361; x_wconf 89' lang='lat' dir='ltr'><strong>labor,</strong></span> <span class='ocrx_word' id='word_1_202' title='bbox 1627 3272 1711 3342; x_wconf 78' lang='lat' dir='ltr'><strong>item</strong></span> <span class='ocrx_word' id='word_1_203' title='bbox 1723 3293 1789 3365; x_wconf 85' lang='lat' dir='ltr'><strong>po-</strong></span> 
     </span>
     <span class='ocr_line' id='line_1_21' title="bbox 231 3390 1788 3490; baseline -0.001 -27"><span class='ocrx_word' id='word_1_204' title='bbox 231 3390 341 3482; x_wconf 80' lang='lat' dir='ltr'><strong>wado,</strong></span> <span class='ocrx_word' id='word_1_205' title='bbox 366 3392 451 3464; x_wconf 83' lang='lat' dir='ltr'><strong>item</strong></span> <span class='ocrx_word' id='word_1_206' title='bbox 476 3416 624 3490; x_wconf 61' lang='lat' dir='ltr'><strong>mosyen</strong></span> <span class='ocrx_word' id='word_1_207' title='bbox 651 3394 734 3465; x_wconf 90' lang='lat' dir='ltr'><strong>item</strong></span> <span class='ocrx_word' id='word_1_208' title='bbox 762 3394 921 3482; x_wconf 85' lang='lat' dir='ltr'><strong>taberna,</strong></span> <span class='ocrx_word' id='word_1_209' title='bbox 948 3394 1033 3465; x_wconf 85' lang='lat' dir='ltr'><strong>item</strong></span> <span class='ocrx_word' id='word_1_210' title='bbox 1060 3393 1248 3482; x_wconf 85' lang='lat' dir='ltr'><strong>hortulani,</strong></span> <span class='ocrx_word' id='word_1_211' title='bbox 1275 3392 1357 3464; x_wconf 87' lang='lat' dir='ltr'><strong>item</strong></span> <span class='ocrx_word' id='word_1_212' title='bbox 1386 3392 1577 3482; x_wconf 88' lang='lat' dir='ltr'><strong>praedium.</strong></span> <span class='ocrx_word' id='word_1_213' title='bbox 1605 3392 1691 3463; x_wconf 82' lang='lat' dir='ltr'><strong>ltcrn</strong></span> <span class='ocrx_word' id='word_1_214' title='bbox 1712 3392 1788 3481; x_wconf 81' lang='lat' dir='ltr'><strong>agri</strong></span> 
     </span>
     <span class='ocr_line' id='line_1_22' title="bbox 135 3492 1819 3605; baseline -0.001 -20"><span class='ocrx_word' id='word_1_215' title='bbox 135 3531 140 3536; x_wconf 83' lang='lat'>·</span> <span class='ocrx_word' id='word_1_216' title='bbox 229 3513 336 3585; x_wconf 76' lang='lat' dir='ltr'><strong>villae</strong></span> <span class='ocrx_word' id='word_1_217' title='bbox 363 3512 503 3586; x_wconf 82' lang='lat' dir='ltr'><strong>solvunt</strong></span> <span class='ocrx_word' id='word_1_218' title='bbox 528 3521 566 3586; x_wconf 88' lang='lat' dir='ltr'><strong>ot</strong></span> <span class='ocrx_word' id='word_1_219' title='bbox 592 3514 790 3585; x_wconf 88' lang='lat' dir='ltr'><strong>conducunt</strong></span> <span class='ocrx_word' id='word_1_220' title='bbox 814 3514 982 3585; x_wconf 85' lang='lat' dir='ltr'><strong>decimam</strong></span> <span class='ocrx_word' id='word_1_221' title='bbox 1009 3513 1258 3605; x_wconf 79' lang='lat' dir='ltr'><strong>manipularem</strong></span> <span class='ocrx_word' id='word_1_222' title='bbox 1286 3519 1323 3585; x_wconf 90' lang='lat' dir='ltr'><strong>et</strong></span> <span class='ocrx_word' id='word_1_223' title='bbox 1349 3514 1558 3603; x_wconf 88' lang='lat' dir='ltr'><strong>canapalem,</strong></span> <span class='ocrx_word' id='word_1_224' title='bbox 1585 3534 1650 3603; x_wconf 90' lang='lat' dir='ltr'><strong>pro</strong></span> <span class='ocrx_word' id='word_1_225' title='bbox 1668 3532 1786 3584; x_wconf 90' lang='lat' dir='ltr'><strong>mena-</strong></span> <span class='ocrx_word' id='word_1_226' title='bbox 1814 3492 1819 3499; x_wconf 53' lang='grc'>’</span> 
     </span>
     <span class='ocr_line' id='line_1_23' title="bbox 231 3632 1893 3724; baseline -0.002 -18"><span class='ocrx_word' id='word_1_227' title='bbox 231 3633 343 3707; x_wconf 84' lang='lat' dir='ltr'><strong>storin</strong></span> <span class='ocrx_word' id='word_1_228' title='bbox 369 3632 616 3724; x_wconf 71' lang='lat' dir='ltr'><strong>carnonensi,</strong></span> <span class='ocrx_word' id='word_1_229' title='bbox 641 3642 679 3706; x_wconf 89' lang='lat' dir='ltr'><strong>ct</strong></span> <span class='ocrx_word' id='word_1_230' title='bbox 706 3635 803 3707; x_wconf 83' lang='lat' dir='ltr'><strong>valor</strong></span> <span class='ocrx_word' id='word_1_231' title='bbox 834 3636 909 3706; x_wconf 90' lang='lat' dir='ltr'><strong>eius</strong></span> <span class='ocrx_word' id='word_1_232' title='bbox 936 3634 1141 3707; x_wconf 80' lang='lat' dir='ltr'><strong>aestimatur</strong></span> <span class='ocrx_word' id='word_1_233' title='bbox 1168 3633 1212 3705; x_wconf 89' lang='lat' dir='ltr'><strong>ad</strong></span> <span class='ocrx_word' id='word_1_234' title='bbox 1241 3640 1313 3705; x_wconf 88' lang='lat' dir='ltr'><strong>tres</strong></span> <span class='ocrx_word' id='word_1_235' title='bbox 1340 3654 1486 3705; x_wconf 80' lang='lat' dir='ltr'><strong>marcas.</strong></span> <span class='ocrx_word' id='word_1_236' title='bbox 1526 3632 1687 3711; x_wconf 75' lang='lat' dir='ltr'><strong>Continet</strong></span> <span class='ocrx_word' id='word_1_237' title='bbox 1712 3654 1789 3704; x_wconf 84' lang='lat' dir='ltr'><strong>cum</strong></span> <span class='ocrx_word' id='word_1_238' title='bbox 1889 3644 1893 3651; x_wconf 84' lang='lat'>&#39;</span> 
     </span>
    </p>
   </div>
   <div class='ocr_carea' id='block_1_6' title="bbox 231 3870 1932 4217">
    <p class='ocr_par' dir='ltr' id='par_1_7' title="bbox 231 3870 1932 4217">
     <span class='ocr_line' id='line_1_24' title="bbox 339 3870 1932 3966; baseline 0 -20"><span class='ocrx_word' id='word_1_239' title='bbox 339 3873 585 3964; x_wconf 79' lang='lat' dir='ltr'><strong>Poconzanu,</strong></span> <span class='ocrx_word' id='word_1_240' title='bbox 621 3876 705 3947; x_wconf 88' lang='lat' dir='ltr'><strong>villa</strong></span> <span class='ocrx_word' id='word_1_241' title='bbox 739 3877 804 3948; x_wconf 89' lang='lat' dir='ltr'><strong>sub</strong></span> <span class='ocrx_word' id='word_1_242' title='bbox 840 3875 1006 3966; x_wconf 86' lang='lat' dir='ltr'><strong>parocbia</strong></span> <span class='ocrx_word' id='word_1_243' title='bbox 1037 3873 1081 3946; x_wconf 88' lang='lat' dir='ltr'><strong>de</strong></span> <span class='ocrx_word' id='word_1_244' title='bbox 1116 3870 1238 3947; x_wconf 82' lang='lat' dir='ltr'><strong>Gora</strong></span> <span class='ocrx_word' id='word_1_245' title='bbox 1273 3875 1360 3965; x_wconf 88' lang='lat' dir='ltr'><strong>sita,</strong></span> <span class='ocrx_word' id='word_1_246' title='bbox 1388 3872 1486 3946; x_wconf 83' lang='lat' dir='ltr'><strong>culus</strong></span> <span class='ocrx_word' id='word_1_247' title='bbox 1511 3874 1710 3965; x_wconf 81' lang='lat' dir='ltr'><strong>proprietas</strong></span> <span class='ocrx_word' id='word_1_248' title='bbox 1746 3874 1791 3946; x_wconf 89' lang='lat' dir='ltr'><strong>ad</strong></span> <span class='ocrx_word' id='word_1_249' title='bbox 1924 3880 1932 3891; x_wconf 87' lang='grc'><strong>“</strong></span> 
     </span>
     <span class='ocr_line' id='line_1_25' title="bbox 231 3986 1883 4096; baseline -0.001 -29"><span class='ocrx_word' id='word_1_250' title='bbox 231 3986 486 4069; x_wconf 82' lang='lat' dir='ltr'><strong>monasterinm</strong></span> <span class='ocrx_word' id='word_1_251' title='bbox 517 3996 754 4069; x_wconf 80' lang='lat' dir='ltr'><strong>Gnirnicnense</strong></span> <span class='ocrx_word' id='word_1_252' title='bbox 789 3997 952 4087; x_wconf 86' lang='lat' dir='ltr'><strong>pertinet</strong></span> <span class='ocrx_word' id='word_1_253' title='bbox 988 3996 1028 4067; x_wconf 96' lang='lat' dir='ltr'><strong>ln</strong></span> <span class='ocrx_word' id='word_1_254' title='bbox 1056 4016 1125 4086; x_wconf 83' lang='lat' dir='ltr'><strong>qua</strong></span> <span class='ocrx_word' id='word_1_255' title='bbox 1152 4000 1234 4069; x_wconf 85' lang='lat' dir='ltr'><strong>sunt</strong></span> <span class='ocrx_word' id='word_1_256' title='bbox 1260 3994 1329 4067; x_wconf 89' lang='lat' dir='ltr'><strong>duo</strong></span> <span class='ocrx_word' id='word_1_257' title='bbox 1356 3994 1448 4067; x_wconf 84' lang='lat' dir='ltr'><strong>lanei</strong></span> <span class='ocrx_word' id='word_1_258' title='bbox 1464 3994 1729 4086; x_wconf 81' lang='lat' dir='ltr'><strong>¹emethonales‚</strong></span> <span class='ocrx_word' id='word_1_259' title='bbox 1755 3999 1791 4066; x_wconf 92' lang='lat' dir='ltr'><strong>et</strong></span> <span class='ocrx_word' id='word_1_260' title='bbox 1882 4092 1883 4096; x_wconf 7' lang='grc' dir='ltr'><strong><em>Ν</em></strong></span> 
     </span>
     <span class='ocr_line' id='line_1_26' title="bbox 231 4116 1792 4217; baseline -0.002 -28"><span class='ocrx_word' id='word_1_261' title='bbox 231 4118 341 4191; x_wconf 77' lang='lat' dir='ltr'><strong>solvit</strong></span> <span class='ocrx_word' id='word_1_262' title='bbox 366 4118 537 4217; x_wconf 78' lang='lat' dir='ltr'><strong>quilibet.</strong></span> <span class='ocrx_word' id='word_1_263' title='bbox 557 4174 564 4189; x_wconf 94' lang='lat'><strong>.</strong></span> <span class='ocrx_word' id='word_1_264' title='bbox 583 4172 609 4207; x_wconf 91' lang='grc'><strong>.,</strong></span> <span class='ocrx_word' id='word_1_265' title='bbox 636 4118 720 4190; x_wconf 85' lang='lat' dir='ltr'><strong>item</strong></span> <span class='ocrx_word' id='word_1_266' title='bbox 747 4140 823 4209; x_wconf 84' lang='lat' dir='ltr'><strong>ova,</strong></span> <span class='ocrx_word' id='word_1_267' title='bbox 849 4119 933 4189; x_wconf 90' lang='lat' dir='ltr'><strong>item</strong></span> <span class='ocrx_word' id='word_1_268' title='bbox 959 4117 1081 4207; x_wconf 82' lang='lat' dir='ltr'><strong>gallos,</strong></span> <span class='ocrx_word' id='word_1_269' title='bbox 1108 4117 1192 4188; x_wconf 89' lang='lat' dir='ltr'><strong>item</strong></span> <span class='ocrx_word' id='word_1_270' title='bbox 1219 4136 1358 4205; x_wconf 82' lang='lat' dir='ltr'><strong>caseos3</strong></span> <span class='ocrx_word' id='word_1_271' title='bbox 1385 4116 1467 4188; x_wconf 86' lang='lat' dir='ltr'><strong>item</strong></span> <span class='ocrx_word' id='word_1_272' title='bbox 1495 4116 1603 4207; x_wconf 87' lang='lat' dir='ltr'><strong>labor,</strong></span> <span class='ocrx_word' id='word_1_273' title='bbox 1621 4116 1704 4187; x_wconf 89' lang='lat' dir='ltr'><strong>item</strong></span> <span class='ocrx_word' id='word_1_274' title='bbox 1725 4138 1792 4211; x_wconf 83' lang='lat' dir='ltr'><strong>po-</strong></span> 
     </span>
    </p>
   </div>
   <div class='ocr_carea' id='block_1_7' title="bbox 233 4234 1935 4335">
    <p class='ocr_par' dir='ltr' id='par_1_8' title="bbox 233 4234 1935 4335">
     <span class='ocr_line' id='line_1_27' title="bbox 233 4234 1935 4335; baseline -0.002 -24"><span class='ocrx_word' id='word_1_275' title='bbox 233 4236 352 4323; x_wconf 83' lang='lat' dir='ltr'><strong>wedo,</strong></span> <span class='ocrx_word' id='word_1_276' title='bbox 380 4240 465 4311; x_wconf 76' lang='lat' dir='ltr'><strong>iton</strong></span> <span class='ocrx_word' id='word_1_277' title='bbox 490 4260 646 4335; x_wconf 77' lang='lat' dir='ltr'><strong>osszyep,</strong></span> <span class='ocrx_word' id='word_1_278' title='bbox 673 4240 758 4313; x_wconf 84' lang='lat' dir='ltr'><strong>item</strong></span> <span class='ocrx_word' id='word_1_279' title='bbox 784 4240 949 4328; x_wconf 84' lang='lat' dir='ltr'><strong>taberna,</strong></span> <span class='ocrx_word' id='word_1_280' title='bbox 975 4239 1061 4311; x_wconf 85' lang='lat' dir='ltr'><strong>itam</strong></span> <span class='ocrx_word' id='word_1_281' title='bbox 1087 4236 1281 4328; x_wconf 82' lang='lat' dir='ltr'><strong>hortulani,</strong></span> <span class='ocrx_word' id='word_1_282' title='bbox 1307 4237 1389 4310; x_wconf 89' lang='lat' dir='ltr'><strong>item</strong></span> <span class='ocrx_word' id='word_1_283' title='bbox 1417 4236 1607 4329; x_wconf 90' lang='lat' dir='ltr'><strong>praedium.</strong></span> <span class='ocrx_word' id='word_1_284' title='bbox 1633 4236 1721 4308; x_wconf 86' lang='lat' dir='ltr'><strong>Item</strong></span> <span class='ocrx_word' id='word_1_285' title='bbox 1748 4234 1792 4307; x_wconf 84' lang='lat' dir='ltr'><strong>de</strong></span> <span class='ocrx_word' id='word_1_286' title='bbox 1933 4276 1935 4287; x_wconf 90' lang='lat'>·</span> 
     </span>
    </p>
   </div>
   <div class='ocr_carea' id='block_1_8' title="bbox 232 4357 1791 4451">
    <p class='ocr_par' dir='ltr' id='par_1_9' title="bbox 232 4357 1791 4451">
     <span class='ocr_line' id='line_1_28' title="bbox 232 4357 1791 4451; baseline -0.002 -21"><span class='ocrx_word' id='word_1_287' title='bbox 232 4360 331 4450; x_wconf 82' lang='lat' dir='ltr'><strong>agris</strong></span> <span class='ocrx_word' id='word_1_288' title='bbox 357 4359 477 4451; x_wconf 87' lang='lat' dir='ltr'><strong>villae,</strong></span> <span class='ocrx_word' id='word_1_289' title='bbox 503 4360 657 4433; x_wconf 86' lang='lat' dir='ltr'><strong>decimae</strong></span> <span class='ocrx_word' id='word_1_290' title='bbox 684 4360 910 4451; x_wconf 86' lang='lat' dir='ltr'><strong>manipularis</strong></span> <span class='ocrx_word' id='word_1_291' title='bbox 937 4362 974 4431; x_wconf 80' lang='lat' dir='ltr'><strong>e&#39;t</strong></span> <span class='ocrx_word' id='word_1_292' title='bbox 1000 4358 1178 4449; x_wconf 87' lang='lat' dir='ltr'><strong>canepalis</strong></span> <span class='ocrx_word' id='word_1_293' title='bbox 1205 4358 1383 4450; x_wconf 82' lang='lat' dir='ltr'><strong>perceptio</strong></span> <span class='ocrx_word' id='word_1_294' title='bbox 1411 4357 1685 4447; x_wconf 84' lang='lat' dir='ltr'><strong>diversificatur,</strong></span> <span class='ocrx_word' id='word_1_295' title='bbox 1712 4378 1791 4427; x_wconf 76' lang='lat' dir='ltr'><strong>nam</strong></span> 
     </span>
    </p>
   </div>
   <div class='ocr_carea' id='block_1_9' title="bbox 217 4456 1912 4569">
    <p class='ocr_par' dir='ltr' id='par_1_10' title="bbox 217 4456 1912 4569">
     <span class='ocr_line' id='line_1_29' title="bbox 217 4456 1912 4569; baseline -0.003 -16"><span class='ocrx_word' id='word_1_296' title='bbox 217 4480 279 4553; x_wconf 71' lang='lat' dir='ltr'><strong>,dc</strong></span> <span class='ocrx_word' id='word_1_297' title='bbox 306 4479 493 4555; x_wconf 82' lang='lat' dir='ltr'><strong>medietate</strong></span> <span class='ocrx_word' id='word_1_298' title='bbox 528 4481 622 4555; x_wconf 91' lang='lat' dir='ltr'><strong>tollit</strong></span> <span class='ocrx_word' id='word_1_299' title='bbox 652 4502 729 4553; x_wconf 87' lang='lat' dir='ltr'><strong>eam</strong></span> <span class='ocrx_word' id='word_1_300' title='bbox 755 4482 1004 4554; x_wconf 83' lang='lat' dir='ltr'><strong>monasterium</strong></span> <span class='ocrx_word' id='word_1_301' title='bbox 1028 4478 1283 4569; x_wconf 67' lang='lat' dir='ltr'><strong>domomum,</strong></span> <span class='ocrx_word' id='word_1_302' title='bbox 1312 4480 1355 4552; x_wconf 81' lang='lat' dir='ltr'><strong>tle</strong></span> <span class='ocrx_word' id='word_1_303' title='bbox 1382 4478 1636 4553; x_wconf 82' lang='lat' dir='ltr'><strong>altercantem</strong></span> <span class='ocrx_word' id='word_1_304' title='bbox 1663 4477 1792 4551; x_wconf 75' lang='lat' dir='ltr'><strong>inedie·</strong></span> <span class='ocrx_word' id='word_1_305' title='bbox 1862 4456 1867 4468; x_wconf 52' lang='lat'><em>⁶</em></span> <span class='ocrx_word' id='word_1_306' title='bbox 1909 4528 1912 4537; x_wconf 79' lang='lat'><em>.</em></span> 
     </span>
    </p>
   </div>
   <div class='ocr_carea' id='block_1_10' title="bbox 232 4599 1870 4815">
    <p class='ocr_par' dir='ltr' id='par_1_11' title="bbox 232 4599 1870 4815">
     <span class='ocr_line' id='line_1_30' title="bbox 232 4599 1524 4676; baseline -0.003 -1"><span class='ocrx_word' id='word_1_307' title='bbox 232 4607 311 4675; x_wconf 80' lang='lat' dir='ltr'><strong>tato</strong></span> <span class='ocrx_word' id='word_1_308' title='bbox 336 4601 431 4675; x_wconf 88' lang='lat' dir='ltr'><strong>tollit</strong></span> <span class='ocrx_word' id='word_1_309' title='bbox 456 4622 533 4676; x_wconf 78' lang='lat' dir='ltr'><strong>cam</strong></span> <span class='ocrx_word' id='word_1_310' title='bbox 560 4603 821 4675; x_wconf 78' lang='lat' dir='ltr'><strong>monasterinm</strong></span> <span class='ocrx_word' id='word_1_311' title='bbox 834 4601 1153 4674; x_wconf 74' lang='lat' dir='ltr'><strong>Samnecboriensc.</strong></span> <span class='ocrx_word' id='word_1_312' title='bbox 1180 4599 1340 4674; x_wconf 74' lang='lat' dir='ltr'><strong>Confluat</strong></span> <span class='ocrx_word' id='word_1_313' title='bbox 1367 4620 1443 4673; x_wconf 90' lang='lat' dir='ltr'><strong>cum</strong></span> <span class='ocrx_word' id='word_1_314' title='bbox 1463 4655 1470 4671; x_wconf 91' lang='lat'><strong>.</strong></span> <span class='ocrx_word' id='word_1_315' title='bbox 1490 4654 1524 4671; x_wconf 90' lang='lat'><strong>..</strong></span> 
     </span>
     <span class='ocr_line' id='line_1_31' title="bbox 286 4714 1870 4815; baseline -0.007 -16"><span class='ocrx_word' id='word_1_316' title='bbox 286 4749 289 4767; x_wconf 67' lang='lat'><em>²</em></span> <span class='ocrx_word' id='word_1_317' title='bbox 342 4720 553 4815; x_wconf 80' lang='lat' dir='ltr'><strong>Gonnonna,</strong></span> <span class='ocrx_word' id='word_1_318' title='bbox 580 4722 761 4814; x_wconf 76' lang='lat' dir='ltr'><strong>praedium</strong></span> <span class='ocrx_word' id='word_1_319' title='bbox 789 4723 941 4797; x_wconf 72' lang='lat' dir='ltr'><strong>notabile</strong></span> <span class='ocrx_word' id='word_1_320' title='bbox 967 4724 1171 4797; x_wconf 80' lang='lat' dir='ltr'><strong>monasterii</strong></span> <span class='ocrx_word' id='word_1_321' title='bbox 1199 4721 1463 4813; x_wconf 69' lang='lat' dir='ltr'><strong>(hisdenensis,</strong></span> <span class='ocrx_word' id='word_1_322' title='bbox 1481 4720 1526 4807; x_wconf 25' lang='lat' dir='ltr'><strong>‘ln</strong></span> <span class='ocrx_word' id='word_1_323' title='bbox 1553 4727 1626 4793; x_wconf 81' lang='lat' dir='ltr'><strong>tres</strong></span> <span class='ocrx_word' id='word_1_324' title='bbox 1653 4740 1793 4811; x_wconf 87' lang='lat' dir='ltr'><strong>campos</strong></span> <span class='ocrx_word' id='word_1_325' title='bbox 1864 4714 1870 4722; x_wconf 83' lang='lat'>&#39;</span> 
     </span>
    </p>
   </div>
   <div class='ocr_carea' id='block_1_11' title="bbox 235 4840 1931 4935">
    <p class='ocr_par' dir='ltr' id='par_1_12' title="bbox 235 4840 1931 4935">
     <span class='ocr_line' id='line_1_32' title="bbox 235 4840 1931 4935; baseline -0.004 -19"><span class='ocrx_word' id='word_1_326' title='bbox 235 4844 397 4933; x_wconf 83' lang='lat' dir='ltr'><strong>divisum,</strong></span> <span class='ocrx_word' id='word_1_327' title='bbox 423 4851 461 4917; x_wconf 92' lang='lat' dir='ltr'><strong>et</strong></span> <span class='ocrx_word' id='word_1_328' title='bbox 487 4845 697 4917; x_wconf 83' lang='lat' dir='ltr'><strong>monasterio</strong></span> <span class='ocrx_word' id='word_1_329' title='bbox 724 4843 952 4917; x_wconf 64' lang='lat' dir='ltr'><strong>darnuensi</strong></span> <span class='ocrx_word' id='word_1_330' title='bbox 978 4844 1186 4935; x_wconf 82' lang='lat' dir='ltr'><strong>proximum,</strong></span> <span class='ocrx_word' id='word_1_331' title='bbox 1203 4842 1453 4935; x_wconf 83' lang='lat' dir='ltr'><strong>subparochia</strong></span> <span class='ocrx_word' id='word_1_332' title='bbox 1469 4842 1513 4914; x_wconf 88' lang='lat' dir='ltr'><strong>de</strong></span> <span class='ocrx_word' id='word_1_333' title='bbox 1531 4840 1653 4915; x_wconf 85' lang='lat' dir='ltr'><strong>Gora</strong></span> <span class='ocrx_word' id='word_1_334' title='bbox 1679 4841 1795 4930; x_wconf 69' lang='lat' dir='ltr'><strong>sitnm</strong></span> <span class='ocrx_word' id='word_1_335' title='bbox 1926 4898 1931 4909; x_wconf 73' lang='grc'><strong>,</strong></span> 
     </span>
    </p>
   </div>
   <div class='ocr_carea' id='block_1_12' title="bbox 234 4962 1794 5300">
    <p class='ocr_par' dir='ltr' id='par_1_13' title="bbox 234 4962 1794 5300">
     <span class='ocr_line' id='line_1_33' title="bbox 238 4962 1794 5057; baseline -0.003 -19"><span class='ocrx_word' id='word_1_336' title='bbox 238 4988 283 5038; x_wconf 83' lang='lat' dir='ltr'><strong>ex</strong></span> <span class='ocrx_word' id='word_1_337' title='bbox 323 4986 395 5055; x_wconf 84' lang='lat' dir='ltr'><strong>quo</strong></span> <span class='ocrx_word' id='word_1_338' title='bbox 427 4963 639 5039; x_wconf 75' lang='lat' dir='ltr'><strong>nonmterio</strong></span> <span class='ocrx_word' id='word_1_339' title='bbox 673 4966 977 5038; x_wconf 82' lang='lat' dir='ltr'><strong>Snecnechoviensi</strong></span> <span class='ocrx_word' id='word_1_340' title='bbox 1011 4967 1223 5057; x_wconf 80' lang='lat' dir='ltr'><strong>proveniunt</strong></span> <span class='ocrx_word' id='word_1_341' title='bbox 1257 4964 1430 5057; x_wconf 89' lang='lat' dir='ltr'><strong>plurimae</strong></span> <span class='ocrx_word' id='word_1_342' title='bbox 1463 4962 1722 5039; x_wconf 79' lang='lat' dir='ltr'><strong>commoditates</strong></span> <span class='ocrx_word' id='word_1_343' title='bbox 1758 4966 1794 5033; x_wconf 89' lang='lat' dir='ltr'><strong>et</strong></span> 
     </span>
     <span class='ocr_line' id='line_1_34' title="bbox 234 5082 1793 5178; baseline -0.003 -19"><span class='ocrx_word' id='word_1_344' title='bbox 234 5088 380 5178; x_wconf 77' lang='lat' dir='ltr'><strong>tructus,</strong></span> <span class='ocrx_word' id='word_1_345' title='bbox 405 5088 441 5164; x_wconf 84' lang='lat' dir='ltr'><strong>io</strong></span> <span class='ocrx_word' id='word_1_346' title='bbox 469 5108 538 5178; x_wconf 71' lang='lat' dir='ltr'><strong>quo</strong></span> <span class='ocrx_word' id='word_1_347' title='bbox 564 5107 709 5178; x_wconf 64' lang='lat' dir='ltr'><strong>megum</strong></span> <span class='ocrx_word' id='word_1_348' title='bbox 735 5093 818 5159; x_wconf 83' lang='lat' dir='ltr'><strong>sunt</strong></span> <span class='ocrx_word' id='word_1_349' title='bbox 843 5093 880 5159; x_wconf 88' lang='lat' dir='ltr'><strong>et</strong></span> <span class='ocrx_word' id='word_1_350' title='bbox 900 5105 1067 5178; x_wconf 86' lang='lat' dir='ltr'><strong>pecormn</strong></span> <span class='ocrx_word' id='word_1_351' title='bbox 1096 5092 1263 5174; x_wconf 79' lang='lat' dir='ltr'><strong>mmcnta</strong></span> <span class='ocrx_word' id='word_1_352' title='bbox 1290 5086 1378 5158; x_wconf 82' lang='lat' dir='ltr'><strong>Item</strong></span> <span class='ocrx_word' id='word_1_353' title='bbox 1405 5104 1447 5157; x_wconf 83' lang='lat' dir='ltr'><strong>ax</strong></span> <span class='ocrx_word' id='word_1_354' title='bbox 1475 5085 1570 5176; x_wconf 79' lang='lat' dir='ltr'><strong>agris</strong></span> <span class='ocrx_word' id='word_1_355' title='bbox 1596 5082 1793 5157; x_wconf 80' lang='lat' dir='ltr'><strong>huiusmodi</strong></span> 
     </span>
     <span class='ocr_line' id='line_1_35' title="bbox 235 5204 1793 5300; baseline -0.002 -23"><span class='ocrx_word' id='word_1_356' title='bbox 235 5207 374 5300; x_wconf 83' lang='lat' dir='ltr'><strong>praedii</strong></span> <span class='ocrx_word' id='word_1_357' title='bbox 408 5210 656 5283; x_wconf 71' lang='lat' dir='ltr'><strong>monasterium</strong></span> <span class='ocrx_word' id='word_1_358' title='bbox 692 5208 928 5281; x_wconf 80' lang='lat' dir='ltr'><strong>Ozirzicaenac</strong></span> <span class='ocrx_word' id='word_1_359' title='bbox 963 5228 1033 5280; x_wconf 89' lang='lat' dir='ltr'><strong>non</strong></span> <span class='ocrx_word' id='word_1_360' title='bbox 1068 5208 1176 5280; x_wconf 76' lang='lat' dir='ltr'><strong>solvit</strong></span> <span class='ocrx_word' id='word_1_361' title='bbox 1210 5206 1313 5279; x_wconf 86' lang='lat' dir='ltr'><strong>alicui</strong></span> <span class='ocrx_word' id='word_1_362' title='bbox 1340 5206 1509 5279; x_wconf 85' lang='lat' dir='ltr'><strong>decimam</strong></span> <span class='ocrx_word' id='word_1_363' title='bbox 1534 5204 1793 5295; x_wconf 80' lang='lat' dir='ltr'><strong>manipularem,</strong></span> 
     </span>
    </p>
   </div>
   <div class='ocr_carea' id='block_1_13' title="bbox 134 5328 1305 5420">
    <p class='ocr_par' dir='ltr' id='par_1_14' title="bbox 134 5328 1305 5420">
     <span class='ocr_line' id='line_1_36' title="bbox 134 5328 1305 5420; baseline -0.003 -17"><span class='ocrx_word' id='word_1_364' title='bbox 134 5342 139 5353; x_wconf 91' lang='lat'>&#39;</span> <span class='ocrx_word' id='word_1_365' title='bbox 237 5328 302 5403; x_wconf 84' lang='lat' dir='ltr'><strong>sod</strong></span> <span class='ocrx_word' id='word_1_366' title='bbox 328 5349 404 5406; x_wconf 78' lang='lat' dir='ltr'><strong>eom</strong></span> <span class='ocrx_word' id='word_1_367' title='bbox 432 5350 499 5420; x_wconf 80' lang='lat' dir='ltr'><strong>pm</strong></span> <span class='ocrx_word' id='word_1_368' title='bbox 524 5351 563 5403; x_wconf 86' lang='lat' dir='ltr'><strong>se</strong></span> <span class='ocrx_word' id='word_1_369' title='bbox 588 5330 692 5419; x_wconf 84' lang='lat' dir='ltr'><strong>tollit,</strong></span> <span class='ocrx_word' id='word_1_370' title='bbox 717 5335 754 5402; x_wconf 86' lang='lat' dir='ltr'><strong>et</strong></span> <span class='ocrx_word' id='word_1_371' title='bbox 780 5330 818 5400; x_wconf 88' lang='lat' dir='ltr'><strong>in</strong></span> <span class='ocrx_word' id='word_1_372' title='bbox 844 5329 1008 5403; x_wconf 81' lang='lat' dir='ltr'><strong>horreum</strong></span> <span class='ocrx_word' id='word_1_373' title='bbox 1035 5349 1136 5415; x_wconf 85' lang='lat' dir='ltr'><strong>suum</strong></span> <span class='ocrx_word' id='word_1_374' title='bbox 1163 5328 1305 5401; x_wconf 73' lang='lat' dir='ltr'><strong>indaa&#39;t</strong></span> 
     </span>
    </p>
   </div>
   <div class='ocr_carea' id='block_1_14' title="bbox 234 5440 1796 5787">
    <p class='ocr_par' dir='ltr' id='par_1_15' title="bbox 234 5440 1796 5787">
     <span class='ocr_line' id='line_1_37' title="bbox 342 5440 1796 5549; baseline -0.002 -27"><span class='ocrx_word' id='word_1_375' title='bbox 342 5449 518 5540; x_wconf 70' lang='lat' dir='ltr'><strong>smnus,</strong></span> <span class='ocrx_word' id='word_1_376' title='bbox 544 5450 627 5523; x_wconf 81' lang='lat' dir='ltr'><strong>villa</strong></span> <span class='ocrx_word' id='word_1_377' title='bbox 662 5452 727 5523; x_wconf 84' lang='lat' dir='ltr'><strong>snb</strong></span> <span class='ocrx_word' id='word_1_378' title='bbox 753 5450 920 5542; x_wconf 77' lang='lat' dir='ltr'><strong>parocbia</strong></span> <span class='ocrx_word' id='word_1_379' title='bbox 945 5450 1111 5522; x_wconf 85' lang='lat' dir='ltr'><strong>ecclesiae</strong></span> <span class='ocrx_word' id='word_1_380' title='bbox 1138 5450 1182 5521; x_wconf 90' lang='lat' dir='ltr'><strong>de</strong></span> <span class='ocrx_word' id='word_1_381' title='bbox 1209 5447 1334 5527; x_wconf 77' lang='lat' dir='ltr'><strong>Gora</strong></span> <span class='ocrx_word' id='word_1_382' title='bbox 1359 5448 1446 5539; x_wconf 83' lang='lat' dir='ltr'><strong>sito,</strong></span> <span class='ocrx_word' id='word_1_383' title='bbox 1474 5448 1572 5549; x_wconf 80' lang='lat' dir='ltr'><strong>cuins</strong></span> <span class='ocrx_word' id='word_1_384' title='bbox 1598 5440 1796 5538; x_wconf 82' lang='lat' dir='ltr'><strong>proprietas</strong></span> 
     </span>
     <span class='ocr_line' id='line_1_38' title="bbox 234 5566 1796 5662; baseline -0.004 -18"><span class='ocrx_word' id='word_1_385' title='bbox 234 5572 281 5644; x_wconf 83' lang='lat' dir='ltr'><strong>ad</strong></span> <span class='ocrx_word' id='word_1_386' title='bbox 308 5572 557 5644; x_wconf 84' lang='lat' dir='ltr'><strong>monasterium</strong></span> <span class='ocrx_word' id='word_1_387' title='bbox 592 5568 827 5645; x_wconf 85' lang='lat' dir='ltr'><strong>Gzirziczense</strong></span> <span class='ocrx_word' id='word_1_388' title='bbox 862 5572 1034 5662; x_wconf 90' lang='lat' dir='ltr'><strong>pertinet,</strong></span> <span class='ocrx_word' id='word_1_389' title='bbox 1061 5571 1097 5643; x_wconf 95' lang='lat' dir='ltr'><strong>in</strong></span> <span class='ocrx_word' id='word_1_390' title='bbox 1126 5592 1195 5662; x_wconf 90' lang='lat' dir='ltr'><strong>qua</strong></span> <span class='ocrx_word' id='word_1_391' title='bbox 1229 5591 1298 5645; x_wconf 94' lang='lat' dir='ltr'><strong>non</strong></span> <span class='ocrx_word' id='word_1_392' title='bbox 1326 5575 1408 5642; x_wconf 86' lang='lat' dir='ltr'><strong>sunt</strong></span> <span class='ocrx_word' id='word_1_393' title='bbox 1434 5566 1524 5641; x_wconf 88' lang='lat' dir='ltr'><strong>lanei</strong></span> <span class='ocrx_word' id='word_1_394' title='bbox 1553 5568 1796 5658; x_wconf 79' lang='lat' dir='ltr'><strong>emetbonales,</strong></span> 
     </span>
     <span class='ocr_line' id='line_1_39' title="bbox 235 5688 1796 5787; baseline -0.004 -16"><span class='ocrx_word' id='word_1_395' title='bbox 235 5694 300 5771; x_wconf 77' lang='lat' dir='ltr'><strong>ord</strong></span> <span class='ocrx_word' id='word_1_396' title='bbox 327 5698 409 5768; x_wconf 82' lang='lat' dir='ltr'><strong>sunt</strong></span> <span class='ocrx_word' id='word_1_397' title='bbox 436 5695 514 5784; x_wconf 75' lang='lat' dir='ltr'><strong>agri</strong></span> <span class='ocrx_word' id='word_1_398' title='bbox 539 5694 578 5767; x_wconf 88' lang='lat' dir='ltr'><strong>in</strong></span> <span class='ocrx_word' id='word_1_399' title='bbox 601 5701 683 5767; x_wconf 81' lang='lat' dir='ltr'><strong>tres</strong></span> <span class='ocrx_word' id='word_1_400' title='bbox 703 5694 920 5787; x_wconf 75' lang='lat' dir='ltr'><strong>hortolanias</strong></span> <span class='ocrx_word' id='word_1_401' title='bbox 946 5692 1114 5785; x_wconf 82' lang='lat' dir='ltr'><strong>distincti,</strong></span> <span class='ocrx_word' id='word_1_402' title='bbox 1141 5693 1225 5767; x_wconf 77' lang='lat' dir='ltr'><strong>imo</strong></span> <span class='ocrx_word' id='word_1_403' title='bbox 1251 5692 1391 5771; x_wconf 66' lang='grc' dir='ltr'><strong>Ιώοεον</strong></span> <span class='ocrx_word' id='word_1_404' title='bbox 1417 5691 1555 5785; x_wconf 71' lang='lat' dir='ltr'><strong>faciunt,</strong></span> <span class='ocrx_word' id='word_1_405' title='bbox 1578 5712 1687 5763; x_wconf 81' lang='lat' dir='ltr'><strong>unum</strong></span> <span class='ocrx_word' id='word_1_406' title='bbox 1705 5688 1796 5766; x_wconf 86' lang='lat' dir='ltr'><strong>diem</strong></span> 
     </span>
    </p>
   </div>
   <div class='ocr_carea' id='block_1_15' title="bbox 0 0 2271 6592">
    <p class='ocr_par' dir='ltr' id='par_1_16' title="bbox 0 0 2271 6592">
     <span class='ocr_line' id='line_1_40' title="bbox 0 0 2271 6592; baseline 0 0"><span class='ocrx_word' id='word_1_407' title='bbox 0 0 2271 6592; x_wconf 95' lang='lat' dir='ltr'><strong> </strong></span> 
     </span>
    </p>
   </div>
  </div>
 </body>
</html>
