4492 6592
1561 719 1568 726 ’
1676 770 1804 844 aaa.

197 971 279 1044 item
317 969 553 1072 molendinum
581 991 648 1046 non
677 978 731 1046 est
758 971 816 1046 ibi.
852 973 1012 1048 Confluat
1038 973 1379 1070 cum-Konalye,
1405 951 1751 1071 Pyeezeuyagy‚

196 1092 482 1183 llikowicze,
509 1093 887 1184 Meczeyowicze.
1101 1177 1103 1186 ¹
1744 1079 1750 1090 ’

299 1205 642 1287 Ornnruuowucz'a
669 1216 762 1288 cirea
788 1215 1161 1306 Scarbimiriam,
1189 1219 1272 1290 villa
1298 1219 1363 1323 sub
1390 1219 1556 1308 parocbia
1582 1220 1749 1292 ecclesiae

195 1333 236 1408 de
263 1332 599 1427 Cayarnoozyn
628 1337 705 1408 sita.
732 1337 772 1408 ln
801 1358 869 1428 qua
894 1343 976 1408 sunt
1002 1343 1135 1427 septem
1161 1339 1253 1410 lanei
1280 1340 1523 1437 cmethonales,
1550 1347 1587 1411 et
1605 1341 1752 1431 quilibet

194 1454 298 1526 solvit
326 1475 393 1545 pro
420 1476 525 1528 censu
552 1456 701 1528 sedecim
737 1463 886 1545 scottos,
914 1450 997 1530 ite'm
1025 1459 1172 1548 quilibet
1196 1459 1334 1531 laborat
1360 1460 1395 1530 in
1422 1461 1618 1550 septimana
1643 1484 1749 1534 uuum

193 1577 283 1648 diem
311 1579 456 1666 proprio
483 1597 587 1653 curru
614 1584 675 1650 aut
701 1585 830 1668 mairo,
857 1579 940 1650 item
967 1579 1131 1684 ducturas
1157 1579 1298 1670 iaciunt,
1325 1602 1393 1671 quo
1419 1581 1488 1652 illis
1506 1581 1689 1654 mandatur
1705 1583 1750 1654 ad

194 1698 368 1770 rationem
404 1699 558 1788 dierum,
594 1700 676 1770 item
713 1704 876 1770 tenentur
911 1699 1073 1772 laborare
1100 1699 1235 1772 duabus
1262 1703 1438 1791 personis,
1466 1703 1553 1774 duas
1578 1701 1749 1798 parabas,

194 1839 296 1890 unam
334 1840 399 1909 pro
427 1839 527 1908 rere,
554 1819 700 1918 alteram
727 1841 791 1909 pro
818 1820 960 1912 hyeme,
988 1821 1070 1892 item
1098 1821 1245 1912 quilibet
1270 1823 1375 1894 solvit
1400 1823 1444 1894 de
1470 1823 1570 1894 laneo
1598 1830 1750 1914 quatuor

195 1940 314 2030 gallos,
342 1961 462 2013 casem
489 1947 605 2012 autem
632 1963 700 2013 non
728 1942 884 2031 solvunt,
911 1961 1022 2032 neque
1049 1962 1132 2032 ova,
1165 1963 1276 2033 neque
1310 1963 1476 2032 arenam3
1511 1945 1593 2016 item
1621 1950 1675 2015 est
1701 1944 1750 2017 ibi

196 2083 261 2133 nna
296 2063 448 2134 taberna
483 2063 614 2134 babens
647 2081 768 2152 Quos,
795 2070 832 2134 et
867 2063 972 2136 solvit
1004 2083 1066 2153 pro
1094 2083 1200 2136 censu
1226 2083 1329 2134 unam
1357 2084 1508 2138 marcam
1534 2070 1571 2136 et
1597 2070 1748 2154 quatuor

195 2183 313 2272 gallos,
341 2190 380 2256 et
406 2184 451 2256 ad
478 2183 667 2274 quamlibet
692 2183 872 2278 mendam
907 2205 983 2256 cum
1011 2206 1079 2256 una
1105 2204 1257 2291 perseum
1282 2191 1423 2256 tenetur
1449 2186 1632 2274 laborare,
1659 2205 1750 2256 ome·
1897 2228 1921 2246 f.

196 2305 318 2376 thanes
345 2302 527 2399 pwubam
552 2325 630 2376 cum
657 2304 791 2376 duabus
813 2305 990 2394 personis3
1017 2305 1099 2376 item
1117 2309 1192 2376 tre's
1210 2305 1431 2376 bortulauiae
1448 2306 1618 2377 habentes
1635 2325 1750 2395 agros,

197 2425 279 2496 nibil
307 2425 458 2516 solvunt,
486 2424 548 2496 sed
574 2425 814 2498 tantummodo
841 2445 944 2496 uuum
972 2424 1062 2496 diem
1089 2425 1126 2496 in
1153 2426 1348 2514 septimana
1373 2425 1553 2516 pedestres
1579 2426 1749 2498 laborant.

198 2546 281 2618 Item
318 2553 377 2618 ost
413 2547 461 2618 ibi
497 2567 601 2619 unum
637 2546 817 2645 praedium
845 2545 1059 2635 coenobiale,
1086 2545 1131 2616 de
1157 2567 1225 2636 quo
1252 2547 1419 2618 decimam
1446 2547 1544 2618 nulli-
1559 2546 1660 2637 daut,
1687 2547 1749 2618 sed
1813 2596 1816 2605 -

199 2687 269 2740 eam
297 2687 364 2757 pro
392 2689 429 2738 se
455 2667 603 2756 tollunt;
628 2667 713 2738 item
747 2687 866 2739 omnes
893 2667 969 2756 agri
996 2667 1249 2757 cmethonales,
1276 2668 1444 2740 tabernae
1470 2672 1507 2738 et
1532 2668 1747 2739 bortulauia-

198 2809 280 2878 rum,
308 2789 451 2860 solvunt
476 2794 513 2860 et
538 2787 735 2860 conducunt
761 2787 926 2858 decimam
955 2787 1203 2876 manipularem
1230 2795 1267 2858 et
1293 2787 1502 2877 canapalem,
1534 2809 1598 2877 pro
1629 2808 1749 2860 mona·
1843 2867 1851 2882 ,

134 2995 139 3004 ,
200 2910 301 2980 sterio
338 2908 556 2997 Thinciensi,
591 2914 628 2980 et
663 2907 761 2980 vulor
796 2909 871 2980 eius
906 2908 1112 2978 aestimatur
1147 2907 1192 2978 ad
1218 2913 1297 2980 octo
1323 2926 1466 2980 marcas.
1505 2907 1591 2979 Item
1617 2915 1674 2980 est
1699 2908 1748 2978 ibi

199 3034 332 3119 pratum
361 3031 530 3120 optimum
558 3035 594 3101 et
619 3029 747 3118 latum,
774 3033 811 3100 et
837 3049 906 3100 nna
932 3027 1109 3119 piscinula.
1146 3026 1308 3100 Ooufinat
1334 3049 1411 3100 cum
1438 3027 1749 3120 Gzarnoczyu,

201 3149 420 3242 Korytho,
446 3150 719 3238 Janowicze,
737 3147 1015 3238 Szuszlicze,
1033 3147 1317 3240 Krampicze,
1335 3148 1614 3240 Kobylniky,
1632 3147 1749 3240 Saye-

203 3271 364 3344 szelow
392 3277 429 3342 et
454 3267 614 3367 uppazdy
640 3275 721 3342 sunt
748 3270 875 3359 ubique
902 3270 994 3340 inter
1020 3269 1131 3340 villas.

299 3390 633 3462 Orrurnuowrozn
661 3410 769 3481 prope
795 3388 1089 3480 Andrzeyow,
1116 3389 1199 3460 villa
1225 3391 1290 3462 sub
1316 3390 1481 3480 parocbia
1497 3390 1542 3462 de
1560 3388 1750 3462 Grodzi-

203 3531 251 3582 na
277 3511 353 3582 sita.
395 3511 434 3581 In
462 3532 530 3601 qua
562 3501 646 3582 sunt
681 3517 813 3600 septem
850 3511 941 3582 lanei
977 3511 1232 3601 omethonaleS,
1267 3517 1304 3582 et
1330 3511 1477 3601 quilibet
1512 3510 1618 3583 solvit
1644 3531 1750 3582 uuam

111 3667 112 3670 ¹
204 3651 357 3720 marcam,
385 3637 423 3702 et
448 3632 535 3703 duos
562 3631 686 3704 choros
713 3631 861 3721 siliginis
888 3637 925 3702 et
951 3637 1102 3720 quatuor
1129 3651 1270 3720 arenae,
1297 3633 1379 3702 itam
1407 3652 1475 3703 ora
1492 3632 1650 3722 triginta,
1667 3633 1751 3702 item

204 3751 306 3842 gallos
341 3753 468 3843 dnos,
486 3753 567 3824 item
604 3772 742 3824 caseum
778 3773 903 3842 unum;
939 3752 1021 3823 item
1049 3751 1209 3824 laborant
1234 3753 1325 3822 diem
1352 3774 1457 3824 unum
1485 3753 1521 3822 in
1548 3752 1751 3842 septimana,

206 3875 340 3965 proprio
378 3895 482 3946 curru
519 3879 580 3946 aut
616 3879 753 3964 aratro;
789 3873 871 3946 item
897 3870 1076 3968 peccabo-m
1103 3893 1172 3944 non
1199 3873 1379 3963 laborant,
1406 3874 1488 3944 item
1516 3894 1654 3968 oanzyep
1682 3893 1750 3944 nou

206 3995 355 4102 solrnnt3
383 3996 465 4068 item
493 3996 639 4068 taberna
665 4016 734 4067 una
761 3995 893 4086 babens
919 4015 1032 4084 agros,
1061 3993 1166 4066 solvit
1190 3991 1278 4064 duas
1301 3976 1433 4064 marcas
1450 4015 1515 4083 pro
1535 4014 1649 4082 censu,
1668 3994 1750 4064 item

206 4115 418 4190 hortulaniae
446 4121 595 4207 quatuor
622 4137 690 4190 non
718 4099 857 4186 solvunt
882 4131 1034 4204 censum,
1060 4115 1121 4184 sed
1149 4115 1309 4186 laborant
1334 4114 1471 4204 quando
1488 4115 1539 4186 eis
1557 4113 1750 4186 mandatur.
1815 4188 1819 4196 ,

206 4238 285 4310 llam
310 4238 490 4330 praedium
517 4243 571 4310 est
598 4239 646 4310 ibi
673 4235 881 4324 coenobiale,
908 4235 951 4306 de
978 4236 1130 4326 quinque
1155 4235 1283 4324 laneis,
1309 4241 1354 4306 et
1373 4235 1620 4308 monasterium
1651 4233 1747 4307 tollit
1846 4248 1849 4259 ·

209 4359 365 4434 decimam
393 4360 437 4430 de
462 4359 523 4431 illo
548 4378 612 4449 pro
640 4379 686 4430 se.
712 4358 800 4430 Item
827 4375 946 4428 omnes
972 4357 1048 4445 agri
1075 4355 1178 4427 villae
1204 4356 1345 4427 solvunt
1370 4361 1406 4427 et
1432 4355 1629 4428 conducunt
1654 4355 1749 4428 deci-

211 4499 289 4552 mam
316 4481 567 4571 manipularem
602 4484 638 4551 et
673 4478 872 4569 canapalem
907 4498 971 4568 pro
998 4477 1123 4550 abbate
1150 4482 1186 4548 et
1212 4477 1424 4548 monasterio
1452 4475 1689 4567 Tbincziensi,
1704 4482 1752 4548 et

212 4583 300 4674 valor
325 4603 401 4674 eius
437 4601 641 4674 aestimatur
676 4600 720 4670 ad
755 4604 887 4690 septem
922 4617 1066 4670 marcas.
1101 4597 1189 4668 Item
1217 4597 1449 4668 molendinum
1475 4603 1530 4668 est
1555 4598 1605 4668 ibi
1633 4618 1752 4669 mona-

213 4723 318 4814 sterii,
354 4722 447 4814 quod
480 4722 585 4796 solvit
620 4725 793 4794 metretas.
838 4717 1108 4803 Confluateum
1149 4715 1404 4809 Grodzina,
1439 4717 1752 4810 Sandowicze,

214 4835 591 4936 Nyegoslawicze,
618 4839 1021 4932 Oppathlrouicze,
1048 4839 1243 4931 Mogyle,
1262 4838 1751 4930 GrodzinskaWolya,

215 4961 364 5038 Mrulro
373 4989 414 5038 w.
550 5009 553 5014 2

306 5087 529 5175 Monuzuur,
557 5084 639 5158 villa
664 5083 729 5158 sub
755 5083 921 5174 parochia
947 5083 990 5154 de
1017 5081 1289 5172 Xangnicue
1315 5084 1403 5173 sita,
1430 5083 1529 5154 cuins
1554 5081 1751 5172 proprietas

218 5224 272 5292 pro
296 5209 407 5280 media
433 5213 534 5298 parte
560 5206 605 5279 ad
633 5206 878 5277 monasterium
907 5203 1111 5276 Thinciense
1130 5205 1292 5294 pertinet.
1318 5203 1359 5274 Iu
1377 5224 1445 5293 qua
1463 5208 1544 5275 sunt
1562 5207 1641 5272 octo
1659 5201 1751 5272 lanei

219 5328 447 5418 cmetbonaleS,
474 5333 510 5399 et
525 5327 684 5418 ¹quilibet
711 5326 815 5398 solvit
840 5346 904 5415 pro
932 5345 1036 5394 censu
1064 5345 1168 5396 unam
1187 5343 1405 5414 sexagenum,
1424 5329 1563 5412 praeter
1580 5327 1750 5412 octavum,

220 5447 269 5533 qui
293 5449 393 5521 solvit
417 5455 498 5520 octo
525 5467 679 5536 mercna,
706 5447 764 5537 qui
791 5446 918 5516 dicitur
945 5444 1298 5532 Szeczkowslry,
1326 5443 1385 5532 qui
1411 5463 1434 5513 a
1458 5443 1636 5514 laboribus
1662 5439 1767 5514 liber¹

219 5573 282 5655 est,
305 5571 384 5642 item
411 5591 477 5642 ova
503 5569 658 5658 triginta,
685 5569 768 5639 item
794 5567 905 5657 gallos
931 5565 1032 5653 duos;
1060 5566 1142 5634 item
1160 5584 1279 5635 caseos
1297 5585 1366 5634 non
1385 5563 1532 5654 solvunt,
1552 5564 1635 5635 item
1652 5563 1750 5636 labo-

219 5693 286 5760 rant
309 5696 380 5764 tres
407 5677 482 5762 dies
508 5691 545 5762 in
571 5691 782 5780 septimana,
809 5688 951 5777 proprio
978 5705 1083 5756 curru
1111 5691 1172 5754 aut
1199 5689 1335 5773 aratro,
1362 5685 1446 5756 item
1472 5683 1654 5778 pozoubam
1680 5706 1751 5756 non
