4492 6592
363 674 742 801 ⁴aaa⁸

342 924 345 936 '
442 957 445 962 ·
483 942 547 1011 pro
573 920 784 993 monasterio
810 919 1096 1010 Andrzeoriensi,
1121 925 1160 1011 et
1184 921 1282 993 valor
1308 922 1383 993 eins
1411 893 1616 995 aestimatur
1634 923 1679 995 ad
1698 979 1705 993 .
1725 978 1732 993 .
1752 978 1759 993 .
1778 943 1920 995 marcae.
1945 923 2044 993 Item

482 1041 639 1136 taberna,
666 1041 750 1113 item
777 1041 964 1129 hortulani,
990 1042 1074 1113 item
1101 1041 1362 1132 praedium...

456 1352 684 1453 'Decimae
717 1372 1000 1475 manlpularea
1032 1374 1276 1452 monasterii
1309 1333 1694 1474 Andrzeovienaia,
1729 1394 1805 1481 per
1839 1374 2042 1453 Maurum

483 1533 528 1607 at
560 1526 844 1607 lladoatonom
876 1534 922 1608 at
953 1526 1203 1609 Gedoooem
1235 1530 1466 1632 episcopua
1488 1519 1806 1611 Graeculorum
1838 1529 2043 1609 donatae.

587 1762 841 1854 Mauowrczn,
869 1763 952 1835 villa
979 1764 1043 1837 sub
1067 1763 1236 1853 parochia
1262 1764 1306 1837 de
1325 1818 1332 1833 .
1351 1818 1358 1835 .
1377 1818 1385 1833 .
1403 1765 1479 1837 sita.
1505 1764 1545 1836 In
1573 1786 1642 1855 qua
1668 1769 1750 1837 snnt
1776 1766 1866 1837 lanei
1884 1765 2047 1837 alnotho-

464 1884 589 1976 ιιι(1((,
614 1890 651 1957 (1
677 1884 721 1957 (1(
747 1885 907 1957 omnibus
934 1884 1082 1956 solvitur
1108 1889 1146 1955 et
1172 1884 1376 1957 conducitur
1401 1884 1534 1957 decima
1560 1886 1784 1975 manipularis
1803 1890 1840 1956 et
1856 1886 2045 1975 canapalis

481 2006 546 2094 pro
573 2006 781 2077 monasterio
807 2004 1090 2093 Andmeovienai,
1117 2010 1155 2075 (1
1181 2005 1280 2077 valor
1306 2006 1381 2077 eius
1408 2008 1613 2097 aestimatur
1630 2006 1701 2079 ad.
1721 2061 1728 2077 .
1749 2062 1755 2077 .
1774 2027 1917 2077 marcas.
1945 2006 2044 2077 Item

482 2125 658 2215 tabernae,
685 2126 766 2197 item
793 2125 980 2215 hortulani,
1007 2125 1090 2197 item
1117 2124 1379 2215 praedium...

587 2243 901 2335 Paznnrnsnawr,
928 2245 1013 2317 villa
1039 2246 1105 2316 sub
1131 2246 1297 2335 parochia
1323 2246 1366 2318 (1(
1385 2300 1392 2317 .
1412 2302 1418 2315 .
1439 2300 1446 2316 .
1465 2247 1609 2341 sicano
1638 2268 1707 2337 qua
1734 2252 1815 2319 sunt
1833 2248 1925 2319 lanei
1942 2268 2043 2317 ome·

347 2408 351 2415 -
481 2364 651 2456 thonales,
677 2370 713 2439 et
738 2365 782 2438 de
808 2366 967 2437 omnimo
983 2365 1143 2437 ¹soluitur
1170 2372 1206 2437 et
1234 2362 1438 2437 conducitur
1465 2367 1599 2439 decium
1624 2368 1850 2458 manipularis
1877 2374 1912 2439 et
1931 2388 2043 2439 cana-

481 2486 574 2574 palia
597 2507 666 2576 pro
687 2487 899 2560 monmterio
925 2484 1209 2577 Andraeovienai,
1235 2493 1272 2558 et
1298 2488 1396 2559 valor
1423 2488 1498 2559 eius
1521 2490 1726 2559 aestimatur
1745 2489 1787 2561 ad
1810 2544 1816 2558 .
1838 2545 1844 2558 .
1864 2544 1870 2557 .
1890 2497 2043 2561 marcae

480 2606 569 2678 Item
595 2607 772 2697 tabernac,
799 2610 881 2677 item
907 2606 1094 2696 hortulani,
1121 2606 1204 2677 item
1231 2606 1490 2697 praedium...

585 2725 746 2817 Gouaar,
774 2727 856 2799 villa
882 2700 947 2798 suo
974 2727 1140 2817 parochia
1166 2727 1209 2797 de
1228 2782 1235 2797 .
1255 2782 1262 2797 .
1281 2781 1289 2797 .
1307 2728 1384 2799 sita.
1410 2728 1451 2803 ln
1478 2749 1547 2819 qua
1573 2733 1654 2801 suot
1680 2729 1770 2801 lanei
1790 2730 2043 2817 cmethonales,

481 2852 518 2920 et
542 2846 587 2919 (1(
612 2848 770 2919 omnibus
806 2846 955 2919 solvitur
990 2852 1028 2919 et
1053 2848 1258 2919 conducitur
1285 2848 1418 2921 decima
1452 2849 1679 2938 manipularis
1706 2855 1742 2920 et
1768 2850 1942 2940 canapulis
1969 2872 2042 2941 pro

480 2968 689 3039 monasterio
716 2960 998 3057 Andraeovienai‚
1025 2973 1062 3039 et
1087 2968 1187 3039 valor
1212 2970 1288 3040 eius
1316 2969 1523 3041 aestimatur
1548 2970 1592 3041 od
1611 3024 1754 3041 ......
1771 2992 1916 3043 marcas.
1943 2972 2038 3043 Item

395 3072 399 3079 ’
480 3088 636 3178 taberna,
664 3089 746 3159 item
775 3089 963 3179 hortulani,
990 3089 1074 3161 item
1101 3089 1361 3183 praedium...

437 3186 441 3199 ’
586 3207 796 3297 Mrcnowo,
822 3208 907 3280 villa
932 3209 997 3282 sub
1023 3209 1191 3300 parochia
1217 3209 1381 3281 ecclesiae
1409 3209 1508 3283 de..
1531 3212 1633 3282 .aita
1669 3212 1708 3281 ln
1736 3232 1805 3305 qna
1832 3218 1914 3283 (ιιιι1
1898 3213 2037 3283 tlanei

481 3328 730 3417 auctionales,
757 3333 794 3399 et
827 3329 872 3400 de
906 3331 1065 3403 omnibns
1102 3330 1250 3403 solvitur
1286 3335 1322 3402 et
1353 3330 1557 3403 conducitur
1584 3331 1716 3403 decima
1742 3332 1968 3423 manipularis
1995 3338 2037 3403 et

481 3448 658 3538 canapalis
683 3469 748 3538 pro
774 3450 986 3521 monasterio
1013 3450 1304 3541 Andrzeoviensi,
1332 3458 1368 3524 et
1394 3452 1492 3523 valor
1518 3452 1592 3523 cius
1620 3453 1827 3525 aestimatur
1853 3454 1898 3525 ad
1917 3506 2037 3523 .....

417 3605 422 3619 =
480 3588 624 3641 marcae.
651 3568 739 3641 Item
766 3570 922 3660 taberna,
948 3571 1032 3641 item
1059 3572 1246 3661 hortulani,
1274 3572 1357 3645 item
1384 3571 1647 3661 praedium...

583 3687 821 3780 Wrooaowo,
847 3691 930 3762 villa
956 3692 1020 3763 suo
1047 3692 1212 3782 parochia
1239 3692 1403 3763 ecclesiae
1430 3692 1475 3763 de
1493 3747 1500 3763 .
1519 3746 1526 3762 .
1546 3748 1552 3762 .
1572 3694 1648 3763 sita.
1675 3693 1716 3765 ln
1743 3714 1812 3785 qua
1838 3700 1921 3767 snut
1939 3694 2036 3765 lanei

272 3820 276 3828 '
356 3910 360 3918 ι
480 3810 731 3900 cmethonalea,
757 3817 795 3882 et
829 3812 872 3903 de
907 3812 1067 3885 omnibus
1103 3814 1251 3887 solvitur
1286 3818 1322 3883 et
1349 3802 1553 3885 conducitur
1584 3813 1717 3887 decima
1742 3814 1970 3905 manipularis
1995 3823 2037 3887 (1

480 3931 656 4021 canapalis
681 3953 746 4021 pro
772 3934 982 4005 monasterio
1009 3933 1291 4023 Andrzeoriensi
1319 3938 1356 4005 et
1381 3934 1479 4005 valor
1505 3935 1579 4007 eius
1606 3935 1809 4007 aestimatur
1827 3936 1873 4007 od
1892 3990 2035 4011 ......

478 4072 621 4123 marcas.
648 4052 738 4123 Item
763 4054 922 4142 taberna,
949 4054 1032 4125 item
1059 4054 1247 4143 hortulani,
1273 4054 1356 4125 item
1383 4054 1562 4144 praedium
1582 4110 1588 4123 .
1608 4110 1642 4125 ..

398 4414 402 4423 ·
482 4387 683 4469 Decimae
705 4393 813 4467 -troa
852 4386 1034 4468 donatae
1067 4388 1327 4471 monaaterlo
1346 4328 1695 4469 'Andrzeovlonal
1730 4411 1808 4492 par
1841 4388 2026 4469 Radoctlr

939 4546 1188 4649 aplacopurn
1220 4542 1568 4628 cracoviensem.

584 4782 761 4869 Bonown,
787 4780 871 4852 villa
897 4781 961 4851 sub
988 4781 1153 4871 parochia
1180 4780 1222 4852 de
1239 4779 1557 4879 ⁸(lrzanczicze
1585 4784 1660 4853 sita.
1687 4782 1727 4853 ln
1754 4804 1822 4875 qua
1840 4790 1923 4857 sunt
1939 4785 2032 4857 lanei

480 4903 733 4993 auctionales,
765 4906 801 4973 et
835 4903 879 4974 de
914 4901 1072 4973 omnibus
1108 4902 1254 4973 solvitur
1290 4908 1325 4973 et
1353 4902 1555 4975 conducitur
1582 4904 1714 4977 decima
1740 4906 1967 4995 manipularis
1994 4913 2030 4977 (1

479 5025 664 5117 caoapalio'
681 5026 891 5101 monasterio
917 5022 1201 5112 Andrzeoviensi,
1228 5029 1264 5095 et
1248 5022 1387 5095 tvalor
1413 5025 1487 5095 eius
1515 5030 1591 5096 aest
1592 5026 1675 5097 inat
1676 5046 1718 5097 ur
1659 5026 1840 5097 t..ad
1860 5048 2029 5099 marcas.

478 5149 580 5239 Item
592 5148 749 5236 taberna,
775 5146 858 5217 item
885 5145 1072 5234 hartmani,
1099 5144 1182 5217 item
1210 5144 1468 5234 praedium..

443 5286 449 5291 ’
583 5268 792 5359 Parumne,
819 5268 902 5341 villa
929 5268 993 5338 snb
1020 5268 1187 5357 parochla
1213 5267 1317 5337 de..
1337 5269 1448 5337 .sita.
1484 5268 1525 5339 In
1554 5288 1622 5359 qua
1649 5274 1730 5339 sunt
1714 5268 1848 5341 tlanei
1877 5206 2029 5341 cmetlro-

478 5392 586 5481 naleS,
612 5398 648 5463 et
674 5392 717 5463 de
744 5390 903 5465 omnibus
930 5372 1077 5461 solvitur
1103 5393 1139 5459 et
1165 5388 1369 5459 conducitur
1396 5388 1528 5461 decima
1555 5390 1778 5479 manipularis
1797 5394 1833 5461 (1
1850 5391 2027 5480 canapalis

478 5534 542 5602 pro
568 5514 779 5585 monasterio
806 5508 1088 5600 Andrzeovieosi,
1114 5516 1151 5581 et
1178 5510 1275 5581 v'alor
1302 5511 1376 5581 eius
1403 5512 1608 5595 aestimatur
1620 5511 1672 5583 ad
1689 5568 1695 5581 .
1715 5566 1722 5581 .
1743 5566 1749 5583 .
1767 5532 1912 5583 marcas.
1938 5512 2026 5583 Item
2109 5524 2113 5535 ·

479 5627 634 5723 taberna,
660 5635 744 5705 item
770 5632 956 5722 hortulani,
984 5634 1068 5703 item
1093 5630 1355 5723 praedium...
