4492 6592
458 758 532 831 212

459 963 637 1056 inquilinis
663 966 813 1052 tenetur,
840 960 876 1032 in
903 960 1017 1034 tribus
1045 958 1176 1051 campis
1195 956 1439 1062 elaborandam
1466 959 1548 1033 item
1568 958 1713 1051 quilibet
1729 959 1773 1034 de
1790 959 1891 1034 laneo
1909 958 2016 1033 solvit

460 1109 563 1157 unam
591 1106 786 1157 mensuram
815 1082 963 1175 siliginis
990 1088 1027 1153 et
1052 1082 1140 1153 duas
1167 1102 1298 1155 avenae
1325 1081 1509 1173 confertas,
1527 1087 1563 1155 et
1581 1086 1731 1172 quatuor
1747 1104 1896 1174 grossos.
1923 1083 2014 1155 Item

460 1208 624 1277 ducturas
660 1227 729 1276 non
756 1204 905 1293 iaciunt3
932 1206 1015 1275 item
1044 1204 1190 1295 quilibet
1216 1224 1393 1299 maworn
1420 1201 1569 1275 medium
1596 1196 1756 1294 grossum
1783 1204 1895 1275 solvit
1922 1204 2013 1275 Item

459 1336 513 1399 est
548 1329 597 1399 ibi
634 1349 703 1399 uua
738 1328 886 1397 taberna
922 1325 1136 1397 monasterii
1159 1326 1291 1395 habene
1328 1345 1450 1414 agroru,
1478 1332 1515 1395 et
1542 1325 1648 1395 solvit
1684 1346 1747 1415 pro
1775 1345 1879 1395 censu
1907 1344 2014 1395 unam

459 1469 608 1519 marcam
637 1443 713 1519 cirin
741 1448 863 1517 media.
901 1447 987 1517 ltem
1015 1452 1069 1527 est
1094 1447 1144 1517 ibi
1172 1446 1349 1537 praedium
1378 1446 1577 1517 coenobiale
1605 1447 1750 1535 bonum,
1778 1445 1820 1515 de
1848 1465 1915 1535 quo
1942 1464 2015 1515 non

449 1571 564 1641 ‘solvit
591 1570 767 1659 decimam,
796 1568 857 1639 sed
885 1589 961 1639 eam
988 1588 1052 1658 pro
1079 1589 1117 1639 se
1145 1568 1246 1639 tollit.
1274 1566 1361 1639 Item
1388 1568 1608 1639 hortulaniae
1636 1588 1703 1638 non
1731 1571 1843 1655 sunt,
1858 1567 1939 1637 item
1965 1564 2016 1635 de

459 1692 570 1779 laneo,
587 1692 736 1781 triginta
763 1711 838 1779 ova,
866 1689 952 1761 duos
979 1710 1164 1779 cappones,
1190 1709 1308 1759 caseos
1335 1708 1404 1759 non
1431 1688 1534 1777 dont;
1561 1690 1643 1759 item
1671 1708 1791 1759 omnes
1818 1688 1895 1777 agri
1921 1706 2017 1756 eme-

458 1814 603 1885 tbonum
630 1818 666 1883 et
693 1813 861 1883 tabernae
889 1811 1028 1882 solvunt
1054 1810 1223 1881 decimam
1241 1809 1491 1899 manipularem
1510 1815 1546 1879 et
1564 1809 1763 1899 canapalem
1782 1828 1845 1899 per
1863 1813 2017 1907 quatuor

458 1936 656 2023 iuncturas,
692 1954 756 2023 pro
791 1931 993 2022 praebenda
1027 1930 1248 2003 Graooviensi
1285 1930 1508 2017 Bqdzowslra.
1549 1928 1709 2003 Confinm
1744 1949 1820 2001 cum
1848 1926 2017 2018 Gorlra,

459 2056 648 2144 Ruscza,
674 2053 921 2144 Karnyow,
949 2050 1414 2153 Ghrzistoiorzycze,
1443 2050 1623 2123 Wadow
1650 2058 1687 2123 et
1713 2052 1840 2141 ubique
1867 2046 2018 2144 upuzdy.

563 2174 873 2247 Ornnnnowrezu
901 2174 993 2245 circa
1010 2172 1342 2263 Proszouicze,
1361 2172 1443 2243 villa
1461 2150 1525 2244 sub
1544 2172 1770 2263 parocbiode
1788 2171 2019 2243 Proscbo-

461 2299 598 2369 wicze
626 2298 713 2385 sita,
740 2296 838 2365 cuius
864 2296 1060 2385 proprietas
1086 2295 1131 2365 ed
1159 2294 1406 2367 monasterium
1444 2292 1670 2367 Thincziense
1697 2294 1859 2385 pertinet.
1885 2292 1924 2362 In
1944 2310 2019 2381 qua

458 2424 540 2487 sunt
567 2417 746 2487 duodecim
773 2416 865 2485 lanei
892 2415 1135 2505 cmetbouales,
1163 2421 1200 2485 et
1227 2415 1373 2507 quilibet
1399 2414 1504 2485 solvit
1530 2434 1593 2505 per
1618 2436 1721 2485 unam
1749 2432 1956 2503 sexagenum
1973 2418 2018 2481 et

367 2540 372 2553 “
459 2543 610 2627 quatuor
635 2557 776 2625 grossos
803 2536 848 2606 de
875 2535 986 2620 laneo,
1011 2536 1094 2605 item
1122 2556 1189 2607 ova
1207 2536 1362 2627 triginta,
1381 2536 1461 2605 item
1480 2535 1592 2625 gallos
1611 2540 1770 2626 quatuor,
1789 2535 1873 2605 item
1892 2552 2017 2605 caseos

458 2655 555 2746 duos,
581 2657 665 2727 item
692 2657 854 2727 laborant
880 2676 986 2727 unum
1013 2656 1105 2726 diem
1133 2658 1167 2727 in
1195 2656 1397 2746 septimana,
1424 2662 1581 2745 tempore
1607 2657 1730 2727 messis
1757 2656 1908 2745 quinque
1934 2654 2015 2725 dies

458 2779 495 2847 in
522 2779 733 2865 septimana;
769 2778 851 2847 item
872 2775 1057 2870 ponebam
1084 2783 1267 2868 utramque
1294 2798 1358 2867 pro
1385 2778 1500 2848 vernis
1528 2782 1564 2848 et
1590 2777 1804 2849 aestualibus
1830 2774 2016 2847 frumentis

458 2897 638 2983 laborant,
664 2896 749 2965 item
777 2916 936 2989 ostryam
962 2897 1046 2966 item
1072 2898 1221 2969 taberna
1247 2918 1324 2985 una,
1351 2903 1388 2967 et
1415 2898 1519 2970 solvit
1545 2919 1608 2988 pro
1635 2918 1740 2969 censu
1767 2904 1840 2969 tres
1858 2914 2019 2981 mancas3

457 3039 635 3111 oprawmu
661 3015 807 3085 solvunt
827 3014 973 3101 quilibet
1000 3016 1154 3089 medinm·
1177 3032 1353 3107 grossum3
1381 3019 1463 3089 item
1490 3019 1710 3091 hortulaniae
1729 3018 1889 3108 quinque,
1909 3036 2018 3106 qnae·

457 3137 544 3207 libet
570 3134 675 3205 solvit
701 3138 850 3222 quatuor
875 3152 1017 3236 grossos
1043 3144 1080 3203 et
1113 3135 1251 3207 laborat
1287 3138 1450 3227 pedester
1485 3139 1622 3228 quando
1649 3140 1681 3211 ei
1700 3138 1901 3225 mandatur;
1927 3138 2015 3207 item

458 3255 638 3347 praedium
665 3252 864 3322 coenobiale
892 3254 1070 3343 optimum,
1097 3252 1140 3323 de
1160 3276 1227 3342 quo
1246 3260 1491 3329 monasterium
1511 3258 1714 3331 Thinciense
1733 3258 1900 3329 decimam
1918 3255 2018 3327 tollit
2034 3343 2040 3349 Ι

399 3357 404 3367 Χ
458 3396 523 3463 pro
551 3390 597 3462 se,
624 3375 706 3443 item
734 3392 852 3442 omnes
880 3373 955 3461 agri
983 3372 1122 3443 solvunt
1148 3380 1185 3444 et
1211 3374 1408 3445 conducunt
1432 3378 1597 3449 decimam
1625 3379 1873 3469 manipularem
1900 3382 1936 3447 et
1953 3396 2016 3457 ca—

460 3492 617 3583 napalem
654 3512 718 3581 pro
753 3493 963 3563 monasterio
1000 3491 1237 3585 Thincziensi,
1273 3500 1317 3577 et,
1343 3496 1442 3567 valor
1477 3496 1551 3567 eius
1587 3500 1791 3569 aestimatur
1818 3498 1862 3569 ad
1890 3497 2017 3586 viginti

461 3619 612 3703 quatuor
646 3630 812 3698 marcas..
833 3610 920 3682 Item
957 3612 1190 3685 molendinum
1227 3622 1281 3687 est
1316 3616 1364 3687 ibi
1392 3616 1592 3688 influmine
1620 3617 1893 3709 Gzyeklecz,
1921 3616 2016 3707 quod

463 3735 568 3806 solvit
604 3740 683 3805 octo
717 3751 851 3803 marcas
887 3754 952 3823 pro
979 3753 1084 3807 censu
1110 3737 1334 3830 monasterio.
1374 3736 1533 3809 Continet
1560 3758 1635 3811 cum
1664 3738 1899 3829 Scitniky,
1926 3737 2017 3809 (lli-

462 3855 732 3947 myontbou,
759 3852 1113 3927 Proscbowieze
1140 3862 1177 3927 et
1203 3855 1520 3949 Makoczycze.

531 4027 534 4035 ·
566 3976 864 4066 Swrnuczrczn,
891 3975 975 4047 villa
1009 3978 1073 4049 sub
1100 3979 1266 4067 parochia
1293 3978 1336 4049 de
1363 3978 1668 4053 Slawoscbou
1694 3981 1782 4071 sita,
1809 3982 1905 4053 cuius
1931 4000 2013 4071 pro-
2148 4036 2153 4043 .

462 4098 594 4187 prietes
622 4098 666 4168 ad
693 4097 943 4167 monasterium
970 4096 1176 4169 Thinciense
1202 4099 1364 4189 pertinet.
1392 4100 1432 4171 In
1460 4121 1528 4193 qua
1545 4108 1628 4173 sunt
1645 4106 1797 4192 quatuor
1813 4101 1904 4173 lanei
1923 4121 2015 4171 cmc-
2088 4186 2094 4189 ,

461 4219 620 4289 thonales
656 4224 692 4289 et
728 4218 875 4308 quilibet
911 4217 1016 4289 solvit
1051 4238 1116 4307 pro
1144 4238 1249 4288 censu
1275 4238 1379 4291 unam
1406 4240 1554 4291 marcam
1584 4196 1809 4312 senagenam,
1836 4222 1918 4292 item
1947 4241 2013 4291 ora

461 4340 616 4432 triginta,
642 4339 725 4409 item
750 4338 871 4428 gallos,
897 4357 1070 4427 cappoues
1095 4336 1194 4427 duos,
1220 4338 1303 4409 item
1332 4360 1451 4411 caseos
1478 4340 1574 4431 duos,
1601 4362 1669 4411 non
1696 4342 1836 4413 solvunt
1854 4395 2013 4430 .......

463 4460 545 4529 item
580 4459 742 4530 laborant
777 4459 864 4530 duos
900 4458 974 4529 dies
1009 4459 1045 4528 in
1080 4459 1272 4547 septimana
1307 4460 1449 4550 proprio
1477 4481 1581 4535 curru
1609 4466 1670 4533 aut
1694 4468 1831 4549 aralr03
1858 4463 1942 4533 item
1969 4462 2013 4533 ad

457 4578 640 4672 powobam
665 4585 830 4651 tenentur
856 4584 1057 4669 utramque,
1083 4578 1168 4647 item
1195 4582 1249 4649 est
1275 4579 1430 4659 taberna,
1450 4581 1485 4651 in
1513 4581 1631 4653 eadem
1650 4582 1741 4665 villo,
1761 4602 1849 4673 quae
1877 4582 2011 4653 habens

346 4680 351 4695 ¹
462 4720 566 4769 unum
593 4700 739 4789 laneum,
766 4700 871 4770 solvit
898 4719 1001 4769 unam
1028 4718 1233 4788 sexagenum
1252 4698 1307 4771 uel
1326 4698 1413 4771 duas
1430 4720 1583 4790 marcas3
1609 4722 1678 4773 non
1697 4708 1752 4773 est
1770 4703 2016 4793 molendinum,

462 4842 531 4891 non
558 4803 651 4891 sunt
665 4821 906 4908 hortulaniae3
932 4821 1016 4892 item
1042 4826 1097 4889 est
1123 4819 1303 4909 praedium
1322 4821 1487 4911 optimum
1505 4822 1707 4895 monasterii
1727 4822 1953 4915 Thinciensis,
1972 4825 2016 4895 de

461 4964 528 5031 quo
555 4944 642 5015 nulli
669 4944 731 5014 dat
757 4941 935 5030 decimam,
962 4938 1024 5011 sed
1050 4960 1126 5011 earn
1153 4960 1216 5031 pro
1244 4960 1282 5011 se
1308 4941 1402 5013 tollit
1428 4948 1464 5013 et
1490 4943 1524 5013 in
1552 4943 1714 5017 horreum
1743 4966 1843 5017 snum
1870 4945 2015 5017 inducit.

430 5096 434 5104 1
462 5062 549 5133 Item
576 5084 696 5135 omnes
731 5062 823 5134 lanei
859 5067 894 5131 et
921 5062 998 5151 agri
1024 5060 1129 5132 villae
1164 5060 1359 5151 praelatae,
1387 5062 1526 5135 solvunt
1561 5070 1598 5135 et
1625 5066 1821 5143 conducunt
1846 5066 2015 5139 decimam

463 5184 713 5273 manipularem
751 5190 788 5254 et
814 5182 1014 5273 canapalem
1041 5202 1105 5272 pro
1133 5183 1346 5253 monasterio
1375 5182 1590 5274 Thinciensi,
1617 5192 1653 5257 et
1680 5187 1779 5259 valor
1805 5188 1880 5258 eius
1909 5188 2017 5258 aesti-

464 5310 579 5375 matur
606 5303 650 5377 ad
678 5324 739 5375 sen
766 5323 909 5374 marcas.
936 5302 1023 5372 Item
1051 5308 1133 5373 sunt
1159 5302 1207 5373 ibi
1235 5302 1303 5373 duo
1330 5296 1463 5375 nobiles
1490 5305 1658 5377 babentes
1681 5328 1784 5396 agros
1803 5314 1839 5378 et
1856 5308 2016 5397 praedia-

462 5424 513 5494 les
540 5418 664 5495 terras.
692 5424 779 5495 Imm
806 5428 887 5495 sunt
912 5423 962 5493 ibi
984 5423 1074 5493 duae
1101 5422 1320 5495 hortulaniae
1347 5425 1516 5495 babentes
1534 5446 1647 5515 agros,
1665 5432 1701 5499 et
1719 5428 1894 5517 quaelibet
1911 5428 2019 5498 solvit

463 5564 524 5613 sex
550 5566 690 5634 grossos
718 5565 781 5633 pro
809 5564 924 5633 censu,
950 5548 988 5613 et
1013 5565 1120 5614 unum
1147 5543 1237 5615 diem
1265 5545 1301 5614 in
1328 5545 1521 5633 septimana
1547 5545 1701 5635 pedestri
1728 5547 1865 5621 laborat
1891 5568 2017 5639 opere;
