4492 6592
460 759 536 831 368

559 965 819 1054 Pnn'czurczA,
857 964 941 1036 villa
959 1019 1097 1057 ......
1134 965 1232 1037 ouius
1258 967 1457 1056 proprietas
1482 967 1528 1038 ad
1555 969 1804 1038 monasterium
1830 967 2013 1059 Andrzeo-

454 1087 571 1160 riense
600 1107 643 1157 ex
670 1085 857 1157 donatione
882 1085 906 1157 J
915 1087 1114 1159 ohannis
1135 1085 1362 1158 ‚Gnezneusis
1389 1087 1643 1178 archiepiscopi
1668 1089 1831 1179 pertinet.
1871 1089 1911 1159 ln
1940 1111 2012 1179 qua

453 1212 533 1280 sunt
561 1207 653 1280 lanei
680 1206 914 1278 emethonales
933 1214 969 1280 et
987 1209 1135 1301 quilibet
1157 1208 1262 1280 solvit
1280 1262 1396 1279 .....
1406 1250 1432 1317 ,-
1450 1208 1535 1280 item
1562 1230 1637 1298 ova,
1665 1210 1749 1280 item
1774 1211 1896 1301 galles,
1923 1211 2011 1281 itam

452 1348 580 1419 caseos,
606 1329 691 1400 item
710 1327 868 1422 powoda,
895 1330 979 1400 item
1005 1353 1153 1426 oeszyep,
1180 1331 1265 1401 item
1283 1330 1460 1420 tabernae,
1486 1330 1571 1401 item
1588 1331 1775 1419 hortulani,
1802 1329 1888 1402 item
1906 1352 2011 1421 prae-

453 1449 557 1540 dium,
583 1451 666 1523 item
693 1450 935 1523 molendinum.
967 1451 1053 1524 Item
1082 1471 1201 1524 omnes
1227 1452 1304 1543 agri
1330 1451 1433 1523 villae
1461 1452 1600 1524 solvunt
1626 1457 1664 1522 et
1689 1452 1889 1523 conducunt
1914 1453 2011 1523 deei-

450 1591 541 1641 mem
567 1572 818 1662 manipularem
846 1578 883 1644 et
909 1573 1109 1663 canapalem
1128 1628 1136 1642 .
1155 1627 1163 1643 .
1182 1621 1243 1643 .-..
1270 1571 1431 1644 Confinat
1449 1627 1563 1642 .....

557 1691 790 1782 Kazrurnoa
817 1693 902 1765 villa
927 1694 991 1766 sub
1018 1693 1185 1784 parochia
1211 1691 1255 1763 de
1273 1747 1389 1762 .....
1415 1694 1496 1783 slta,
1525 1692 1623 1764 euius
1648 1693 1848 1782 proprietas
1874 1714 1918 1764 ex
1946 1694 2008 1764 do

451 1813 590 1884 natione
617 1812 641 1884 J
650 1813 847 1885 ohannis
874 1789 1126 1905 archiepiscopi
1153 1811 1433 1886 Gneznensisad
1450 1813 1699 1885 monasterium
1721 1813 2010 1886 Andraeoviense

450 1933 613 2023 pertinet.
641 1934 681 2004 In
709 1955 779 2025 qua
805 1939 886 2006 sunt
912 1934 1004 2006 lanei
1027 1935 1271 2025 emethonales,
1298 1941 1334 2006 et
1351 1935 1499 2025 quilibet
1526 1935 1631 2006 solvit
1649 1989 1791 2024 ......
1818 1935 1904 2006 item
1930 1957 2009 2025 ova,
2142 1971 2144 1998 2

308 2147 311 2158 1
451 2055 534 2126 item
560 2054 682 2146 gallos,
708 2055 792 2126 item
811 2076 939 2146 aase0s3
965 2056 1047 2126 item
1066 2055 1176 2145 labor,
1203 2057 1287 2127 item
1306 2053 1466 2150 powodu,
1492 2056 1576 2127 Item
1603 2077 1749 2150 ooozyep,
1776 2055 1861 2126 item
1889 2056 2008 2128 taber-

451 2195 504 2265 na,
531 2176 614 2246 item
643 2176 828 2265 hortulani,
855 2177 938 2248 item
957 2177 1147 2268 praedium,
1175 2178 1259 2249 item
1277 2176 1520 2249 molendinum.
1546 2178 1636 2250 Item
1658 2198 1777 2248 omnes
1803 2178 1883 2267 agri
1901 2177 2007 2248 villae
2142 2209 2144 2214 .

451 2298 590 2368 solvunt
615 2302 652 2369 et
680 2297 884 2379 conducunt,
911 2297 1078 2370 decimam
1105 2298 1355 2390 manipularem
1382 2304 1420 2380 et
1445 2299 1648 2389 canapalem
1666 2350 1862 2369 ........
1891 2297 2006 2371 Genii·
2142 2305 2144 2374 ἒ

430 2421 512 2490 'nat
529 2471 645 2489 .....

553 2539 751 2630 Snnczezu,
779 2539 863 2612 villa
889 2541 953 2613 sub
975 2541 1142 2632 parochia
1168 2540 1211 2612 de
1230 2595 1343 2611 .....
1372 2541 1449 2630 sita,
1476 2541 1573 2613 ouius
1599 2541 1796 2631 proprietas
1825 2562 1869 2612 er
1898 2541 2004 2612 dona·

448 2661 542 2730 tione
568 2659 592 2732 J
601 2661 801 2733 ohannis
838 2659 1052 2734 Gnezneusis
1079 2661 1330 2753 archiepiscopi
1361 2639 1405 2734 ad
1435 2663 1685 2734 monasterium
1719 2661 2005 2735 Andrzeoviense
2142 2705 2144 2764 3

372 2779 377 2787 '
448 2782 609 2871 pertinet.
636 2782 676 2853 In
704 2804 773 2874 qua
800 2789 881 2854 sunt
907 2775 999 2854 lanei
1018 2783 1262 2874 emethonales,
1289 2788 1325 2855 et
1352 2775 1497 2874 quilibet
1519 2783 1625 2854 soluit
1643 2837 1651 2852 .
1670 2837 1678 2852 .
1698 2835 1706 2849 .
1724 2837 1733 2861 ‚
1752 2837 1787 2873 .,
1813 2784 1901 2854 item
1927 2805 2004 2873 ova,
2142 2797 2144 2836 2

447 2903 530 2974 item
556 2903 677 2994 gallos,
704 2904 786 2975 item
814 2911 944 2996 caseos
971 2905 1054 2975 item
1072 2905 1183 2996 labor,
1210 2906 1294 2976 item
1315 2903 1473 2999 powobo,
1499 2905 1584 2978 item
1609 2926 1757 3000 oeezpep,
1784 2906 1868 2976 item
1888 2907 2005 2976 taber-
2142 2881 2144 2938 2

447 3045 501 3114 na,
529 3025 611 3096 item
638 3025 825 3116 hortulani,
853 3025 936 3097 item
963 3026 1154 3117 praedium,
1168 3027 1266 3098 item
1284 3026 1525 3123 molendinum.
1552 3026 1642 3098 Item
1660 3045 1780 3098 omnes
1803 3027 1882 3116 agri
1900 3026 2004 3098 villae

447 3143 586 3220 solvunt
612 3151 648 3218 et
674 3146 870 3219 conducunt
905 3147 1071 3258 decimam
1099 3148 1349 3240 manipularem
1381 3155 1418 3220 et
1444 3149 1644 3238 ‹unapalem
1663 3201 1860 3219 ........
1888 3147 2004 3220 Confi·

447 3273 509 3339 nat
527 3321 641 3338 .....

414 3371 419 3384 Χ
552 3386 817 3480 Grannonow,
843 3387 941 3464 'villa
969 3393 1032 3463 sub
1055 3391 1226 3482 parocbia
1252 3391 1418 3463 eeclesiae
1445 3391 1488 3463 de
1514 3391 1770 3478 Plesehow,
1802 3413 1873 3462 non
1899 3391 2005 3480 longe

448 3531 469 3580 a
495 3512 705 3582 monasterio
732 3511 775 3583 de
802 3512 977 3604 Mogila
1004 3514 1082 3601 sita3
1110 3513 1262 3604 quinque
1283 3533 1366 3583 uum
1389 3513 1503 3584 medio
1530 3511 1631 3602 lanei,
1658 3519 1697 3582 et
1722 3512 1872 3602 quilibet
1897 3512 2006 3584 solvit

447 3653 548 3702 unam
576 3653 737 3704 maroam.
777 3634 864 3704 Item
891 3656 962 3706 uua
987 3635 1133 3706 taberna
1159 3634 1292 3706 habeus
1319 3655 1441 3725 egrae,
1456 3641 1496 3705 'et
1524 3634 1661 3705 solvens
1688 3633 1775 3705 duas
1802 3653 2004 3723 sexagenas,

445 3754 592 3844 triginta
619 3776 694 3845 ova,
722 3756 866 3846 quilibet
892 3757 1014 3827 laneus
1041 3755 1149 3827 solvit
1174 3755 1262 3828 duos
1288 3773 1447 3846 capones,
1474 3755 1656 3846 praedium
1682 3775 1799 3826 unum.
1825 3755 1913 3825 Item
1941 3753 2002 3825 de-

445 3876 565 3946 cimam
593 3878 843 3968 manipularem
870 3883 951 3968 post
977 3877 1158 3969 praedium
1184 3882 1220 3949 et
1247 3883 1327 3968 post
1349 3897 1470 3948 omnes
1496 3897 1600 3967 agros
1628 3875 1730 3947 villae
1757 3895 1821 3966 pro
1834 3895 1879 3960 se
1896 3875 2001 3947 tollit

184 4082 186 4090 y
292 4097 302 4104 .
444 3996 543 4068 Hane
569 3998 686 4070 villam
725 4019 801 4070 cum
838 3999 991 4070 eiusdem
1028 3998 1160 4073 decima
1196 3999 1420 4089 manipulari,
1458 3998 1666 4069 emetbonali
1693 4003 1729 4068 et
1755 3997 1937 4086 praediali⁷
1964 4005 2003 4068 et

444 4119 512 4188 alia
539 4119 672 4190 decima
698 4121 905 4210 manipulari
933 4141 1021 4212 quae
1050 4120 1348 4210 Tropisszow
1383 4120 1520 4208 dieitur,
1546 4119 1570 4191 J
1579 4120 1790 4191 ohannes
1825 4117 1936 4189 abbas
1963 4123 2002 4188 et

444 4246 634 4313 conventus
661 4241 953 4314 Andrzeoviensis
994 4263 1084 4313 auno
1111 4241 1250 4313 Domini
1283 4242 1391 4313 1247.
1417 4263 1482 4332 pro
1509 4241 1593 4312 villa
1618 4239 1777 4331 praefatu
1803 4245 1840 4311 et
1865 4239 2002 4310 decima

315 4421 318 4440 ,
444 4359 616 4453 eiusdem,
651 4360 779 4454 et‘pro
807 4364 919 4434 altera
946 4363 1077 4434 decima
1113 4365 1149 4433 iu
1177 4364 1488 4453 TropIsszou.
1507 4363 1748 4451 eommutavit,
1789 4351 1952 4432 obtinens
1978 4381 2002 4431 a

443 4483 593 4572 capitulo
622 4481 842 4556 Oraeuviensi
869 4485 985 4555 villam
1014 4483 1311 4557 Nauarzioze
1338 4477 1375 4555 et
1402 4478 1570 4555 declinam
1588 4483 1841 4573 montpularem
1859 4483 1895 4553 in
1915 4482 2001 4553 villa

443 4603 575 4693 eadem,
601 4623 679 4676 eum
697 4609 880 4696 utramque
898 4605 1085 4696 capitulum
1105 4603 1336 4676 Omeoviense
1353 4605 1456 4695 pleno
1482 4606 1558 4676 iure
1584 4603 1789 4694 possideret
1849 4655 1854 4668 ,

547 4724 816 4817 Naunaznuzn,
843 4727 927 4798 villa
953 4723 1084 4798 habens
1108 4717 1342 4816 pardehialem
1361 4727 1454 4798 inse
1471 4727 1660 4815 ecelesiam,
1688 4723 1816 4830 Sancto
1834 4723 2019 4795 Andreae-

442 4845 610 4938 dieatam,
647 4848 744 4919 cuins
771 4847 968 4940 proprietas
997 4848 1078 4918 olim
1105 4848 1149 4918 ad
1177 4848 1364 4938 capitulum
1392 4847 1635 4936 Oraooviense,
1663 4866 1836 4918 unacum
1864 4846 1998 4917 decima

443 4956 544 5040 uillae
572 4975 607 5041 et
633 4969 776 5060 praedio
804 4969 1019 5060 pertinebat;
1059 4990 1149 5039 nuuc
1175 4991 1259 5040 vero
1286 4970 1439 5060 pertinet
1465 4969 1510 5041 ed
1536 4968 1785 5041 monasterium
1813 4967 1995 5040 Andrzeo-

441 5091 559 5163 viense
586 5092 689 5182 pleno
715 5093 799 5162 iure.
827 5092 867 5162 ln
895 5111 962 5181 que
989 5097 1070 5163 suut
1099 5091 1191 5161 lanei
1218 5091 1462 5180 emetbouales,
1490 5097 1528 5162 et
1554 5091 1660 5161 solvit
1686 5089 1834 5180 quilibet
1853 5144 1995 5178 ......

439 5214 522 5285 item
550 5235 626 5305 ova,
652 5215 735 5286 item
763 5214 883 5304 gallos,
912 5214 995 5284 item
1024 5233 1163 5302 caseos3
1203 5213 1285 5284 item
1313 5211 1421 5301 labor,
1447 5213 1532 5283 item
1558 5209 1710 5307 pumma,
1738 5212 1820 5283 item
1848 5234 1995 5306 oeazyap,

440 5337 523 5405 item
540 5336 717 5426 tabernae,
746 5337 827 5406 item
848 5335 1075 5424 hortulauiae,
1103 5336 1184 5405 item
1205 5335 1383 5425 praedium
1402 5333 1611 5422 coenobiale,
1637 5335 1721 5404 item
1749 5333 1994 5404 molendiuum.

438 5456 525 5526 Item
554 5479 672 5529 omnes
708 5459 783 5548 agri
821 5455 922 5529 villae
960 5463 997 5528 et
1023 5457 1164 5528 solvunt
1191 5463 1227 5527 et
1253 5457 1451 5527 conducunt
1484 5455 1650 5526 decimam
1676 5455 1930 5544 manipularem
1958 5460 1995 5524 et

388 5589 392 5604 ·
437 5578 634 5667 canapelem
662 5599 726 5669 pro
754 5581 965 5651 monasterio
993 5579 1278 5670 Andrzeouieusi,
1307 5585 1343 5650 et
1370 5579 1468 5649 valor
1494 5578 1570 5648 eius
1596 5577 1802 5648 aestimatur
1829 5577 1873 5647 ad

364 5729 367 5740 ·
441 5717 574 5770 mareas
593 5754 706 5769 .....
735 5698 895 5774 Confluat
914 5755 921 5770 .
1088 5681 1091 5688 ¹
