4492 6592
1676 769 1750 845 dil

190 968 479 1062 pulcbonmmum
506 975 543 1042 ot
577 987 758 1044 amoenum
783 972 889 1046 titum
915 971 1056 1064 babens,
1083 974 1210 1065 partlm
1235 980 1339 1066 petre
1363 973 1462 1066 alba,
1487 976 1754 1068 partim‘latare
1818 1005 1823 1012 ·

197 1097 297 1164 cocto
333 1097 527 1197 muratum,
562 1093 727 1184 pomariis
762 1097 799 1164 ut
833 1093 939 1184 sylvis
977 1094 1147 1186 obsitum,
1181 1095 1377 1186 praedialen
1408 1115 1512 1188 agros
1537 1097 1690 1189 optimos
1715 1105 1753 1170 et

195 1211 385 1284 Ioeeundoo
410 1214 447 1284 in
475 1213 621 1286 circuitu
643 1212 788 1304 babens,
815 1213 859 1286 de
885 1214 1011 1307 quibus
1038 1215 1124 1287 nulli
1151 1216 1256 1288 solvit
1281 1217 1463 1309 decimam,
1490 1218 1554 1290 aed
1579 1237 1656 1291 eom
1682 1239 1748 1311 pro

141 1329 147 1346 '
198 1353 234 1404 oe
259 1332 358 1406 tollit
392 1339 430 1405 ot
464 1333 502 1406 in
528 1334 692 1408 borreum
727 1333 869 1406 IndncIt
910 1333 1151 1409 Oracoviensia
1177 1337 1360 1428 epiecopus
1387 1339 1466 1411 lvo
1492 1359 1584 1412 anno
1610 1339 1750 1412 Domini
1770 1433 1778 1440 .

200 1454 309 1525 1222.
337 1453 505 1526 cambivit
531 1454 618 1538 duae
643 1455 744 1528 villas
771 1455 937 1527 ecclesiae
964 1453 1223 1548 GracovionaIs,
1248 1458 1412 1530 videlicet
1437 1456 1589 1531 Goruo
1616 1466 1654 1532 et
1679 1459 1750 1532 Sa·

198 1574 432 1648 wlowicne
457 1593 538 1656 enm·
560 1575 703 1648 decimis
730 1593 867 1667 earum,
893 1576 1065 1666 recipiens
1092 1597 1113 1648 a
1139 1576 1335 1650 Nicolao
1362 1578 1490 1652 abbate
1515 1585 1553 1652 et
1578 1586 1749 1668 conventu

109 1719 111 1724 ·
197 1693 502 1768 Saamecbovienai
537 1695 623 1768 duae
659 1695 745 1768 aliar
781 1697 899 1787 villae,
926 1696 1088 1768 uueucet
1122 1696 1318 1771 Jaxicze
1353 1705 1390 1770 et
1415 1699 1645 1774 Landziui
1671 1721 1749 1774 cum
1806 1699 1810 1707 ’

109 1873 111 1880 .
195 1805 339 1890 decinis
366 1835 495 1907 eorum,
521 1821 557 1888 ot
583 1835 648 1907 pro
674 1817 797 1888 maiori
823 1835 1055 1910 recompensa,
1082 1817 1218 1890 addidit
1241 1821 1454 1891 monasterio
1480 1821 1649 1912 capellam
1668 1841 1745 1894 cum

197 1939 270 2010 eiua
306 1924 503 2011 redditibus
538 1937 583 2010 de
607 1937 796 2030 aaron,
822 1957 867 2010 ea
892 1938 1106 2029 conditione,
1132 1944 1174 2011 ut
1199 1939 1346 2030 quilibet
1372 1941 1480 2013 abbae
1505 1940 1749 2031 Szeczecborl·

196 2059 297 2150 endu,
324 2059 368 2131 in·
391 2057 547 2150 quolibet
564 2058 697 2151 modo
715 2059 842 2132 librum
860 2057 1082 2132 Gracovicnei
1101 2059 1264 2151 episcopo
1282 2059 1327 2132 ad
1343 2060 1603 2144 benedictiones
1619 2068 1750 2154 teneat,
1896 2129 1902 2134 .

197 2187 233 2251 et
258 2179 454 2252 celebranti
479 2179 681 2278 ministrans
707 2181 744 2252 in
770 2180 864 2252 tiara
890 2181 1040 2254 assiam.

298 2282 570 2392 Sanozncnow,
606 2300 769 2392 oppidum
804 2301 938 2374 habens
973 2301 1153 2374 ecclesiam
1188 2302 1422 2392 parochialem
1456 2303 1625 2395 ligneam,
1653 2305 1750 2393 quino
1814 2296 1822 2308 ’

196 2421 396 2512 proprietas
422 2421 467 2492 ad
492 2421 739 2494 monsterium
766 2419 1075 2496 Steunecbovienoe
1101 2423 1273 2514 pertinet;
1299 2424 1336 2494 in
1362 2443 1431 2514 quo
1457 2430 1541 2497 nunt
1557 2424 1749 2516 oppidano·

197 2563 272 2614 rum
299 2542 422 2615 decem
448 2548 485 2614 et
511 2548 590 2616 octo
616 2543 725 2646 lenm,
746 2547 784 2615 ct
809 2543 955 2635 quilibet
981 2544 1086 2616 solvit
1110 2564 1175 2635 pro
1202 2564 1317 2616 annuo
1334 2563 1440 2617 ceneu
1457 2565 1563 2617 unum
1579 2545 1750 2619 fertonem
1901 2557 1913 2570 ·

112 2701 114 2706 -
198 2669 302 2755 atque
338 2663 427 2736 duos
459 2663 589 2755 guilou,
614 2664 709 2736 item
743 2683 810 2736 ova
844 2663 1008 2755 triginta,
1035 2665 1119 2736 item
1146 2665 1294 2760 quilibet
1319 2664 1512 2756 oppidanus
1537 2670 1575 2737 ct
1600 2665 1748 2758 quilibet

109 2841 110 2848 r
198 2783 387 2875 inquilinus
414 2783 519 2856 solvit
543 2803 649 2856 unum
675 2785 819 2856 eborum
845 2785 979 2857 humuli
1005 2784 1206 2858 confertum.
1231 2785 1319 2858 Item
1345 2785 1382 2858 in
1408 2786 1530 2863 eodem
1548 2786 1676 2878 oppido
1691 2793 1748 2859 ent

198 2905 389 2998 advocatia,
416 2905 479 2977 aed
494 2903 685 2997 *redempta
711 2911 766 2978 cot
791 2925 856 2997 pro
882 2892 1101 2980 monasterie
1128 2907 1218 2979 Item
1244 2923 1364 2980 omnen
1384 2907 1477 2979 lanei
1495 2908 1747 2999 oppidanorum
1788 2980 1790 2983 ,
1927 2895 1931 2902 ’

198 3025 337 3098 sumne
363 3023 531 3098 decimam
557 3025 806 3117 manipularem
832 3027 1044 3100 monasterio
1071 3025 1383 3120 Succaecborienai,
1408 3033 1448 3101 et
1469 3033 1635 3102 tenentur
1652 3028 1747 3102 illam

197 3147 348 3238 propriis
375 3147 535 3220 curribus
548 3147 597 3218 win
623 3147 787 3219 borreum
813 3147 987 3238 iuducere,
1014 3168 1036 3220 a
1061 3148 1275 3220 monasterio
1299 3149 1493 3241 locandum,
1519 3155 1557 3222 et
1582 3150 1683 3223 valor
1702 3149 1749 3222 ed

199 3267 320 3358 viginti
347 3269 502 3358 mancam
527 3267 611 3339 bem
637 3268 805 3341 decimam
831 3269 1031 3360 canapalem
1058 3269 1199 3344 solvunt
1223 3289 1288 3361 per
1313 3275 1387 3343 tres
1412 3272 1562 3362 ierugae.
1588 3271 1677 3343 Item
1694 3275 1749 3344 eat

200 3387 246 3459 ibi
262 3385 307 3460 de
332 3407 444 3480 prope
469 3387 713 3479 molendinum,
739 3390 776 3460 in
801 3394 961 3462 torrente
986 3387 1030 3461 de
1058 3390 1157 3481 sylva
1183 3397 1406 3482 excurrente,
1433 3391 1526 3483 qnod
1551 3411 1616 3483 pro
1642 3411 1749 3464 aenan

201 3507 302 3580 soluit
335 3508 550 3582 monasterio
585 3507 672 3582 duas
707 3526 862 3600 marcas,
889 3516 926 3581 et
952 3509 996 3582 de
1021 3511 1226 3583 braeeornm
1251 3511 1433 3584 molitione
1456 3511 1545 3584 duca
1571 3516 1747 3602 mebeten,

200 3629 302 3700 tertia
336 3649 403 3720 pro
438 3649 476 3702 ao
501 3636 700 3721 reservata,
727 3635 763 3701 ct
788 3629 876 3703 duos
902 3630 1026 3703 choros
1061 3629 1196 3702 farinae
1220 3623 1379 3704 triticeae
1405 3651 1470 3724 pro
1494 3630 1586 3704 festo
1612 3631 1750 3705 Nativi-
1783 3687 1791 3697 ,
1898 3613 1902 3621 ’

203 3750 284 3822 tatia
309 3749 453 3823 Christi.
480 3733 639 3823 Conium
666 3769 744 3823 cnm
770 3749 897 3842 oppido
916 3749 1748 3842 StbancziczaWolyaSzeczecbow·

203 3870 298 3962 alca,
339 3871 620 3964 Sia-arcaino,
660 3870 904 3963 Policzna,
940 3869 1136 3945 [irodek.
1175 3870 1245 3943 Per
1278 3870 1548 3963 Setbegium
1586 3873 1747 3946 comitem

202 3991 372 4066 donatum.

298 4113 448 4188 Wonra
473 4113 815 4205 saecuculorum,
842 4131 931 4205 quac
957 4113 1039 4186 ollnn
1065 4112 1415 4205 Podolenany'et
1440 4113 1546 4186 etiam
1572 4112 1748 4206 Swyan·

203 4234 354 4306 anic-za
379 4233 569 4326 uam,
595 4235 679 4306 uilla
704 4251 812 4326 repra
837 4233 1014 4306 Violam
1040 4241 1077 4306 ct
1103 4236 1168 4307 sub
1193 4227 1359 4326 parocbia
1384 4232 1747 4306 deSzeczcobow

202 4355 283 4445 aita;
309 4355 409 4429 cuiue
433 4357 631 4448 proprietas
659 4355 704 4428 ad
730 4355 977 4460 monasterium
1003 4353 1313 4429 Szeczecbovienoc
1330 4355 1492 4448 pertinet
1517 4355 1559 4427 In
1578 4360 1746 4446 quaeunt

203 4474 377 4550 duodecim
403 4477 496 4549 lanei
522 4477 765 4569 cmetbonaleo,
793 4483 829 4550 ot
855 4477 1002 4569 quilibet
1028 4459 1134 4550 solvit
1158 4497 1223 4568 pro
1249 4496 1365 4562 annuo
1390 4495 1497 4549 oenm
1512 4495 1621 4549 unum
1637 4475 1745 4569 ferto-

202 4615 283 4689 nem,
308 4599 392 4670 item
417 4597 563 4688 angina
589 4617 663 4690 ovar,
691 4599 775 4671 item
801 4598 889 4672 duos
915 4599 1035 4690 gallos,
1061 4600 1146 4670 Item
1163 4597 1251 4671 dnos
1267 4599 1394 4704 eboroa
1412 4617 1543 4670 avenae
1560 4598 1745 4690 aequalea3

203 4717 279 4789 item
305 4719 451 4811 quilibet
476 4725 617 4792 tenetur
642 4719 686 4792 de
712 4717 812 4793 laneo
838 4719 1000 4793 laborare
1027 4739 1134 4792 unum
1158 4719 1261 4810 diem,
1286 4720 1431 4812 proprIo
1457 4739 1564 4793 curru
1589 4725 1651 4792 aut
1669 4738 1747 4791 ara·

203 4843 270 4933 tro,
288 4845 324 4912 ct
350 4840 516 4914 ducturas
540 4840 627 4914 iacit
650 4841 695 4914 ad
721 4841 893 4914 rationem
918 4839 1062 4914 dierum.
1089 4841 1177 4914 Item
1203 4841 1371 4914 scoltetna
1385 4841 1498 4914 ostiu
1515 4841 1637 4914 eadem
1653 4840 1745 4930 villa,

202 4957 326 5034 babens
352 4961 439 5035 duos
465 4962 584 5036 laneos
610 4961 739 5035 liberos
765 4967 802 5035 et
826 4962 913 5042 nibil
941 4961 984 5034 de
1011 4981 1126 5034 censu.
1152 4962 1243 5038 Item
1258 4963 1406 5055 quilibet
1422 4963 1559 5035 emetbo
1575 4968 1613 5035 et
1629 4961 1745 5052 inqui·

203 5079 288 5154 linus
313 5085 420 5156 unum
447 5084 590 5158 chorum
615 5084 748 5156 humuli
774 5084 962 5176 aequalem.
988 5083 1077 5156 Item
1103 5084 1252 5158 taberna
1276 5105 1347 5156 una
1371 5103 1441 5156 nou
1458 5084 1590 5156 babens
1608 5101 1742 5174 agnum

205 5201 301 5276 solvit
332 5203 451 5277 decem
482 5210 523 5278 et
557 5209 635 5279 octo
661 5223 803 5296 moeson
828 5222 894 5297 pro
920 5203 1084 5296 aooiteto,
1111 5205 1157 5276 ad
1182 5204 1460 5295 oninapertiuet
1483 5203 1744 5296 proprietatem.
1785 5248 1792 5257 »

204 5319 284 5397 Item
308 5325 528 5399 bortnleniae
553 5325 643 5400 dnae
669 5347 742 5399 non
764 5325 934 5406 babentes
961 5345 1073 5418 agros,
1100 5345 1178 5399 non·
1196 5325 1338 5398 solvunt
1363 5343 1521 5415 monum,
1547 5323 1611 5397 aed
1635 5342 1742 5396 unum
1939 5397 1944 5404 ,

205 5439 288 5516 den
311 5447 348 5519 in
374 5447 1021 5540 oepdrnanelaborant.1temomnes
1048 5447 1125 5538 agri
1150 5447 1369 5519 cmetbonum
1385 5450 1423 5518 et
1440 5446 1587 5537 scolteti,
1604 5444 1743 5520 solvunt
1798 5453 1800 5456 ⁴

205 5561 361 5640 decimam
386 5567 645 5662 manipularem,
671 5573 708 5642 et
733 5567 929 5642 conducunt
958 5587 1023 5659 pro
1053 5567 1266 5640 monaoterIo
1291 5565 1602 5659 Sneczecborienai,
1628 5571 1666 5639 et
1682 5585 1744 5638 va·

206 5681 255 5756 lor
277 5689 350 5762 ciue
377 5689 423 5764 ad
448 5685 528 5766 octo
553 5709 697 5766 marcae.
723 5689 812 5765 Item
837 5689 1035 5789 uuotboucs
1062 5691 1208 5762 arenam
1232 5705 1309 5762 non
1329 5686 1434 5783 daut,
1459 5689 1545 5762 item
1574 5687 1744 5762 decimam
