4492 6592
515 759 589 834 332

512 969 561 1041 ibi
587 969 752 1057 taberna,
789 966 921 1038 habens
945 987 1062 1039 unum
1099 935 1273 1058 integrum
1307 946 1465 1057 laneum,
1501 972 1537 1038 et
1563 967 1668 1039 solvit
1703 987 1806 1038 unam
1841 987 1926 1038 cum
1959 968 2063 1038 media

509 1108 655 1178 marcas,
682 1087 768 1158 nihil
795 1087 970 1158 laborans.
997 1086 1086 1158 Item
1113 1108 1184 1158 una
1210 1087 1411 1160 hortulanis
1437 1087 1569 1158 habens
1596 1109 1709 1178 agros,
1737 1087 1841 1159 solvit
1868 1093 1955 1158 octo
1982 1093 2062 1160 scot·

344 1181 347 1198 ¹
407 1271 410 1278 .
502 1210 579 1300 tos,
604 1212 640 1277 et
658 1228 764 1280 unum
791 1208 881 1278 diem
910 1207 1061 1297 podest
1032 1229 1064 1278 rr
1092 1208 1218 1279 itiuere
1236 1207 1271 1277 in
1291 1208 1486 1299 septimana
1511 1209 1660 1279 laborat.
1687 1208 1774 1278 Item
1802 1214 1857 1279 est
1887 1208 1939 1277 ibi
1967 1227 2062 1278 unum

511 1328 691 1418 praedium
718 1328 927 1418 coenobiale,
955 1328 998 1399 de
1025 1329 1123 1400 cuins
1151 1330 1245 1418 agris
1281 1329 1562 1400 sanctimoniales
1597 1329 1682 1399 nulli
1710 1329 1851 1401 solvunt
1892 1328 2063 1417 dammam

514 1448 575 1520 sed
603 1470 678 1520 eam
706 1469 769 1539 pro
797 1455 877 1520 set
861 1449 1008 1557 ι,ιιΙΙιιιιι
1044 1455 1081 1520 ιι
1107 1450 1144 1519 in
1171 1450 1334 1522 borreum
1361 1469 1461 1520 suum
1497 1449 1674 1520 inducunt.
1717 1449 1806 1519 Item
1833 1447 2063 1519 molendinum

513 1591 581 1640 non
609 1576 663 1641 ιιι
673 1591 821 1660 ,neque
848 1570 1059 1661 piscinat
1026 1570 1114 1641 Item
1143 1571 1361 1661 cmetbones,
1387 1571 1552 1642 tabernat
1536 1577 1613 1660 t,or
1640 1575 1677 1641 et
1702 1570 1909 1641 bortulania
1936 1569 2065 1640 solvunt

427 1683 430 1686 “
513 1691 679 1763 decimam
707 1691 956 1781 manipularem
984 1692 1135 1763 vicariae
1155 1689 1386 1782 cracoviensi,
1413 1691 1457 1762 ad
1475 1691 1656 1763 canoniam
1674 1690 1957 1780 cracoviensem,
1984 1711 2062 1780 quae

513 1809 747 1903 Oarnyowslra
782 1813 995 1903 appellatur,
1031 1813 1239 1904 pertinenti,
1273 1819 1310 1884 et
1335 1812 1536 1903 canapalem
1573 1832 1636 1903 per
1662 1818 1812 1903 quatuor
1847 1814 2065 1901 ierngas,et

513 1932 644 2004 ducunt
670 1953 746 2004 eam
773 1935 972 2006 cmetbones
1000 1935 1035 2005 in
1063 1935 1227 2005 horreum
1255 1934 1424 2006 avicario
1450 1934 1643 2023 locandum,
1670 1939 1707 2005 et
1734 1935 1832 2005 valor
1859 1933 2062 2004 aestimatur

514 2052 557 2122 ad
586 2052 764 2124 duodecim
792 2073 936 2125 marcas.
963 2053 1122 2126 Oonfinat
1147 2075 1224 2126 cum
1253 2055 1344 2126 villis
1371 2054 1623 2145 Lyasszow,
1661 2053 1862 2143 Winari,
1901 2051 2062 2141 Tbapo

515 2173 655 2263 czyol,
682 2171 912 2265 Zakrzon,
940 2173 1226 2267 Szethnyow,
1253 2175 1537 2267 Malyoszon
1564 2181 1601 2246 ιι
1627 2175 1755 2265 ubique
1780 2171 1955 2269 oqpoadp.
2032 2211 2051 2258 ,⁴

619 2293 908 2385 Snunuowvczn,
937 2297 1017 2366 villa
1044 2297 1109 2367 sub
1137 2297 1303 2386 parocbia
1329 2296 1495 2368 ecclesiae
1521 2295 1565 2366 de
1592 2280 1812 2384 Mninoga
1838 2295 1930 2382 sita,
1957 2315 2062 2365 mona·

514 2414 620 2484 sterio
648 2415 960 2486 sanctimonialium
986 2417 1031 2488 de
1058 2417 1187 2489 Sancto
1205 2417 1348 2489 Andrea
1369 2438 1434 2507 per
1460 2417 1694 2487 Boleslaum
1721 2415 1923 2487 Pudicum
1952 2413 2060 2487 duoen

513 2541 550 2605 et
576 2537 799 2608 monarcham
825 2538 924 2627 regni
952 2537 1116 2609 Poloniae
1143 2539 1282 2612 donata.
1301 2539 1357 2609 ·In
1386 2560 1455 2629 qua
1480 2543 1563 2610 sunt
1588 2543 1668 2610 octo
1694 2537 1786 2608 lanei
1823 2536 2062 2624 emetbonales,

514 2661 549 2726 ιι
576 2635 721 2746 quilibet
748 2658 791 2728 de
818 2658 918 2729 laneo
954 2659 1058 2731 solvit
1085 2680 1188 2731 unam
1220 2681 1392 2750 marcam,
1427 2660 1512 2730 item
1538 2681 1607 2732 ova
1633 2659 1797 2749 triginta,
1833 2658 1950 2747 gallos
1976 2657 2061 2745 duoq

513 2778 596 2860 item
632 2778 793 2850 laborant
827 2775 980 2875 iatrzyni
1014 2801 1077 2871 pro
1105 2802 1188 2851 vere
1214 2787 1250 2852 et
1277 2782 1409 2871 hyeme.
1449 2781 1537 2850 Item
1565 2786 1621 2851 est
1646 2781 1795 2851 taberna
1830 2800 1905 2849 nna
1942 2769 2061 2848 liabens

513 2919 626 2987 agros,
642 2903 690 2970 ,ιι
707 2899 813 2970 solvit
840 2921 943 2970 unam
971 2922 1132 2971 marcam,
1159 2902 1245 2972 Item
1265 2901 1485 2973 hortulaniae
1514 2907 1671 2990 quatuor,
1697 2900 1840 2972 solvunt
1868 2920 1977 2970 unum
2002 2897 2060 2967 ier-

514 3025 640 3090 tonem.
667 3019 752 3089 Item
782 3020 1013 3091 molendinum
1041 3027 1096 3091 est
1123 3023 1158 3092 in
1185 3022 1324 3093 flumine
1351 3019 1580 3110 Mninoga.
1616 3013 1703 3091 Item
1732 3020 1917 3111 praedium
1945 3024 1997 3089 est
2019 3018 2059 3088 ibi

514 3140 730 3228 coenobiale,
766 3121 809 3210 de
836 3142 932 3211 cuius
960 3121 1056 3232 agris
1090 3143 1224 3212 decima
1259 3143 1351 3213 cedit
1378 3144 1590 3213 monasterio
1625 3141 1744 3212 Sancti
1771 3141 1949 3212 Andreae.
1983 3139 2058 3209 Item

515 3261 715 3330 cmetbones
742 3267 777 3330 ιι
805 3261 931 3350 singuli
968 3263 1100 3334 incolae
1135 3263 1178 3334 de
1205 3264 1316 3333 laneis
1352 3263 1492 3334 solvunt
1527 3262 1694 3334 decimam
1729 3262 1999 3352 manipularem,
2030 3265 2060 3341 et

515 3400 578 3469 per
606 3385 755 3470 quatuor
782 3382 919 3471 iarugas
946 3384 1163 3475 carrapalem,
1199 3405 1264 3474 pro
1290 3367 1490 3474 praebenda
1517 3382 1738 3455 Oracoviensi
1770 3379 2057 3467 Racziboronslva,

516 3505 552 3572 et
578 3485 742 3572 tenentur
768 3523 843 3572 eam
871 3502 997 3574 ducere
1024 3505 1059 3574 in
1087 3505 1250 3576 borreum
1271 3559 1439 3575 .......
1466 3505 1657 3575 locandum.
1686 3503 1774 3574 Item
1801 3504 1845 3574 de
1871 3503 1984 3574 laneis
2000 3499 2057 3569 sol-

486 3621 610 3710 Ιιιιιιι
637 3621 768 3692 decima
795 3623 1036 3714 manipularis,
1072 3631 1108 3695 ιι
1136 3647 1199 3716 per
1225 3632 1375 3716 quatuor
1407 3627 1545 3715 ierugas
1572 3625 1769 3715 canapaliS,
1806 3630 1841 3694 ιι
1866 3624 2005 3694 ducitur
2027 3621 2056 3689 in

516 3742 678 3813 borreum
696 3764 769 3832 -pro
793 3745 991 3834 praebenda
1010 3742 1241 3836 Oracoviensi,
1270 3768 1358 3836 qnae
1377 3747 1573 3837 appellatur
1590 3745 1891 3834 Racziborowslra,
1920 3749 1956 3814 et
1973 3742 2056 3813 valor
2085 3755 2091 3766 ·

517 3863 592 3936 eius
619 3865 824 3936 aestimatur
840 3841 894 3936 ιιιΙ
921 3865 1101 3938 duodecim
1139 3889 1282 3939 marcas.
1322 3867 1483 3940 Οοιιιίιιιι
1508 3888 1586 3938 cnm
1614 3867 1704 3938 villis
1731 3865 1972 3954 Mninoga,
1996 3859 2055 3931 Gi-

517 3987 807 4075 wanovacze,
834 3986 1041 4077 Rzepliu.
1262 3973 1264 3977 ⁵

620 4104 803 4176 Dnmvozn
830 4107 916 4178 alias
943 4108 1141 4198 Dnnvozn,
1177 4109 1260 4180 villa
1288 4110 1353 4181 snb
1389 4110 1554 4199 parocbia
1588 4108 1754 4179 ecclesiae
1781 4107 1824 4178 de
1851 4103 2054 4197 Gywano

519 4227 656 4297 wirne
682 4228 761 4317 sita,
788 4235 824 4299 et
843 4249 906 4318 per
924 4229 1156 4301 Boleslaum
1184 4230 1381 4301 Pudicum
1400 4204 1521 4302 ducem
1540 4230 1751 4300 monasterio
1770 4227 1890 4298 Sancti
1909 4225 2052 4296 Andreae

517 4346 655 4418 donata.
696 4348 733 4418 ln
763 4371 831 4438 qua
858 4352 1098 4422 tantummodo
1126 4351 1195 4422 duo
1226 4358 1308 4422 sunt
1334 4353 1425 4423 lanei
1462 4351 1715 4440 cmetbonaleS,
1750 4350 1795 4421 ad
1821 4346 2050 4420 monasterium

519 4465 637 4537 Sancti
672 4467 834 4540 Andreae
870 4473 1104 4562 pertinentes,
1141 4479 1177 4543 et
1213 4473 1359 4563 quilibet
1395 4473 1500 4545 solvit
1525 4487 1590 4563 pro
1616 4493 1722 4543 censu
1757 4471 1802 4542 de
1828 4471 1931 4541 laneo
1965 4484 2051 4536 unam

333 4575 349 4684 J
401 4667 403 4672 .
503 4607 679 4700 marcam,
707 4594 743 4658 et
769 4590 859 4661 alter
886 4593 1042 4663 mediam.
1074 4579 1162 4664 Item
1189 4593 1259 4664 dno
1286 4594 1377 4665 lanei
1404 4593 1571 4684 praefati,
1598 4593 1745 4684 quilibet
1771 4591 1878 4662 solvit
1906 4610 1967 4681 pro
1989 4605 2050 4656 mo

521 4708 675 4778 nasterio
694 4763 809 4780 .....
838 4711 938 4786 ΙιιιιιΙ
954 4704 1051 4783 extra
1078 4714 1196 4786 villam
1219 4719 1273 4785 ost
1290 4716 1437 4786 taberna
1463 4715 1557 4786 dicta
1583 4713 1781 4803 Lupiclra,
1808 4713 1940 4783 babens
1964 4723 2050 4798 agros

520 4829 735 4938 pertinentes
762 4831 805 4902 ad
833 4831 1040 4904 Iacobum.
1067 4835 1154 4906 Item
1183 4836 1218 4905 in
1246 4837 1366 4906 cadem
1390 4836 1473 4907 villa
1500 4841 1582 4907 sunt
1607 4841 1758 4926 quatuor
1784 4833 1927 4922 nobiles
1951 4828 1973 4901 J
1977 4847 2049 4899 aco·

375 5019 379 5038 ,
519 4951 616 5040 bna,
651 4943 884 5042 Jobanqes,
914 4953 1121 5026 Martinus
1156 4962 1192 5026 et
1219 4957 1416 5027 'Nicolaus
1442 4957 1486 5026 de
1513 4957 1616 5027 domo
1643 4953 1809 5044 Warna,
1845 4955 1905 5044 qui
1939 4949 2050 5022 babent

519 5071 661 5160 praedia
687 5079 844 5164 quatuor,
863 5075 954 5146 'item
982 5097 1042 5146 sen
1071 5077 1286 5147 hortulanias
1309 5071 1478 5148 babentes
1505 5097 1618 5168 agros,
1645 5077 1730 5147 ilem
1756 5095 1859 5146 unam
1886 5074 2046 5168 tabernam
2133 5151 2134 5160 ³

519 5191 646 5262 dictam
674 5193 855 5284 Lupiaha
882 5201 983 5267 extra
1010 5198 1137 5287 villam,
1164 5198 1348 5269 babentem
1374 5172 1492 5287 agros
1519 5197 1707 5287 dequibus
1734 5195 1894 5268 omnibus
1920 5189 2045 5264 solvitm

520 5317 556 5386 et
583 5313 787 5386 conducitur
823 5316 955 5388 decima
990 5318 1216 5407 manipularis
1243 5324 1279 5388 ιι
1305 5319 1408 5389 etiam
1436 5317 1479 5388 de
1506 5318 1641 5389 duobus
1667 5317 1777 5388 laneis
1807 5308 2042 5387 coenobialibus

520 5430 645 5503 Sancti·
665 5435 835 5527 Andreae,
863 5439 1081 5527 praebendae
1109 5437 1341 5528 cracoviensi,
1369 5460 1457 5528 quae
1475 5438 1604 5509 dicitnr
1630 5436 1893 5526 Marchocnska,
1918 5439 1953 5505 et
1968 5427 2046 5503 valer

521 5553 595 5623 eius
608 5547 811 5628 aestimatur
825 5557 870 5630 ad
884 5558 1065 5631 duodecIm
1079 5558 1403 5631 marcescentium
1424 5579 1502 5630 cum
1525 5550 1836 5651 G'q'nauonic'ze,
1857 5550 2045 5628 Maszlrov.
