4492 6592
1587 791 1594 805 ·
1671 747 1748 822 221

182 949 347 1046 praefata
376 977 402 1027 a
426 955 636 1028 monasterio
663 952 889 1028 Thincziense
915 953 1045 1028 dudum
1071 955 1249 1028 abstracta
1275 960 1312 1028 et
1338 955 1490 1028 alienata
1514 961 1607 1028 sunt
1642 953 1749 1046 Oppi·

183 1075 265 1148 dnm
292 1077 459 1166 episcopi
486 1075 736 1149 cracoviensis.
1389 1056 1394 1064 ⁸

287 1196 332 1268 In
362 1197 635 1289 Lapc'zyoze
669 1196 817 1268 liberum
835 1195 966 1293 *iorum
993 1201 1030 1268 et
1054 1197 1222 1287 taberna,
1249 1197 1377 1288 oppido
1403 1197 1576 1270 Boobeusi
1602 1195 1747 1268 fundato

183 1317 375 1406 perierunt
401 1323 545 1409 propter
571 1317 793 1391 vicinitatem.

287 1436 333 1508 In
363 1437 594 1530 Wysloka-
615 1443 651 1510 et
677 1437 855 1511 Bezeda
880 1443 916 1508 et
942 1435 1237 1527 Oppatboria
1261 1457 1346 1509 usus
1371 1428 1569 1510 venandi.'-

215 1617 217 1620 .
288 1557 334 1628 In
363 1556 735 1649 Oppstbouyecz
761 1557 902 1630 naulum
928 1559 964 1628 in
991 1556 1145 1646 Wisla
1169 1555 1282 1630 iorum
1308 1563 1346 1630 et
1370 1559 1527 1630 taberna
1553 1557 1643 1630 item
1660 1578 1745 1661 nau·

184 1677 254 1748 ium
281 1677 321 1749 in
349 1677 460 1750 fluvio
486 1679 734 1769 Dunayeoz
761 1685 797 1749 et
822 1677 977 1768 Wisla
1004 1678 1160 1750 ubi-sibi
1184 1678 1333 1750 invicem
1359 1679 1557 1750 miscentur.

288 1797 333 1869 In
365 1798 605 1891 Wyslycia
632 1799 758 1890 oppido
786 1799 883 1889 regio
910 1799 999 1871 duae
1025 1798 1202 1887 tabernae,
1229 1818 1319 1889 quae
1345 1797 1449 1870 bodie
1474 1819 1544 1869 uon
1563 1799 1747 1890 habentur,

114 1977 117 1987 .
185 1925 221 1992 et
247 1919 388 1992 dudum
416 1940 438 1990 a
463 1921 674 1994 monasterio
701 1921 898 2016 abstractae
926 1926 962 1992 et
988 1919 1162 1991 alienatae
1188 1925 1280 2008 sunt,
1300 1938 1370 1994 nec
1396 1918 1534 1990 illarum
1552 1919 1624 1991 ulla
1640 1920 1748 1992 habe·
1885 1957 1889 1969 ·

186 2045 243 2112 tur
269 2041 455 2113 memoria.

214 2193 218 2198 ·
291 2161 394 2233 Usus
421 2161 517 2232 duvii
542 2159 757 2234 Skawina
783 2161 820 2232 in
846 2161 1096 2251 piscationibus
1123 2164 1160 2230 et
1185 2160 1389 2232 custoribus.

220 2297 226 2302 ·
291 2278 679 2373 Gregoriuspapa
704 2279 859 2354 Nonus
886 2301 976 2353 anno
1004 2279 1143 2354 Domini
1173 2281 1271 2352 1229
1295 2278 1749 2370 septimocaIendasJuuii,
1904 2321 1907 2326 1
1964 2322 1968 2326 ·

186 2401 382 2477 indictione
409 2401 569 2492 secunda,
596 2401 819 2492 pontificatus
845 2403 899 2474 sni
922 2413 1017 2474 ‘auno
1042 2401 1160 2491 tertio,
1177 2399 1315 2472 Perusii
1336 2392 1554 2490 tuno'ageus
1571 2398 1745 2472 fundatio·

188 2541 265 2600 nem
302 2529 341 2594 et
375 2522 589 2596 dotationem
624 2523 826 2615 monasterii
852 2521 1067 2594 Thinciensis
1093 2520 1284 2611 confirmat,
1311 2525 1347 2591 et
1371 2520 1491 2592 multis
1516 2519 1747 2618 libertatibus,
1815 2539 1820 2555 ¹

126 2622 133 2631 ’
191 2643 434 2715 communibus
460 2649 587 2733 muron,
614 2649 651 2714 et
677 2663 763 2733 quas
781 2643 887 2714 etiam
914 2643 1044 2734 absque
1070 2661 1111 2713 eo
1138 2641 1192 2713 ius
1219 2661 1398 2713 commune
1423 2625 1600 2731 coneedit,
1627 2659 1767 2744 mona·w

190 2763 337 2834 sunum
366 2745 575 2836 mnueuse
602 2763 809 2854 pnvneguu

293 2882 490 2973 Jawonzn
517 2883 600 2955 villa
626 2884 691 2956 sub
717 2885 883 2984 parocbia
908 2883 1074 2956 ecclesiae
1102 2881 1251 2954 de..
1277 2882 1356 2954 sita
1382 2881 1424 2953 In
1450 2901 1520 2972 qua
1545 2888 1628 2954 suut
1654 2881 1747 2952 lanei

194 3003 439 3094 cmotbonales,
466 3009 502 3076 et
528 3003 674 3094 quilibet
700 3004 804 3077 solvit
820 3005 968 3076 latorum
987 3023 1210 3094 grossorum.
1228 3057 1237 3073 .
1255 3026 1279 3091 .;
1305 3021 1439 3074 summa
1456 3002 1614 3074 undecim
1631 3001 1747 3092 grossi
1767 3029 1770 3038 ·

194 3122 344 3195 latorum
372 3143 583 3215 grossorum.
1213 3185 1217 3201 .
1803 3197 1808 3200 .

228 3272 233 3278 ·
294 3243 521 3336 Juecnrozn
548 3245 631 3318 villa
657 3246 721 3318 sub
748 3245 914 3336 parocbia
932 3299 940 3314 .
959 3299 966 3316 .
985 3298 993 3314 .
1012 3299 1038 3335 .‚
1064 3245 1101 3316 in
1127 3241 1471 3316 terra'Zatboriensi
1496 3243 1575 3314 sita
1611 3241 1652 3312 iu
1678 3261 1749 3332 qua

195 3369 273 3436 sunt
297 3364 395 3438 lanei
422 3361 666 3456 emethonales,
691 3365 735 3438 de
761 3366 886 3456 quibus
913 3365 1061 3438 solvitur
1087 3369 1125 3436 et
1149 3363 1355 3436 conducitur
1372 3363 1506 3436 decima
1522 3362 1748 3454 manipularis

196 3504 256 3573 pro
282 3487 499 3558 monasterio
526 3485 754 3558 Tbincziensi.
890 3559 895 3570 ,

294 3605 518 3697 Ponuauna,
540 3599 628 3678 'villa
653 3607 719 3680 sub
744 3607 910 3697 parochio
935 3606 978 3678 dc
993 3660 1107 3677 .....
1125 3606 1203 3700 sita,
1231 3605 1329 3677 cuius
1355 3605 1479 3676 haeres
1496 3602 1623 3676 Petrus
1648 3602 1672 3675 J
1681 3624 1749 3674 ur-

198 3727 405 3818 ozyczky.
431 3727 473 3798 In
500 3747 568 3818 qua
593 3733 676 3800 suut
702 3747 763 3799 sex
788 3727 879 3799 lanei
906 3727 1149 3818 cmetbonales,
1177 3731 1215 3800 et
1239 3726 1386 3816 quidibet
1404 3724 1510 3796 solvit
1526 3724 1746 3814 pro-decima

199 3849 407 3920 monasterio
434 3847 651 3920 Thinoziensi
677 3868 740 3938 per
766 3848 884 3920 decem
909 3847 1061 3940 grossos
1077 3867 1285 3920 communes
1569 3831 1578 3838 ”
1649 3853 1655 3860 ’

297 3967 450 4041 Lnnczn
477 3969 642 4060 primum,
669 3969 753 4042 uilla
788 3971 857 4074 sub
888 3969 1052 4060 parochia
1079 3969 1122 4040 de
1148 3967 1310 4057 Wolya
1347 3965 1749 4037 Radzescbowska

126 4169 129 4176 .
201 4087 272 4178 sita
298 4089 335 4160 in
361 4096 462 4161 terra
486 4088 716 4162 Zatboriensi.
743 4090 784 4162 In
810 4111 880 4181 quo
906 4097 987 4163 sunt
1013 4091 1105 4165 lanei
1131 4091 1374 4181 ometbouaies,
1393 4090 1581 4181 dequibus
1599 4090 1748 4162 soluitur

167 4287 173 4302 ,
204 4207 329 4282 demo
355 4209 593 4301 manipularis.
1221 4290 1225 4294 ,

299 4347 451 4420 Luuczn
478 4349 785 4440 secumdum-vilia
811 4351 875 4422 sub
902 4351 1067 4441 parocbia
1093 4351 1137 4422 de
1163 4349 1561 4422 Radzesebouska
1586 4347 1749 4441 Wolya

206 4465 276 4558 sita,
301 4469 337 4539 in
364 4475 462 4540 terra
482 4467 713 4542 Zathoriensi.
748 4469 788 4541 Iu
815 4491 884 4562 qua
910 4477 992 4542 suut
1017 4471 1110 4543 lanei
1137 4470 1390 4561 emethouaies,
1417 4470 1461 4542 de
1491 4471 1616 4560 quibus
1642 4470 1746 4542 solvi-
1873 4551 1876 4558 ,

206 4591 263 4657 tur·
283 4588 416 4662 decima
441 4589 676 4680 manipularis.

304 4763 522 4840 Notandum
551 4772 685 4855 autem,
713 4766 804 4857 quod
832 4766 1007 4856 praefatos
1034 4767 1121 4840 duas
1149 4767 1300 4840 decimas
1327 4768 1362 4838 in
1390 4773 1539 4860 utraque
1565 4767 1596 4839 L
1603 4788 1747 4858 yncze
1839 4783 1844 4792 ·
1963 4773 1969 4782 “

207 4885 437 4978 manipulares,
465 4869 717 4977 occupaverant
743 4889 898 4959 nonnulli
917 4943 924 4958 .
944 4944 950 4958 .
970 4913 996 4977 .;
1023 4890 1131 4960 obbas
1158 4889 1298 4960 tandem
1325 4887 1561 4960 Thinczieusis
1575 4887 1746 4960 Matthias

178 5003 180 5010 ’
210 5001 247 5074 de
270 5005 488 5098 Skawina
514 5008 576 5079 lite
592 5008 638 5104 'in
665 5008 762 5079 curia
788 5007 944 5081 Romana
969 5010 1180 5081 adversariis
1197 5016 1234 5081 et
1252 5009 1517 5099 occupatoribus
1536 5009 1745 5080 deeimarum

211 5123 430 5208 praefatarum
456 5133 558 5218 mota
585 5148 648 5218 per
674 5133 747 5199 tres
774 5131 963 5216 sententias
990 5129 1182 5201 conformes
1209 5130 1313 5200 evicit
1339 5129 1489 5200 decimas
1506 5126 1691 5219 praefatas,
1710 5137 1747 5200 et

212 5246 297 5315 tenet
322 5267 379 5320 eas
405 5249 474 5318 iam
500 5247 747 5320 monasterium
775 5247 1001 5320 Thincziense
1028 5250 1064 5319 in
1091 5249 1235 5340 pacifica
1260 5248 1488 5338 possessione.
1707 5227 1713 5234 ⁸

305 5417 521 5502 Notandum
548 5423 662 5513 etiam,
690 5423 782 5512 quod
799 5422 974 5513 praefatas
1001 5421 1087 5494 duas
1114 5423 1264 5493 decimas
1291 5420 1523 5510 manipulares
1540 5423 1578 5492 iu
1595 5427 1744 5513 utraque

215 5529 394 5631 Leneze,
420 5548 456 5613 et
482 5543 588 5614 tertia
614 5543 650 5614 in
676 5541 863 5615 Zorzou
899 5543 942 5614 ad
970 5561 1123 5613 mensam
1150 5548 1234 5612 tuuc
1261 5541 1492 5630 episcopalem
1518 5542 1747 5633 pertinentes,

216 5659 246 5721 et
267 5677 324 5744 pro
351 5661 426 5732 iure
451 5663 665 5753 percipiendi
691 5663 843 5734 decimas
869 5661 1043 5734 novalium
1070 5663 1106 5732 in
1135 5661 1394 5752 quibuscunque
1421 5662 1529 5754 sylvis
1547 5665 1749 5735 monasterii
