4492 6592
1673 770 1762 890 143x

206 973 290 1042 iuter
316 977 418 1060 pratu
444 971 643 1044 discurrens
670 969 804 1044 dividit.
830 972 920 1043 Item
946 974 981 1043 in
1009 974 1129 1044 eadem
1157 974 1240 1044 villa
1263 980 1318 1044 est
1334 995 1433 1046 mons
1460 974 1678 1065 sulphureus,
1705 975 1748 1047 de

123 1174 129 1184 ,
208 1112 269 1183 quo
296 1091 461 1164 effoditur
487 1093 686 1190 sulphuris
705 1092 927 1184 abundantia,
955 1100 991 1164 et
1017 1095 1126 1166 ubera
1152 1096 1226 1166 eius
1253 1096 1381 1166 dantur
1401 1096 1621 1167 serenissimo
1646 1096 1752 1168 Polo„

206 1213 278 1284 niae
304 1214 389 1302 regi.
417 1213 505 1286 Item
533 1220 614 1286 sunt
641 1213 689 1286 ihi
717 1200 866 1304 quatuor
893 1215 1044 1305 piscinae
1071 1217 1298 1302 coenobiales.

299 1332 485 1424 Kamrun,
521 1335 605 1406 villa
631 1335 696 1406 suh
723 1333 889 1424 parochia
916 1335 958 1408 de
987 1335 1288 1426 Czyrnichorr
1314 1339 1401 1426 sita,
1428 1339 1525 1409 cuius
1552 1341 1749 1429 proprietas
1790 1325 1798 1333 ¹

204 1460 235 1526 et
259 1455 448 1526 dominium
477 1455 520 1528 ad
548 1457 794 1538 monasterium
813 1461 850 1528 et
866 1458 1101 1550 praepositum
1121 1457 1286 1547 Corporis
1305 1458 1435 1530 Christi
1462 1461 1625 1550 pertinet.
1651 1461 1750 1531 Hanc

204 1575 312 1646 uillam
342 1577 564 1668 praepositus
601 1575 864 1667 Gregorius
899 1583 935 1650 et
961 1584 1152 1651 conventus
1178 1577 1343 1669 Corporis
1370 1579 1501 1652 Christi
1536 1603 1600 1671 pro
1626 1583 1749 1653 maiori
1854 1654 1858 1658 .

204 1701 296 1787 parte
325 1699 414 1769 emit
440 1719 461 1768 a
487 1697 737 1770 Petrassio
772 1703 808 1770 et
833 1699 1061 1789 Margaretha
1088 1706 1250 1772 consorte
1277 1710 1340 1772 s'ua
1365 1701 1573 1772 haeredibus
1600 1702 1643 1772 de
1669 1701 1749 1772 Ka-

100 1845 101 1864 1
205 1839 325 1908 myen
354 1825 392 1890 et
418 1818 584 1890 fratribus
603 1840 722 1890 eorum
741 1819 1038 1912 Swyaslrone,
1064 1821 1234 1911 Iohanne,
1252 1822 1405 1911 Nicolao,
1423 1821 1567 1893 Andron
1584 1827 1620 1894 et
1636 1821 1769 1894 Adam

205 1959 240 2008 ac
265 1960 385 2010 sorore
415 1960 534 2012 eorum
562 1941 769 2012 Helizabeth
797 1963 887 2014 anno
913 1936 1053 2014 Domini
1076 1943 1174 2013 1408
1202 1964 1266 2033 pro
1285 1943 1483 2033 quingentis
1509 1945 1635 2014 marcis
1661 1944 1750 2014 lato-

100 2095 101 2102 *
205 2080 272 2130 rum
299 2082 502 2150 grossorum
530 2061 767 2152 Prageusium.
804 2061 975 2134 Processu
1002 2085 1085 2135 vero
1112 2065 1280 2154 temporis
1307 2041 1470 2134 videlicet
1495 2085 1586 2134 anno
1612 2064 1751 2135 Domini

100 2171 101 2176 ’
208 2180 308 2252 1429.
337 2181 430 2252 idem
459 2180 721 2274 Gregorius
748 2185 967 2274 praepositus
994 2189 1030 2256 et
1058 2189 1248 2256 conventus
1274 2185 1477 2256 monasterii
1505 2184 1670 2275 praelati,
1695 2207 1751 2256 re·

204 2301 330 2374 rituam
359 2308 490 2374 sortem
517 2305 619 2376 villae
646 2304 824 2395 praefatae
851 2305 988 2396 Kamy
1001 2325 1052 2406 en
1082 2327 1103 2376 a
1129 2305 1273 2378 Nicolao
1296 2312 1333 2377 et
1351 2304 1557 2390 Marczissio
1583 2304 1752 2378 fratribus
1895 2297 1899 2302 ’

205 2443 261 2512 pro
289 2432 427 2496 centum
456 2427 581 2498 marcis
600 2431 636 2496 et
652 2405 790 2498 duobus
814 2427 968 2516 pelliceis
994 2427 1162 2517 leporinis
1188 2433 1398 2498 coemerunt
1423 2427 1464 2498 Iu
1482 2448 1553 2518 qua
1570 2427 1653 2498 villa
1671 2432 1753 2498 suut

100 2565 101 2574 ¹
203 2545 286 2616 lanei
314 2547 562 2635 cmethouales‚
589 2547 784 2638 dequibus
812 2548 958 2620 solvitur
993 2568 1057 2638 pro
1084 2567 1199 2620 annuo
1226 2568 1333 2619 ceusu
1351 2603 1467 2617 .....
1506 2549 1594 2619 Item
1621 2555 1676 2620 est
1702 2548 1752 2620 ibi

204 2667 375 2756 praedium
404 2668 620 2757 coenobiale,
659 2668 701 2739 de
729 2669 826 2741 cuius
853 2669 948 2759 agris
984 2668 1132 2742 solvitur
1167 2669 1306 2740 decima·
1327 2669 1551 2759 manipularis
1586 2667 1751 2742 ecclesiae

100 2865 101 2890 ἶ
205 2789 389 2879 parochiali
417 2790 454 2860 iu
481 2788 794 2881 Czyrnichow.
838 2791 925 2861 Item
952 2811 1021 2862 non
1048 2796 1103 2862 est
1129 2791 1292 2880 taberna,
1331 2811 1401 2862 nou
1428 2795 1483 2862 est
1507 2791 1751 2862 molendinum
1827 2787 1831 2794 '

206 2909 285 2980 ltem
313 2930 436 2981 omnes
462 2911 554 2982 lanei
581 2912 814 2983 emethonales
850 2911 989 2982 solvunt
1016 2911 1183 2983 decimam
1211 2912 1461 3002 manipularem
1486 2917 1525 2983 et
1550 2912 1750 3001 canapalem

100 3017 103 3108 ἶ
205 3031 363 3102 ecclesiae
400 3033 436 3102 in
465 3031 789 3124 Czyrnichour,
825 3039 860 3104 et
886 3033 984 3103 valor
1020 3033 1094 3104 eius
1131 3032 1336 3104 aestimatur
1370 3032 1415 3102 ad
1451 3032 1571 3104 decem
1606 3053 1750 3104 marcas

100 3235 102 3250 Ι
168 3164 170 3172 ’
205 3151 284 3222 Item
312 3158 396 3224 sunt
423 3154 471 3224 ibi
498 3153 727 3224 hortulaniae.
755 3152 916 3226 Confluat
943 3175 1018 3224 cum
1047 3153 1138 3224 uillis
1165 3153 1357 3243 Brodlo‚
1384 3153 1705 3224 Russoczicze.

100 3343 102 3368 ,
301 3274 490 3362 errnsz,
531 3275 614 3345 villa
641 3276 706 3346 suh
732 3275 898 3366 parochia
925 3274 1089 3346 ecclesiae
1125 3274 1169 3346 de
1196 3273 1488 3366 Nyegouydz
1525 3274 1611 3364 sita,
1653 3273 1751 3344 cuius

100 3463 102 3484 ‚
204 3396 396 3485 proprietas
424 3401 460 3467 et
487 3397 675 3468 dominium
702 3396 747 3468 ad
775 3397 1010 3487 praepositum
1038 3400 1074 3467 et
1101 3397 1304 3468 coenobium
1332 3395 1498 3485 Corporis
1524 3393 1658 3466 Christi
1674 3416 1753 3485 per·

167 3513 172 3538 ⁴
204 3516 294 3604 tinet,
321 3517 460 3588 ratione
488 3517 610 3588 altaris
630 3517 760 3590 Beatae
780 3517 914 3590 Mariae
933 3517 1098 3608 Virginis,
1126 3518 1163 3588 iu
1180 3517 1274 3588 dicto
1292 3516 1502 3589 monasterio
1529 3538 1592 3606 per
1610 3515 1753 3588 Petrum

100 3615 102 3704 ζ
206 3635 566 3729 Schallranyecz
600 3639 784 3712 haeredem
821 3638 864 3710 de
892 3639 1137 3728 Luczicza,
1174 3639 1461 3714 succamerarium
1489 3635 1753 3710 Cracoriensem

100 3743 101 3808 ἶ
205 3763 238 3828 et
260 3760 480 3849 capitaneum
493 3760 817 3850 ·Laucziczieusem,
844 3781 936 3832 auno
962 3760 1101 3832 Domini
1133 3762 1231 3830 1418
1260 3759 1376 3848 erecti,
1405 3759 1504 3831 etin
1531 3758 1626 3830 dicta
1643 3757 1752 3830 eccle-

207 3880 253 3948 sia
279 3879 446 3970 Corporis
473 3880 604 3952 Christi
632 3903 740 3972 prope
767 3883 878 3954 maius
905 3882 1016 3952 altare
1045 3882 1113 3952 siti.
1149 3881 1249 3952 Hauc
1275 3881 1391 3950 villam
1419 3880 1596 3970 praetatus
1623 3878 1752 3948 Petrus

207 3997 566 4094 Sohalfranyecz
607 4004 649 4074 de
689 4003 931 4093 Luczieze,
972 4002 1245 4074 succamerarius
1280 4000 1537 4091 Cracoriensis,
1573 3999 1752 4090 praedicto

206 4123 412 4194 monasterio
440 4121 603 4214 Corporis
631 4123 762 4194 Christi
798 4129 834 4193 et
859 4145 922 4213 pro
949 4123 1106 4214 praelato
1143 4122 1246 4193 altari
1272 4122 1404 4193 &atae
1430 4120 1567 4192 Mariae
1594 4120 1752 4210 Virginis
2003 4203 2007 4217 Ι

206 4241 380 4314 indolem
408 4249 609 4334 perpetuam
646 4245 832 4334 largitione
867 4251 1036 4335 perpetua
1062 4249 1098 4315 et
1125 4242 1356 4332 irrevocabili,
1382 4262 1460 4314 cum
1488 4241 1582 4312 omni
1608 4241 1756 4331 integri·
1885 4339 1889 4342 ²
1973 4244 1981 4250 “
2033 4229 2040 4239 ’

207 4367 274 4434 tate
300 4371 336 4436 et
364 4365 588 4466 plenitudine,
616 4365 701 4436 nihil
729 4365 796 4438 sibi
823 4367 908 4436 iuris
936 4371 998 4454 aut
1024 4365 1250 4455 proprietatis
1277 4364 1315 4434 iu
1347 4384 1390 4434 ea
1416 4363 1647 4453 reservando,
1674 4384 1755 4435 con-

100 4543 101 4548 ,
207 4483 281 4554 tulit
307 4491 343 4556 et
370 4485 524 4574 donarit
551 4507 654 4576 quam
681 4486 900 4558 donationem
920 4485 1207 4558 ·Vladislaus
1234 4471 1474 4557 Secundus
1501 4483 1666 4556 Polouiae
1693 4505 1755 4556 reu

209 4623 291 4676 auno
317 4607 458 4678 Domini
490 4608 597 4678 1421.
613 4607 849 4678 confirmauit
893 4607 934 4677 ln
962 4627 1030 4696 qua
1057 4612 1140 4678 sunt
1165 4606 1257 4676 lanei
1284 4605 1528 4696 cmethonales,
1555 4605 1598 4678 de
1627 4605 1756 4696 quibus

208 4745 266 4813 pro
291 4748 408 4798 annuo
435 4747 539 4800 ceusu
566 4727 749 4800 solvuntur
767 4781 960 4798 ........
996 4725 1084 4799 Item
1112 4733 1166 4798 est
1192 4727 1340 4798 taberna
1366 4727 1499 4798 hebens
1526 4747 1640 4816 agros,
1668 4747 1756 4816 quae

209 4847 305 4919 solvit
331 4869 396 4938 pro
424 4869 538 4920 annuo
566 4869 671 4920 censu
697 4854 770 4920 tres
797 4870 941 4920 marcas.
967 4849 1054 4922 Item
1082 4849 1229 4940 quilibet
1256 4849 1394 4920 cmetho
1421 4849 1465 4920 de
1491 4849 1593 4920 laneo
1619 4848 1757 4919 laborat

209 4988 305 5038 uuum
333 4969 424 5040 diem
442 4971 478 5040 in
498 4971 701 5061 septimana,
728 4949 870 5060 proprio
897 4991 1002 5042 curru
1029 4976 1090 5042 aut
1117 4975 1245 5059 aratro,
1273 4991 1336 5060 per
1362 4974 1475 5042 totum
1502 4990 1639 5041 annum.
1666 4968 1755 5038 Item

210 5087 365 5165 ducturas
391 5089 524 5162 faciunt
550 5091 595 5164 ad
621 5092 792 5162 rationem
819 5091 967 5164 dierum.
992 5092 1081 5164 Item
1109 5091 1215 5164 solvit
1241 5091 1387 5181 quilibet
1404 5143 1545 5160 ......
1584 5089 1673 5159 ltem
1699 5094 1755 5159 est

212 5208 254 5280 ibi
279 5213 376 5284 curia
402 5219 444 5288 et¹
465 5212 645 5303 praedium
672 5212 884 5302 coenobiale;
910 5213 990 5284 item
1011 5233 1130 5284 omnes
1149 5213 1224 5302 agri
1252 5211 1471 5283 cmethonum
1498 5215 1536 5282 et
1561 5209 1756 5300 praediales

212 5336 243 5402 et
278 5334 444 5406 tabernae
481 5333 619 5404 solvumt
654 5331 822 5404 decimam
857 5333 1107 5424 manipularem
1143 5333 1312 5403 ecclesiae
1346 5331 1382 5400 in
1418 5329 1757 5421 Nyegowyedz;
1890 5412 1892 5415 v

213 5451 286 5523 item
313 5461 394 5526 suut
420 5455 469 5525 ibi
496 5459 570 5525 tres
596 5453 749 5544 piscinae
777 5453 996 5526 coenobiales
1027 5458 1064 5524 et
1090 5458 1217 5544 quarta
1243 5450 1394 5540 plebani,
1420 5451 1504 5521 item
1530 5471 1599 5521 non
1628 5456 1683 5520 est
1707 5451 1758 5522 ibi

100 5599 102 5628 ι
214 5575 445 5648 molendinum.
490 5574 649 5647 Conmat
675 5597 751 5646 cum
778 5575 871 5646 villis
897 5552 1237 5666 Nyegorryedz,
1258 5571 1604 5660 Marszowicze,
1631 5570 1757 5663 Byel-

100 5669 102 5772 ξ
215 5713 383 5794 crycze,
410 5697 717 5794 Lageunylry,
744 5695 1100 5789 Wyathowicze.
