4492 6592
464 729 512 803 30

462 909 647 1010 aedificans
673 935 871 1008 habitacula
895 942 933 1007 at
960 937 1065 1008 cellas
1092 957 1156 1026 pro
1183 933 1352 1006 iratribus
1378 941 1415 1006 et
1440 933 1700 1012 reclinatorium
1727 954 1791 1024 pro
1812 932 1960 1004 infirmis
1977 939 2014 1004 et

461 1059 716 1130 miserabilibus
743 1057 910 1147 personis.
946 1056 1079 1128 Videris
1106 1062 1222 1128 autem
1249 1063 1286 1127 et
1311 1057 1442 1146 scienS,
1470 1056 1719 1127 monasterinm
1745 1054 2013 1146 Myechoviense

462 1179 614 1263 eiusdem
651 1178 782 1250 ordinis
818 1178 1091 1249 haereditatibus
1127 1185 1164 1249 et
1189 1177 1417 1268 proventibus
1443 1175 1641 1266 abundare,
1667 1182 1705 1247 et
1731 1175 1777 1246 ad
1803 1175 2012 1248 servandum

462 1299 604 1390 duplum
630 1319 809 1370 numerum
835 1297 992 1388 fratrum,
1020 1319 1120 1389 quam
1141 1299 1201 1389 qui
1227 1299 1395 1369 hactenus
1412 1276 1459 1368 ‘in
1484 1297 1744 1388 Myecboviensi
1771 1297 1921 1368 claustro
1940 1316 2013 1368 aar·

462 1427 583 1511 vatur,
611 1419 786 1511 sufficere,
822 1418 957 1509 aliquas
992 1419 1092 1506 villas
1128 1419 1396 1518 amonasterio¹
1414 1417 1693 1509 Myecboviensi,
1720 1418 1819 1505 iuxta
1845 1417 2013 1488 Rabam

461 1542 602 1614 durium
629 1543 791 1632 iacentes,
818 1541 998 1630 abstraxit,
1027 1548 1062 1613 et
1089 1541 1301 1613 monasterio
1320 1539 1466 1612 Sanctae
1481 1526 1653 1630 'fimana
1670 1560 1782 1611 novae
1798 1537 2013 1610 fundationis

461 1664 497 1734 in
515 1661 778 1736 Stradomia
804 1669 972 1754 perpetuo
991 1663 1157 1752 adiunxit,
1177 1661 1350 1732 videlicet:
1365 1660 1515 1751 'Gbelm,
1535 1660 1871 1750 Mosezenicza,
1890 1659 2014 1730 Thar-

460 1786 686 1876 gowislra,
712 1786 894 1857 tabernam
930 1791 965 1854 et
1000 1783 1198 1854 theloneum
1226 1803 1331 1872 supra
1358 1783 1544 1872 liobam,
1571 1783 1656 1854 item
1683 1782 1869 1864 Thurek
1895 1783 2014 1853 taber·

355 1946 357 1956 ·
461 1927 551 1998 nam,
577 1905 711 1998 Klay,
731 1883 1022 1997 Mscaaczyn,
1050 1903 1415 1994 Michalowicze,
1441 1902 1789 1974 Krz‘eslauicze
1815 1909 1852 1974 et
1877 1901 2015 1992 Jugo·

435 2029 601 2100 -uicze
627 2027 745 2117 villas,
760 2027 959 2098 instituens
994 2033 1031 2097 et
1066 2025 1272 2114 decernam,
1299 2024 1403 2096 utin
1430 2023 1585 2115 praefato
1614 2004 1829 2096 monasterio
1864 2022 2014 2096 Sanctae

462 2147 631 2240 Hedvigis
657 2169 767 2220 novae
793 2147 1029 2251 fundationis·
1042 2147 1260 2236 praepositus
1286 2150 1450 2236 tanquam
1478 2149 1595 2216 rector
1620 2151 1657 2216 et
1683 2151 1797 2235 capnt,
1824 2165 1902 2216 cum
1928 2145 2016 2216 (1110.
2160 2136 2161 2183 i

461 2269 603 2342 denario
630 2289 772 2342 numero
798 2267 943 2340 fratrum
970 2268 1024 2340 sui
1052 2267 1191 2357 ordinis,
1218 2266 1356 2339 assidue
1383 2287 1532 2357 manere,
1559 2287 1632 2338 rem
1659 2267 1811 2338 div-inam
1841 2287 1949 2355 agens
1976 2271 2014 2336 et

461 2391 565 2464 horas
592 2391 772 2462 canonicas
800 2395 986 2462 nocturnas
1014 2394 1050 2460 et
1076 2387 1219 2460 diurnas
1237 2409 1321 2460 voce
1339 2407 1466 2460 sonora
1484 2393 1637 2477 cantans,
1656 2386 1871 2458 infirmorum
1890 2407 2010 2457 curam

461 2517 497 2583 et
521 2511 668 2583 fratrum
693 2516 893 2602 gerens,·et
918 2511 1164 2584 monasterium
1201 2508 1394 2599 praefatum
1421 2511 1456 2580 in
1484 2509 1724 2600 spiritualibus
1750 2514 1786 2580 et
1810 2507 2014 2598 temporali-

461 2621 807 2720 bus'adminisnans,
834 2637 1003 2722 perpetuo
1030 2631 1143 2721 degat.
1159 2609 1434 2712 'Deliberaverat
1461 2637 1577 2703 autem
1595 2631 1798 2702 coenobium
1816 2628 2013 2720 praefatum
2113 2619 2119 2622 ’

461 2753 568 2853 regiis
603 2753 802 2826 munificare
838 2752 1079 2842 libertatibus,
1115 2750 1360 2823 donationibus
1391 2757 1428 2823 et
1453 2752 1596 2842 gratiis,
1622 2757 1659 2822 et
1687 2772 1821 2822 omnem
1847 2750 2015 2840 populum

462 2875 645 2973 utriusque
680 2857 783 2945 sexus
817 2874 854 2944 in
891 2871 1156 2943 Stradom'ia
1191 2858 1423 2962 habitantem,
1450 2871 1598 2962 praefati
1633 2871 1835 2944 monasterii
1862 2870 2015 2942 subdere

462 2995 648 3086 parochiae
676 3001 712 3066 et
739 2993 881 3084 ditioni,
910 2993 971 3064 sed
997 2993 1136 3063 interim
1163 2999 1274 3064 morte
1301 2993 1543 3082 intempestiva
1570 2994 1778 3083 subtractus,
1806 3014 1893 3083 opos
1911 3012 2012 3064 snuru

390 3109 393 3118 '
462 3094 636 3188 laudabile
655 3114 891 3206 imperfectum
919 3115 1070 3204 reliquit,
1098 3114 1160 3186 sed
1186 3120 1227 3185 et'
1249 3115 1610 3205 institutionisatque
1636 3113 1770 3186 decreti
1797 3115 1850 3186 sui
1879 3111 2011 3204 norma,

464 3259 531 3327 qua
565 3243 679 3319 certas
714 3235 815 3307 villas
842 3257 864 3305 a
889 3235 989 3310 nobis
1019 3241 1156 3322 notatas
1184 3256 1205 3306 a
1231 3236 1441 3307 monasterio
1467 3222 1728 3328 Myecbouiensi
1755 3236 1949 3324 seiunctas,
1976 3241 2015 3305 et

463 3357 554 3429 dicto
590 3357 798 3427 monasterio
835 3355 981 3428 Sanctae
1018 3356 1186 3445 Heduigis
1222 3335 1356 3445 unitas,
1383 3377 1446 3446 per
1482 3359 1700 3448 praepositos
1726 3356 2013 3448 Myechorianses

462 3481 611 3549 rescissa
646 3484 682 3550 et
708 3477 838 3549 violata
873 3483 944 3568 est,
972 3483 1009 3548 et
1035 3477 1279 3548 monasterium
1306 3476 1453 3549 Sanctae
1480 3478 1648 3569 Hedvigis
1674 3499 1740 3550 sna
1763 3478 1845 3549 doto
1872 3479 2013 3567 suisque

462 3599 571 3689 villis,
606 3600 736 3690 absque
772 3593 896 3689 quibus
932 3599 1177 3670 monasterium
1213 3597 1479 3689 Myecboviense
1515 3620 1624 3690 aeque
1658 3600 1747 3672 bene
1774 3580 2013 3671 administrari

461 3727 588 3811 posset,
615 3720 782 3810 nudatum
811 3725 866 3790 est
892 3725 928 3790 et
954 3719 1150 3810 spoliatum,
1177 3703 1375 3792 successore
1401 3719 1626 3791 Kazimiri
1652 3716 1891 3792 Ludovico
1918 3720 2013 3791 Pri·

323 3826 328 3832 ’
461 3862 523 3920 mo
550 3841 714 3912 Poloniae
741 3847 777 3912 et
803 3839 1003 3930 Hungariae
1031 3861 1121 3930 rege,
1148 3841 1238 3911 lranc
1264 3839 1329 3912 Dei
1354 3847 1392 3912 et
1418 3840 1549 3912 Beatae
1575 3841 1744 3932 Hedrigis
1770 3848 1807 3912 et
1833 3842 1886 3914 sui
1905 3863 2013 3922 aruu-

461 3962 529 4032 culi
564 3963 719 4052 germani
754 3961 979 4048 Kapimiri
1014 3961 1194 4052 iniuriam,
1231 3961 1447 4052 negliganter
1481 3968 1522 4033 ut
1547 3963 1634 4034 alias
1660 3961 1803 4037 ferente.
1844 3961 2013 4034 Processu

459 4087 575 4154 tamen
612 4083 796 4173 temporis,
832 4103 894 4173 per
927 4083 1146 4173 praepositos
1181 4082 1468 4173 Mycchovienses
1503 4084 1587 4156 villa
1621 4083 1644 4154 J
1654 4084 1884 4174 ugowieze
1919 4083 2013 4154 dicto
2157 4120 2161 4134 ·

460 4205 670 4275 monasterio
698 4203 844 4275 Sanctae
871 4202 1039 4292 Hedvigis
1066 4201 1205 4274 reddita
1231 4210 1295 4292 est,
1313 4205 1452 4275 ethaeo
1469 4225 1539 4275 una
1573 4225 1616 4276 ex
1651 4205 1761 4295 priori
1792 4205 1885 4276 omni
1922 4205 2012 4294 dote,

459 4344 503 4394 ne
531 4325 669 4429 omnino
698 4345 826 4396 vacuus
852 4329 888 4396 et
915 4323 1073 4395 desertus
1100 4330 1297 4395 remaneret
1322 4325 1436 4414 locus,
1463 4347 1539 4396 cunr
1567 4326 1680 4398 tribus
1707 4327 1799 4397 areis
1825 4327 1861 4397 in
1888 4325 2012 4398 Stra·

319 4431 322 4442 ’
418 4535 422 4542 ¹
461 4445 629 4535 domia,
657 4436 693 4516 et
720 4451 870 4536 quatuor
896 4445 1055 4517 domibus
1082 4445 1118 4515 in
1145 4443 1392 4536 Oracovia,
1420 4446 1519 4518 salva
1543 4447 1720 4518 remansit.
1755 4445 2011 4518 Elizabetb

460 4565 584 4638 deinde
620 4565 785 4638 Poloniae
820 4573 857 4638 et
882 4565 1083 4656 Hungariae
1111 4567 1250 4658 regina,
1276 4567 1399 4642 relicta
1425 4567 1584 4639 Caroli
1611 4567 1832 4659 Hungariae,
1858 4569 2011 4658 genitrix

460 4685 686 4760 Ludoviei
704 4686 886 4760 ‘Poloniae
914 4693 950 4758 et
976 4686 1196 4778 Hungariae,
1223 4694 1259 4758 et
1285 4709 1386 4760 soror
1410 4709 1576 4779 germana
1603 4688 1805 4769 Oasinrir
1811 4691 1844 4779 i,
1870 4689 2011 4780 filiaque

459 4806 699 4879 Vladislai
726 4807 907 4879 Loktck
933 4807 1098 4892 Poloniae
1126 4829 1265 4898 regum,
1291 4811 1448 4898 germem
1475 4811 1529 4881 sui
1555 4809 1776 4883 Gasimiri
1803 4812 1896 4902 regis
1924 4827 2010 4902 opus

450 4931 660 5012 ¹monasterii
701 4928 872 5020 praefati,
904 4929 995 5020 quod
1035 4928 1272 5019 imperfectum
1312 4936 1349 5000 et
1388 4931 1582 5020 neglectum
1618 4938 1731 5004 morte
1760 4914 1830 5003 ⁸sarra
1865 4939 2012 5024 sequuta

458 5056 691 5142 remanserat,
727 5051 994 5142 resuscitatura,
1022 5050 1070 5122 ad
1101 5050 1304 5140 petitionem
1340 5049 1519 5123 Benedicti
1546 5050 1774 5144 (lucanensis,
1801 5060 1838 5125 et
1864 5053 2011 5126 Martini

459 5171 755 5262 Myecboviensis,
781 5173 1067 5262 wpraepositorum
1088 5171 1235 5265 ordinis
1271 5170 1445 5261 praefati,
1463 5193 1527 5263 per
1561 5173 1698 5245 litteras
1725 5195 1806 5246 suas
1834 5175 2011 5265 speciales,

459 5314 603 5381 quarum
630 5293 774 5365 inferius
802 5293 1009 5364 subiciamus
1036 5292 1230 5383 exemplar,
1257 5291 1359 5364 Anno
1386 5293 1525 5364 Domini
1556 5294 1653 5366 1375
1676 5296 1882 5388 ,monasterii
1909 5317 2011 5386 prae-

458 5412 519 5500 fati
545 5402 691 5500 Sanctae
727 5414 895 5504 Hedvigis
930 5413 1183 5504 fundationem,
1210 5434 1232 5484 a
1257 5412 1367 5484 fratre
1394 5435 1457 5485 suo
1484 5413 1711 5487 Casimiro
1738 5415 1884 5507 factam,
1910 5417 2010 5489 inno·

459 5533 572 5634 ravit,
599 5540 635 5603 et
662 5535 755 5606 illud
775 5521 810 5604 in
838 5536 1108 5640 possessionem,
1136 5539 1344 5624 potestatem
1372 5541 1409 5606 et
1434 5535 1600 5607 ditionem
1628 5538 1819 5627 praepositi
1845 5522 2010 5628 Myecbo·

460 5653 589 5724 aiensis
616 5661 652 5724 et
676 5654 823 5726 fratrum
843 5658 974 5727 ordinis
992 5657 1147 5728 eiusdem
1165 5654 1321 5728 subiecit.
1348 5655 1419 5728 Sub
1437 5659 1653 5747 temporibus
1670 5665 1785 5730 autem
1806 5657 2010 5731 Vladislai
