4492 6592
1527 839 1530 844 .
1612 746 1616 752 ’
1658 787 1739 871 ‚aaa

137 1043 140 1048 .
190 983 385 1078 proprietas
421 989 457 1055 et
491 983 679 1064 dominium
717 982 764 1056 ad
788 989 1043 1088 monasterium
1067 987 1378 1060 sanctimonialium
1407 991 1569 1081 pertinet.
1605 989 1645 1064 In
1663 1015 1745 1085 oua

188 1111 264 1180 mut
282 1109 417 1196 septem
446 1106 536 1180 lanei
565 1107 809 1195 emethonales,
837 1107 879 1178 de
908 1127 1052 1198 quorum
1081 1109 1236 1200 quolibet
1263 1110 1448 1182 solvuntur
1466 1111 1740 1188 sedecim-scotti

188 1227 376 1306 communis
412 1227 596 1318 pecuniae,
632 1228 714 1298 item
753 1228 820 1300 duo
857 1248 1022 1320 capones,
1050 1229 1133 1301 item
1158 1231 1296 1322 ,viginti
1325 1253 1408 1320 ova,
1436 1234 1517 1306 item
1548 1235 1615 1308 duo
1643 1239 1744 1343 casei,

144 1425 147 1430 ,
186 1353 264 1424 item
291 1367 357 1438 pro
389 1346 559 1442 rapodone
586 1347 628 1418 dc
655 1348 755 1420 laneo
784 1350 923 1420 solvunt
951 1349 1100 1420 medium
1124 1371 1294 1442 grossum,
1313 1353 1397 1424 item
1416 1375 1576 1450 oprowne
1593 1356 1742 1429 medium

184 1487 348 1562 grossum.
377 1468 464 1542 Item
493 1469 535 1539 de
563 1469 718 1559 quolibet
745 1470 843 1542 laneo
871 1471 1054 1542 solvuntur
1081 1471 1149 1544 duo
1178 1473 1274 1546 chori
1294 1495 1434 1564 avenae,
1453 1497 1636 1549 mensurae
1655 1474 1764 1550 Ora-¹

123 1585 151 1661 .·
186 1591 353 1666 amasis
383 1573 565 1660 anema
593 1589 680 1661 nom
696 1591 854 1682 ,quiana
881 1593 1017 1664 amano
1037 1571 1087 1664 ae
1115 1593 1215 1664 laneo
1244 1592 1384 1666 aleno·
1408 1594 1440 1667 s.
1468 1595 1669 1687 monam,
1698 1600 1742 1670 aa

125 1777 128 1783 Δ
187 1714 305 1786 iestnm
335 1711 456 1782 Sancti
483 1709 662 1799 Iohannis.
690 1718 831 1784 tenetur
857 1719 930 1784 tres
959 1713 1032 1784 dies
1059 1699 1220 1785 laborare
1248 1717 1389 1805 proprio
1417 1737 1522 1788 curru
1542 1718 1595 1789 vel
1615 1725 1741 1808 aratro,

169 1857 207 1905 a
231 1834 319 1907 lesto
347 1851 432 1904 vero
459 1831 576 1904 Sancti
605 1831 786 1921 lohanniS,
814 1834 856 1905 ad
884 1834 1009 1904 festum
1029 1833 1147 1905 Sancti
1166 1833 1357 1924 Michaelis,
1376 1837 1531 1927 quolibet
1550 1839 1605 1909 die
1623 1845 1742 1916 tenen-

188 1965 242 2026 tur
276 1955 456 2036 laborare,
493 1957 633 2051 praeter
669 1953 758 2024 diem
801 1955 955 2043 sabbati,
991 1955 1025 2026 in
1064 1977 1131 2046 qno
1168 1960 1283 2027 tamen
1311 1979 1400 2029 unns
1427 1958 1530 2030 bomo
1558 1960 1601 2031 de
1628 1961 1738 2052 laneo,

148 2132 153 2157 ,.
190 2075 381 2166 colligendo
408 2074 555 2164 foenum,
583 2079 724 2148 tenetur
752 2075 929 2166 laborare,
957 2075 1125 2152 medietas
1152 2081 1267 2147 tamen
1295 2077 1397 2148 vlllac
1426 2085 1543 2169 vacat,
1573 2082 1741 2154 medietas

152 2251 155 2276 2
189 2199 330 2270 laborat.
374 2198 461 2266 Item
491 2180 644 2269 tabenna
680 2201 734 2268 es't
759 2197 807 2269 ibi
835 2197 968 2269 habeus
1005 2203 1126 2288 ag'ros,
1154 2219 1242 2288 qnae
1270 2219 1333 2289 pro
1361 2220 1475 2272 annuo
1504 2205 1606 2272 censu
1637 2202 1743 2274 soluit

191 2339 285 2390 unarn
315 2337 466 2390 marcam
495 2339 571 2390 cum
600 2314 722 2406 media,
750 2325 798 2391 et·
812 2337 930 2410 unum,
945 2318 1092 2410 lapidem
1114 2320 1188 2410 sepi
1207 2318 1427 2409 monasterio,
1447 2323 1577 2412 etipsa
1595 2325 1742 2396 taberna

139 2517 142 2523 ,
190 2440 288 2512 babet
321 2459 431 2512 unum
467 2439 623 2528 laneam,
651 2461 693 2511 er
721 2447 853 2531 septem
885 2441 994 2542 laneis
1023 2436 1187 2531 superius
1210 2441 1359 2532 scriptis.
1400 2441 1487 2512 Item
1515 2449 1569 2514 est
1597 2444 1646 2514 ibi
1672 2466 1742 2516 una

192 2561 404 2649 hortulania,
433 2561 564 2634 babens
601 2583 712 2652 agros,
728 2581 828 2654 ,quaa
865 2583 927 2652 pro
956 2583 1070 2633 annuo
1098 2583 1203 2634 censu
1230 2562 1335 2634 solvit
1361 2582 1465 2634 anum
1493 2564 1679 2655 fertonem,
1707 2571 1744 2638 et

191 2683 323 2756 laborat
359 2699 480 2754 unum
503 2682 591 2754 diem
628 2683 790 2773 pedester
826 2683 861 2754 in
889 2683 1089 2774 septimana.
1129 2683 1216 2754 Item
1243 2689 1407 2756 tenentur
1432 2691 1502 2755 tam
1531 2687 1743 2758 cmethonea

141 2855 144 2860 -
191 2804 392 2874 tabemator
427 2808 462 2874 et
497 2804 705 2875 hortulanus
741 2803 783 2874 ad
820 2801 998 2899 powodom
1035 2809 1237 2895 utramque,
1264 2804 1426 2876 videlicet
1462 2805 1680 2876 aestivalium
1708 2811 1744 2878 et
1884 2873 1905 2894 ,.

136 2981 139 2988 κ
191 2925 394 3016 hyemalium
421 2925 681 2996 frumentorum.
710 2923 809 3005 Item¹
825 2925 910 2995 dant
936 2931 1007 2996 tam
1026 2925 1233 3015 cmetbones,
1251 2927 1455 2998 tabernator
1473 2933 1508 2998 at
1525 2927 1742 3018 hortulaum,
1870 3007 1877 3015 ,
1987 2917 1991 2924 ’

193 3045 349 3118 decimam
380 3046 639 3137 manipularem
667 3051 703 3116 et
730 3067 793 3136 per
820 3049 969 3138 quatuor
996 3046 1136 3137 ierugas
1150 3047 1362 3136 ‘canapalem
1389 3047 1432 3117 de
1460 3047 1563 3138 agris,
1583 3049 1641 3139 qui
1661 3055 1742 3120 sunt
1838 3059 1843 3068 “

191 3173 502 3240 transtorrentem
539 3166 802 3258 Sthanycza
838 3166 1056 3257 praebendae
1084 3165 1325 3258 Oracoviensi,
1354 3188 1440 3258 quae
1468 3174 1613 3240 vocatur
1641 3167 1742 3240 Stha-

192 3289 427 3378 nyatneczska,
455 3295 496 3380 et¹
517 3287 685 3361 inducunt
712 3304 786 3360 eam
816 3287 966 3380 propriis
994 3289 1154 3361 curribus
1180 3290 1216 3360 in
1243 3283 1407 3361 horreum
1435 3292 1639 3363 acanonico
1658 3288 1742 3364 Cra·-

194 3411 337 3483 coviensi
370 3412 571 3499 locandum,
599 3417 634 3482 et
671 3411 769 3483 valor
805 3411 877 3482 eius
914 3405 1127 3482 aestimatur·
1148 3411 1192 3483 nd
1220 3416 1369 3503 quatuor
1394 3433 1552 3502 marcas;
1579 3413 1622 3484 de
1650 3413 1743 3505 agris

142 3601 144 3611 ,
194 3551 287 3620 raro,
315 3534 375 3623 qui
404 3539 485 3604 sunt
521 3533 610 3604 oltra
637 3536 829 3604 torrentem
857 3515 1135 3624 Stb'anycza,
1162 3533 1254 3604 cedit
1282 3533 1418 3604 decima
1440 3555 1505 3624 pro
1532 3535 1742 3606 monasterio

195 3651 581 3746 iuSthanyatbky.
609 3651 901 3744 [comprecatam
930 3641 1045 3724 est'in
1073 3652 1194 3724 eadem
1222 3653 1304 3722 uilla
1331 3651 1539 3742 coenobiale,
1567 3655 1656 3725 satis·
1679 3654 1741 3724 bo-

196 3791 287 3862 num,
312 3775 358 3847 de
394 3775 491 3847 onius
527 3775 621 3864 agris
648 3774 814 3846 decimam
842 3771 933 3844 nulli
965 3773 1121 3861 solvunt,
1150 3771 1212 3843 sed
1237 3773 1484 3844 monasterium
1513 3793 1586 3843 eam
1614 3793 1678 3863 pro
1706 3795 1742 3844 se

197 3895 287 3966 tollit.
314 3895 402 3968 ltem
431 3903 485 3968 eat
511 3897 643 3990 piscina
670 3896 704 3967 in
734 3895 854 3967 eadem
882 3893 964 3964 villa
991 3895 1085 3966 bona
1110 3882 1329 3965 coenobialis.
1357 3893 1445 3964 Item
1472 3892 1632 3984 praelata
1652 3894 1741 3968 ,uilla
1774 3965 1778 3976 ,

198 4017 338 4089 continet
364 4037 441 4090 oum
460 4015 749 4108 villisKawluy,
777 4015 1117 4107 Stbanyatbky,
1144 4014 1384 4103 Zablocz'e,
1412 4012 1691 4106 zlomigrod.

292 4138 483 4238 Bocmern,
511 4137 674 4230 oppidum
701 4137 837 4210 habens
860 4137 896 4207 in
913 4157 960 4208 se
988 4136 1166 4208 ecclesiam
1196 4135 1438 4226 parochialem,
1466 4135 1562 4206 coins
1585 4138 1742 4228 proprie-

198 4263 255 4328 tas'
274 4260 315 4332 ad
344 4260 602 4332 serenissimum
630 4260 805 4331 dominum
842 4277 959 4349 regem
995 4255 1160 4328 Poloniae
1187 4257 1359 4348 pertinet,
1386 4257 1422 4327 in
1451 4257 1548 4328 cuins
1577 4255 1745 4358 cuniculis

199 4383 232 4451 et
253 4381 423 4473 specubus
450 4381 542 4474 sales
564 4379 705 4476 ¹glaciati
735 4378 952 4451 effodiuntur.
979 4379 1018 4448 In
1047 4379 1112 4450 hoc
1140 4378 1311 4468 quondam
1339 4377 1416 4448 loco
1445 4382 1519 4448 erat
1546 4375 1638 4467 villa,
1657 4397 1745 4468 quae

199 4501 380 4575 vocabatur
415 4501 613 4576 baereditas
649 4501 910 4588 vincentii,
949 4519 1050 4591 quam
1087 4497 1300 4570 Andreas
1337 4499 1519 4590 episcopus
1546 4497 1747 4570 Ploczensis

201 4625 401 4698 monaster-io
419 4623 462 4696 de
481 4623 811 4716 Stbanyanthlr
824 4645 855 4714 y,
884 4619 1170 4713 quemadmodum
1191 4628 1297 4711 supra
1315 4620 1541 4710 narravimus,
1561 4619 1748 4693 donatione

197 4751 358 4834 perpetua
395 4746 610 4832 contulerat;
647 4743 727 4816 dum
763 4743 880 4834 itaque
917 4743 951 4814 in
989 4741 1147 4833 praefata
1174 4741 1398 4813 namnam
1424 4739 1667 4812 Vincentii
1696 4741 1746 4813 sal
1892 4791 1900 4798 -

202 4861 312 4938 durum
340 4887 431 4938 anno
457 4865 597 4938 Domini
618 4919 732 4934 .....
752 4865 815 4936 sub
842 4864 1040 4955 principatu
1068 4861 1279 4934 Boleslai
1306 4859 1470 4933 Pudici
1498 4859 1746 4948 Oracouiensis‚

203 4980 479 5069 Sandomiricnsis
501 4993 542 5057 et
567 4985 790 5058 Lublinensis
819 4985 916 5056 ducis
943 4989 979 5056 ct
1006 4971 1178 5056 consortis
1214 5005 1297 5056 suae
1333 4984 1479 5079 virginis
1505 4982 1747 5072 Kanegun-

203 5103 280 5196 dis,
297 5109 405 5180 iliae
442 5109 583 5180 Bela'e
621 5109 713 5197 regis
750 5105 971 5197 Hungariae,
1000 5106 1096 5176 cuius
1134 5105 1302 5177 sanctitas
1337 5105 1373 5176 in
1401 5105 1490 5176 banc
1519 5104 1609 5174 diem
1638 5103 1746 5178 variis

204 5223 330 5320 mulget
365 5229 559 5319 miraculis,
586 5228 722 5302 inisset¹
746 5233 942 5319 repertum,
971 5233 1006 5298 et
1033 5226 1194 5318 oppidum
1223 5225 1449 5317 Bocbnya'
1471 5223 1561 5315 quod
1590 5229 1626 5294 et
1655 5241 1747 5294 nune

207 5353 352 5424 mittin
380 5329 602 5424 eodem'loco
629 5349 753 5423 inisset
779 5349 940 5438 locatum,
959 5348 1208 5420 Boleslaus
1235 5345 1438 5418 Pudicus
1466 5345 1535 5416 dix
1554 5343 1748 5435 praefatus,

205 5473 545 5563 recompensationem
586 5469 743 5562 praefato
784 5454 995 5541 monasterio
1034 5453 1084 5538 in*
1112 5467 1459 5574 Sthanyatblry*
1479 5485 1543 5556 pro
1577 5471 1747 5556 occupata

205 5583 406 5666 haereditate
434 5592 677 5688 Vincentii
704 5575 877 5680 iacturas,
908 5609 1103 5661 mensuram
1131 5589 1214 5659 salis
1241 5588 1364 5660 minuti
1392 5587 1461 5658 albi
1490 5586 1635 5678 singulis
1661 5587 1746 5658 heb-

206 5704 345 5792 domadis
373 5715 585 5786 monasterio
613 5715 647 5784 in
676 5711 1007 5802 Stbanyatblry
1035 5731 1077 5782 ex
1105 5709 1227 5800 zuppis
1249 5707 1525 5820 'Bocbuensibus
1544 5707 1754 5795 solvendam,

295 5897 445 5940 anamma.
460 5899 501 5939 nn.
670 5933 675 5940 .
1545 5877 1581 5923 37
1657 5865 1661 5873 ’
