4492 6592
1658 780 1732 851 431

273 984 648 1075 Wrxmoeowrczr,
678 984 763 1057 villa
791 985 857 1058 sub
882 986 1048 1075 parochia
1073 986 1117 1057 de
1134 986 1547 1083 *Racziborowicze
1574 986 1650 1077 sita
1677 1006 1735 1058 cu-

172 1109 224 1181 ins
249 1107 460 1198 proprietas
486 1106 545 1178 ad.
559 1107 811 1181 monasterium
838 1107 882 1178 de
907 1106 1084 1197 Mogila
1110 1108 1271 1197 pertinet.
1298 1107 1337 1179 ln
1365 1128 1434 1198 qua
1460 1128 1547 1179 unus
1573 1112 1628 1179 est
1645 1104 1734 1179 'eme-

173 1231 231 1301 tho
259 1228 406 1299 laneum
433 1228 576 1318 habens,
604 1235 645 1300 et
667 1228 774 1301 solvit
801 1249 904 1301 unam
931 1249 1102 1319 marcam,
1129 1228 1213 1302 item
1240 1250 1304 1300 ova
1332 1228 1487 1319 triginta,
1514 1228 1598 1300 item
1624 1229 1734 1319 gallos

174 1351 269 1438 duos,
297 1349 389 1421 item
408 1369 527 1421 caseos
544 1348 643 1439 duos;
669 1350 753 1421 item
780 1349 1042 1422 laboraturum
1068 1350 1160 1421 diem
1184 1351 1219 1421 in
1238 1350 1441 1441 septimana,
1469 1351 1611 1441 proprio
1630 1371 1734 1422 cumn

174 1478 233 1543 aut
257 1476 388 1543 aratro
414 1471 496 1543 item
513 1468 700 1566 peccabam
725 1470 874 1560 laborat;
900 1471 983 1543 item
1002 1494 1140 1567 osazycp
1168 1472 1280 1559 solvit,
1309 1470 1395 1543 duas
1423 1470 1571 1561 siliginis
1598 1491 1734 1543 mensu-

174 1614 230 1664 ras
255 1598 293 1663 et
321 1612 430 1663 unam
468 1611 607 1663 avenae.
651 1591 740 1663 Item
777 1592 925 1663 taberna
950 1612 1038 1682 una,
1073 1612 1162 1683 quae
1198 1591 1301 1664 solvit
1338 1591 1424 1663 duas
1461 1612 1604 1663 marcas.
1647 1592 1735 1663 Item

178 1712 369 1785 hortulani.
414 1712 502 1785 Item
524 1711 718 1802 praedium
745 1713 962 1801 coenobiale,
997 1712 1041 1785 de
1067 1713 1166 1785 cuius
1192 1712 1286 1803 agris
1313 1714 1560 1787 monasterium
1587 1714 1735 1803 percipit

176 1834 354 1922 decimam,
383 1840 421 1907 et
446 1832 546 1905 nulli·
559 1833 672 1904 solvit.
699 1816 787 1905 Item
814 1832 1048 1906 molendinum
1074 1854 1145 1905 uon
1171 1839 1235 1906 eet.
1270 1833 1357 1905 Item
1384 1834 1427 1905 de
1454 1834 1612 1907 omnibus
1640 1834 1735 1929 agpis

178 1956 278 2027 villae
304 1954 460 2027 solvitur
485 1961 522 2026 et
548 1955 753 2027 conducitur
779 1955 912 2029 decima
938 1955 1165 2047 manipularis
1192 1962 1227 2027 et
1254 1954 1446 2045 cauapalis,
1482 1976 1546 2045 pro
1572 1954 1737 2027 ecclesiae
1884 2003 1887 2013 ι

177 2076 420 2150 Gracovicnsis
447 2072 659 2167 episcopatu,
699 2066 748 2149 et'
761 2076 859 2150 valor
885 2078 960 2151 eius
995 2078 1201 2150 aestimatur
1228 2076 1272 2149 ad
1299 2083 1432 2167 septem
1459 2096 1612 2154 mareas,
1646 2075 1735 2149 Gon·

176 2198 256 2270 linat
290 2218 373 2271 cum
400 2176 816 2271 Racziborowic'ze.
842 2198 938 2271 Haec
964 2199 1047 2271 villa
1077 2220 1141 2289 pro
1168 2198 1379 2271 monasterio
1406 2197 1594 2289 Mogiledsi
1611 2203 1728 2289 empta

183 2327 233 2393 est
249 2340 314 2411 per
331 2318 477 2392 Petrum
505 2320 656 2412 Lipko
684 2320 727 2392 dc
754 2318 809 2393 (lr
822 2322 988 2393 aeonia
1014 2314 1187 2409 abbatem,
1205 2341 1269 2411 pro
1288 2320 1453 2393 trecentis
1471 2319 1606 2391 marcis.

277 2441 547 2533 omanorum,
574 2442 658 2515 villa
676 2442 740 2515 sub
758 2442 925 2533 parochia
946 2441 1112 2514 ecclesiae
1139 2442 1182 2513 de
1209 2441 1406 2533 Bython
1434 2441 1511 2532 sita,
1538 2441 1635 2515 cuius
1653 2462 1734 2533 pro-

180 2566 306 2655 prietas
334 2563 383 2636 ad
410 2564 658 2637 monasterium
685 2564 881 2655 Mogilense
908 2564 1070 2655 pertinet.
1105 2564 1146 2635 In
1174 2584 1241 2654 qua
1268 2571 1349 2635 sunt
1375 2562 1467 2635 lanei
1494 2564 1735 2655 emethonales,

183 2692 216 2757 et
240 2685 390 2777 quilibet
416 2686 520 2758 solvit
547 2706 611 2777 pro
638 2706 745 2759 censu
763 2740 771 2755 .
790 2739 798 2757 .
817 2740 825 2756 .
843 2681 880 2776 .‚'
906 2687 990 2758 item
1016 2707 1092 2775 ova,
1118 2685 1202 2757 item
1229 2684 1350 2780 gallos,
1377 2685 1460 2757 itam
1488 2705 1626 2776 caseos;
1652 2686 1735 2758 item

179 2807 290 2896 labor,
311 2807 400 2879 item
419 2805 579 2902 macodo,
605 2808 688 2879 item
717 2828 873 2903 ooozycp,
900 2807 984 2879 item
1010 2808 1175 2896 taberna,
1202 2807 1285 2879 item
1311 2806 1497 2897 hammoni,
1523 2807 1617 2879 item
1634 2828 1736 2897 prae-

183 2928 281 3016 dium,
306 2928 396 2999 item
423 2928 665 3000 molendinum.
693 2928 782 3000 Item
809 2928 853 3000 de
882 2927 1041 3001 omnibus
1067 2927 1162 3019 agris
1189 2926 1293 2999 villae
1321 2926 1468 3001 solvitur
1481 2982 1621 2999 ......
1648 2928 1735 3000 Item

184 3048 337 3121 scoltetia
364 3048 496 3121 tuitio
522 3048 642 3121 eadem
670 3049 763 3145 villa,
791 3049 853 3121 sed
879 3070 943 3141 per
969 3048 1217 3121 monasterium
1236 3046 1432 3138 Mogilensa
1458 3054 1575 3139 empta
1601 3054 1655 3121 est
1671 3070 1735 3140 pro

184 3176 313 3242 cantum
342 3177 382 3243 et
408 3170 527 3243 decem
550 3174 684 3244 marcis.
713 3173 753 3244 ln
772 3177 868 3245 terra
895 3170 1134 3243 Bithomiensi.
1161 3168 1333 3242 Medietas
1360 3168 1463 3243 huius
1490 3168 1594 3243 villae
1620 3178 1738 3281 empta

186 3296 234 3361 est
257 3312 320 3385 per
347 3292 561 3364 Thomam
589 3294 752 3366 abbatem
772 3292 1011 3383 Mogilensem,
1038 3312 1102 3382 pro
1129 3296 1265 3363 centum
1286 3290 1409 3380 viginti
1435 3291 1560 3363 marcis
1587 3290 1737 3365 latorum

185 3432 397 3504 grossorum,
426 3419 463 3485 et
489 3414 657 3487 medietas
694 3415 823 3487 donata
855 3412 1073 3487 monasterie
1104 3414 1140 3485 in
1168 3404 1431 3505 eleemosynam
1474 3411 1635 3517 Confluat
1661 3434 1738 3485 cum

285 3656 486 3729 Cnncovm
515 3658 621 3731 urba.
648 3659 688 3729 ln
715 3658 861 3730 civitate
887 3654 1110 3731 Gracoviensi
1135 3656 1243 3729 habet
1269 3655 1517 3729 monesterium
1543 3655 1753 3747 Mogilense-

188 3779 354 3867 propriam
394 3779 525 3851 curiam
560 3779 686 3869 latam,
723 3785 760 3851 et
785 3779 964 3870 propriam
999 3779 1138 3851 domum
1174 3776 1365 3867 lapideam,
1401 3776 1545 3849 liberam
1572 3776 1616 3849 ab
1644 3778 1737 3849 omni

189 3917 284 3970 censu
311 3901 426 3990 cirili,
452 3900 564 3990 datia,
599 3902 781 3973 exactione
807 3907 844 3973 et
869 3900 1013 3989 tributo,
1039 3920 1148 3991 prope
1175 3897 1350 3989 hospitale
1377 3897 1420 3969 de
1447 3896 1581 4007 Spiritu
1609 3896 1736 3970 Sancto
1844 3932 1848 3947 ·

191 4018 292 4091 sitam
1637 4032 1642 4041 '

285 4143 481 4231 Bocunrn,
509 4142 673 4235 oppidum
699 4143 935 4235 parochialem
962 4142 1142 4215 ecclesiam
1168 4140 1301 4221 habens
1325 4140 1361 4211 in
1380 4160 1427 4231 se,
1455 4140 1551 4213 cuius
1579 4141 1737 4231 proprie·
1851 4232 1858 4239 η

191 4268 240 4334 tas
264 4270 298 4335 et
323 4264 513 4337 dominium
532 4266 593 4336 'ad
621 4265 881 4339 serenissimum
916 4263 1082 4363 Poloniae
1118 4284 1237 4354 regem
1272 4261 1442 4354 pertinet,
1477 4262 1609 4353 inquo
1646 4262 1736 4335 sales

193 4382 402 4457 effodiuntur.
429 4385 517 4459 Item
534 4388 571 4470 in
589 4379 717 4477 oppido
744 4386 902 4477 praelate
931 4386 1149 4477 Bochnya
1175 4385 1280 4458 habet
1307 4384 1553 4457 monasterium
1581 4383 1624 4457 de
1650 4383 1737 4456 Mo-

193 4505 279 4593 gila
304 4509 456 4599 quinque
482 4508 627 4580 macella
653 4509 852 4581 carnificum
879 4514 1056 4600 perpetua
1083 4508 1171 4580 Item
1189 4486 1296 4579 habat
1313 4506 1562 4579 monasterium
1589 4505 1632 4578 de
1650 4504 1736 4578 Mo-

194 4625 282 4712 gila
306 4629 377 4701 alia
403 4628 472 4701 duo
498 4630 644 4703 macella
670 4630 868 4703 carnificum
895 4631 932 4703 in
959 4629 1079 4702 eodem
1108 4628 1235 4720 oppido
1262 4626 1498 4719 Boehnya,
1525 4648 1588 4718 per
1615 4648 1737 4701 consu·

194 4744 239 4817 les
261 4755 296 4820 et
320 4752 414 4823 cives
441 4751 554 4823 eidem
582 4752 793 4825 monasterio
829 4753 958 4825 donata
983 4758 1020 4824 et
1046 4752 1152 4825 solvit
1171 4804 1338 4821 .......
1380 4749 1471 4831 Item
1497 4749 1604 4821 habet
1631 4770 1736 4821 unum

197 4869 332 4955 speciale
357 4872 538 4945 macellum
565 4873 764 4947 carnificum
790 4875 827 4946 in
854 4873 976 4947 eodem
1003 4872 1151 4964 oppido,
1177 4892 1240 4963 per
1267 4870 1516 4950 monasterium
1542 4870 1737 4961 Mogilense

197 4992 328 5074 pecunia
352 4994 487 5066 minuta
512 5001 768 5085 comparatum,
807 4995 852 5068 de
878 5016 947 5087 quo
974 4995 1158 5067 solvuntur
1185 4994 1397 5067 monasterio
1425 4994 1602 5085 annuatim
1623 5046 1736 5061 .....

197 5106 316 5199 lapides
341 5116 426 5207 sepi.
470 5116 558 5198 Item
594 5116 702 5190 habet
737 5118 984 5191 monasterium
1011 5116 1205 5207 Mogilense
1231 5116 1300 5189 duo
1332 5114 1401 5188 alia
1428 5115 1573 5187 macella
1600 5113 1736 5186 earnifi-

200 5248 275 5321 πω,
299 5236 390 5309 ultra
417 5241 533 5312 omnia
559 5240 816 5330 suprascripta,
842 5239 971 5329 partim
1000 5238 1160 5327 vendita,
1188 5238 1314 5328 partim
1342 5236 1555 5310 monasterio
1582 5236 1618 5307 in
1646 5234 1736 5307 elee-

200 5368 360 5444 mosynam
388 5360 557 5451 inscripta
582 5367 620 5432 et
645 5360 786 5453 donata,
813 5361 944 5453 partim·
967 5366 1093 5452 empta
1119 5360 1334 5451 Itemhebet
1360 5379 1500 5431 censum
1527 5358 1736 5449 septimana-

201 5467 257 5543 lem
290 5486 364 5553 octo
399 5502 602 5572 grossorum
624 5484 664 5565 ¹iu
690 5504 804 5574 zuppo
831 5482 1027 5556 Bochnensi
1054 5488 1091 5554 et
1116 5482 1302 5555 montibus.
1346 5480 1434 5553 Item
1461 5480 1568 5553 habat
1595 5459 1742 5551 hortum

203 5588 367 5673 ineodem
395 5603 524 5694 oppido
551 5604 759 5696 Bochnensi,
785 5606 844 5697 qui
872 5606 976 5678 solvit
1003 5626 1068 5695 pro
1095 5625 1201 5675 censu
1227 5624 1330 5676 unam
1358 5622 1530 5691 marcam;
1567 5602 1648 5673 item
1676 5618 1736 5675 sex

206 5724 502 5798 crematorum
528 5746 731 5828 grossorum
758 5726 866 5801 habet
891 5727 927 5798 in
954 5722 1056 5798 domo
1083 5724 1187 5798 civili.
