4492 6592
1665 773 1738 844 305

178 967 360 1042 advocato
386 967 589 1042 Lublinensi
615 969 746 1058 dotata,
773 971 871 1044 cuins
898 971 975 1060 agri
993 971 1189 1061 praediales
1205 971 1250 1048 ad
1269 994 1374 1044 unum
1393 994 1470 1044 cum
1489 974 1603 1048 medio
1620 976 1741 1048 laneos
1862 947 1867 956 ’
1984 944 1992 957 Ι

178 1087 372 1178 mamati,
399 1090 609 1162 monasterio
637 1089 795 1180 praefato
821 1091 915 1162 clrca
940 1092 1016 1164 eius
1033 1091 1269 1164 fundationem
1287 1094 1499 1183 incorporati
1516 1102 1555 1166 et
1570 1104 1742 1186 perpetuo

178 1207 303 1280 donati
333 1215 427 1297 sunt,
454 1230 531 1282 oum
559 1211 630 1282 suis
658 1211 769 1299 pratis
795 1217 832 1282 ot
857 1211 1062 1284 attinentiis.

205 1377 213 1384 -
286 1325 447 1410 Nonum
475 1329 670 1402 allodtum.
698 1330 786 1400 Item
815 1329 1093 1402 Vladislans
1120 1331 1299 1422 praetatus
1326 1331 1492 1406 Polouiae
1518 1353 1591 1422 rex,
1608 1335 1740 1425 largius

178 1456 214 1520 et
240 1448 392 1522 uberius
423 1449 603 1538 praedium
639 1470 702 1538 pro
739 1451 950 1522 monasterio
986 1451 1142 1539 praefato
1169 1450 1317 1524 Sanctae
1344 1452 1518 1544 Brigittae
1544 1453 1740 1544 effecturus,

178 1567 340 1640 aPetro
370 1568 748 1658 Gzigelstricber
775 1569 948 1660 oppidano
976 1551 1187 1642 Lublinensi'
1205 1572 1291 1644 eunt
1315 1573 1403 1644 duos
1430 1574 1549 1646 laneos
1574 1595 1739 1664 agrorum

181 1710 256 1760 cunr
288 1690 415 1778 pratis,
442 1711 506 1778 pro
533 1687 629 1760 certa
655 1690 820 1779 pecuniae
848 1691 1052 1780 quantilate,
1079 1691 1123 1762 ad
1150 1691 1276 1764 flumen
1303 1691 1577 1766 Bistrzicza
1603 1716 1640 1766 se
1658 1716 1739 1784 pro·

180 1808 381 1897 tendentes,
410 1829 496 1898 quos
523 1830 544 1878 a
571 1809 726 1899 quolibet
752 1811 828 1880 inre
854 1810 957 1899 civili,
977 1812 1032 1882 cui
1052 1811 1224 1900 quondam
1244 1812 1389 1884 subiecti
1407 1820 1516 1902 erant,
1534 1822 1571 1884 et
1589 1835 1611 1886 a
1628 1815 1740 1905 regali

180 1929 366 2016 libertans,
394 1929 429 2000 in
457 1933 586 2000 sortem
613 1930 762 2002 contulit
784 1937 988 2020 perpetuam
1014 1931 1227 2002 monasterIo
1245 1931 1413 2021 praefato,
1431 1953 1577 2020 quorum
1596 1934 1631 2004 in
1650 1935 1740 2006 banc

182 2047 272 2120 diem
311 2049 494 2138 pacificum
530 2056 567 2120 et
600 2049 748 2120 liberum
784 2050 892 2122 habet
926 2071 1045 2138 usum,
1072 2050 1115 2122 de
1143 2051 1268 2140 quibus
1295 2051 1462 2124 decimam
1489 2054 1740 2142 manipularem

182 2169 326 2240 solvunt
354 2168 651 2246 archidiaconatui
678 2169 891 2259 nunbuensi,
918 2170 979 2242 sed
1005 2169 1101 2242 illam
1129 2193 1198 2244 nou
1216 2171 1423 2260 conducunt,
1440 2193 1553 2262 neque
1572 2171 1741 2246 decimam

183 2289 308 2380 canapi
336 2289 487 2362 solvunt.
1579 2360 1583 2370 ,

287 2407 509 2498 czrnmow,
537 2409 621 2482 villa
647 2410 711 2482 snb
738 2410 906 2499 parocbia
932 2409 1098 2487 eeclesiae
1125 2409 1169 2482 de
1196 2409 1488 2500 Grasnuycza
1514 2411 1593 2500 sita,
1611 2411 1738 2484 modus
1815 2447 1822 2460 ι

183 2537 218 2602 a
244 2531 447 2620 proprietas
474 2531 518 2602 ad
545 2531 793 2602 monasterium
829 2529 977 2602 fratrum
1004 2537 1041 2602 et
1067 2549 1225 2604 sororum
1252 2511 1515 2603 Lublinensium
1550 2533 1740 2621 pertinens,

183 2649 311 2720 donata
339 2650 452 2722 eidem
479 2651 690 2722 nonasmrn
726 2633 914 2722 donatione
949 2655 1136 2741 perpetua,
1163 2671 1226 2740 par
1252 2649 1547 2722 VIadisIaum
1573 2650 1739 2724 Secun-

184 2769 280 2840 dum
309 2769 477 2842 Polouiae
504 2791 630 2860 regem.
657 2771 697 2840 Iu
725 2791 793 2860 qna
820 2776 901 2842 sunt
927 2769 1045 2842 decem
1071 2771 1165 2842 lanei
1191 2771 1435 2860 anathematae,
1462 2791 1609 2861 quorum
1637 2772 1739 2862 quili-

185 2891 241 2961 bet
267 2909 336 2980 pro
363 2911 477 2962 annuo
514 2911 619 2964 censu
653 2891 759 2964 solvit
793 2891 942 2962 madiam
979 2911 1149 2978 marram
1183 2891 1267 2962 item
1294 2891 1442 2980 quilibet
1466 2892 1609 2982 proprio
1635 2913 1740 2964 curru

183 3009 322 3080 laborat
349 3029 470 3100 agrum
498 3011 707 3100 praedialem
735 3011 854 3082 decem
881 3011 1022 3099 diebus;
1049 3011 1135 3085 item
1160 3009 1205 3083 de
1230 3011 1330 3083 laum
1357 3011 1504 3100 quilibet
1529 3011 1635 3082 solvit
1652 3011 1739 3084 dnos

185 3130 312 3220 gallos,
340 3130 429 3202 dnos
460 3151 600 3220 caseos,
626 3130 744 3202 decern
772 3133 854 3202 ova.¹
882 3131 970 3204 Item
997 3151 1066 3207 nou
1092 3129 1225 3202 Iadnnt
1251 3129 1436 3202 ducturas·
1465 3130 1554 3202 Item
1581 3131 1617 3200 iu
1644 3134 1739 3222 agris

188 3251 422 3340 praedialibus
449 3271 512 3342 pro
539 3235 620 3324 sere
647 3253 756 3328 aratIs
783 3257 820 3322 et
846 3251 1003 3341 excsrltIs,
1031 3252 1204 3324 seminare
1230 3250 1377 3340 quilibet
1402 3257 1542 3327 tenetur
1569 3251 1613 3322 de
1630 3272 1741 3324 avena

187 3372 329 3461 propria
355 3379 393 3444 at
418 3372 564 3461 munda,
591 3371 678 3444 duos
704 3393 804 3444 coros
832 3391 1014 3444 mensurae
1040 3371 1197 3461 adunallo
1223 3377 1260 3442 et
1285 3369 1410 3460 planae
1437 3369 1678 3458 Lublinensis;
1704 3371 1741 3442 in

140 3583 147 3590 ι
187 3493 277 3580 agris
315 3513 400 3564 vero
437 3511 500 3582 pro
535 3493 675 3582 hyeme,
697 3497 865 3566 tenentur
896 3493 1067 3564 schuare
1094 3491 1182 3564 duos
1208 3510 1310 3562 coros
1336 3489 1500 3580 siliginis,
1527 3489 1571 3562 de
1599 3490 1739 3582 siligine

188 3607 389 3684 monasterii
424 3633 605 3684 mensurae
642 3613 881 3702 LubIIneosis3
907 3617 944 3684 et
969 3631 1073 3702 agros
1099 3617 1263 3684 tenentur
1288 3631 1408 3698 arare,
1435 3609 1636 3700 disponere,
1663 3617 1741 3682 sata

188 3737 324 3821 uetere,
352 3739 389 3804 et
415 3734 565 3823 propriis
593 3734 752 3806 curribus
779 3733 981 3808 conducere.
1007 3731 1094 3804 Item
1121 3735 1203 3805 suot
1221 3732 1258 3802 in
1275 3729 1397 3802 eadem
1415 3729 1498 3800 villa
1516 3729 1605 3800 duae
1622 3731 1740 3802 taber-

189 3862 268 3940 nae,
295 3861 333 3926 et
361 3853 537 3943 quaelibet
563 3854 669 3931 habet
703 3854 865 3944 proprios
901 3873 1022 3942 agros,
1050 3857 1086 3922 et
1111 3850 1290 3941 quaelibet
1316 3850 1464 3921 taberna
1490 3849 1595 3920 solvit
1621 3871 1739 3922 mona-

190 3973 292 4044 storto
319 3995 385 4064 pro
412 3995 528 4048 annuo
553 3995 661 4046 censu
684 3993 889 4064 sexagenum
908 3993 1011 4044 uuam
1030 3971 1198 4062 paenulae
1215 3969 1415 4056 communis,
1433 3975 1469 4040 et
1487 3968 1574 4040 nihil
1591 3969 1739 4058 laborat,

191 4111 297 4182 neque
326 4115 446 4184 sepum
465 4094 578 4184 solvit,
597 4115 708 4185 neque
726 4115 800 4184 ova,
820 4111 931 4184 neque
950 4113 1079 4164 caseos.
1105 4090 1195 4163 Item
1213 4110 1281 4160 uon
1301 4088 1442 4163 solvunt
1459 4084 1657 4158 crotoniatae
1677 4110 1740 4160 seu

185 4209 376 4308 postponam
401 4215 485 4288 item
511 4213 691 4310 pomulam
717 4236 785 4286 nou
811 4215 993 4302 laborant,
1020 4231 1133 4302 neque
1159 4231 1223 4300 pro
1249 4229 1350 4296 sere,
1377 4229 1488 4299 neque
1515 4229 1579 4298 pro
1606 4209 1739 4299 hyeme.

190 4329 271 4404 Item
307 4335 345 4406 iu
381 4333 498 4409 eadem
535 4335 618 4411 villa
653 4341 707 4408 est
741 4355 810 4406 uua
844 4333 1061 4421 hortulauia,
1089 4338 1126 4402 et
1159 4329 1366 4402 hortulanus
1401 4328 1507 4399 solvit
1533 4349 1597 4417 pro
1624 4349 1738 4401 annuo

192 4471 300 4545 ceusu,
328 4477 432 4528 unum
458 4454 638 4543 fertonem,
666 4455 751 4528 alias
779 4454 959 4526 duodecIm
985 4473 1137 4544 grossos,
1164 4457 1201 4522 et
1226 4449 1340 4523 nullos
1365 4447 1451 4520 facit
1476 4449 1624 4520 labores.
1651 4449 1739 4523 Item

193 4576 374 4666 protegit
409 4576 560 4648 statione
595 4575 682 4649 nihil
719 4573 875 4662 solvunt,
904 4573 1074 4646 sedeunt
1109 4574 1154 4644 ab
1180 4591 1222 4644 ca
1248 4570 1447 4642 emethoues
1474 4570 1601 4660 singuli
1627 4570 1740 4642 liberi.
1821 4611 1825 4626 ·

193 4690 274 4764 Item
299 4701 373 4768 tam
399 4696 490 4768 lanei
517 4695 762 4782 cmetbonales,
789 4715 891 4785 qnam
918 4696 995 4785 agri
1021 4695 1257 4781 tabernarum,
1284 4690 1423 4763 solvunt
1442 4690 1739 4776 decimammani-

194 4813 343 4900 nuaram
369 4815 534 4888 ecclesiae
570 4815 760 4905 parochiali
795 4814 915 4888 Sancti
941 4815 1034 4886 Vitti
1061 4816 1097 4886 in
1125 4811 1247 4904 Gory
1282 4831 1391 4902 prope
1418 4808 1738 4900 Sandmiriam,

195 4935 228 5002 et
251 4941 414 5008 tenentur
442 4956 517 5014 eam
545 4935 677 5008 Incolae
703 4936 854 5026 propriIs
882 4937 1042 5008 curribus
1070 4934 1263 5008 conducere
1289 4933 1325 5004 iu
1351 4931 1517 5002 borreum
1543 4950 1564 5000 a
1590 4929 1758 5019 plebano-

196 5049 235 5124 de
260 5033 379 5147 (lory
406 5056 597 5145 locandum,
623 5063 660 5128 et
686 5057 784 5130 valor
811 5057 885 5128 eins
912 5057 1117 5130 aestimatur
1145 5055 1190 5128 ad
1206 5059 1339 5143 septem
1357 5071 1511 5139 marcam
1538 5049 1739 5140 canapalem

198 5179 304 5248 autem
341 5177 507 5250 decimam
543 5197 586 5250 es
623 5177 868 5252 consuetudine
902 5177 1121 5268 praescripta
1152 5197 1221 5247 nou
1247 5172 1396 5246 solvunt
1440 5169 1528 5240 Item
1554 5171 1590 5240 in
1617 5170 1738 5242 eadem

197 5291 273 5367 villa
296 5302 352 5370 est
378 5297 543 5387 scoltetia,
572 5317 659 5388 quae
686 5297 792 5370 habet
818 5297 904 5372 duos
931 5297 1049 5370 laneos
1077 5315 1240 5386 agrorum
1268 5292 1416 5378 liberos,
1442 5295 1479 5360 et
1505 5311 1609 5360 unam
1635 5290 1738 5382 pIsci7

199 5431 286 5506 nam,
320 5421 356 5488 et
387 5423 526 5490 tenetur
563 5417 696 5490 servire
731 5417 940 5492 monasterio
969 5418 1004 5488 iu
1031 5437 1119 5506 equo
1147 5413 1312 5505 proprio,
1338 5429 1553 5500 quocumque
1579 5410 1738 5482 mittitur.

198 5529 276 5606 Ihm
310 5537 400 5610 idem
437 5537 603 5610 scoltatns
639 5537 683 5610 de
709 5538 803 5628 agris
841 5539 911 5608 scis
939 5537 1000 5610 dat
1026 5536 1194 5612 decimam
1219 5529 1488 5621 manipularem,
1515 5535 1552 5602 et
1577 5531 1739 5602 conducit

200 5670 267 5726 eam
299 5678 363 5748 pro
399 5657 545 5748 plebano
581 5663 618 5730 et
652 5679 715 5746 pro
743 5657 889 5728 ecclesIa
922 5656 1114 5746 parochiali
1141 5657 1178 5728 iu
1204 5651 1504 5742 Grasznicza,
1531 5672 1553 5722 a
1579 5645 1746 5744 canapali‘

292 5797 339 5841 lla.
352 5799 448 5841 nmmo.
462 5799 505 5840 m.
1037 5843 1047 5863 x
1532 5799 1570 5849 39
