4492 6592
1687 835 1762 908 345

308 1025 474 1118 Srunur,
500 1029 584 1101 villa
610 1029 674 1102 sub
701 1031 866 1121 parocbia
892 1031 1058 1104 ecclesiae
1085 1033 1128 1104 de
1155 1029 1282 1106 Nova
1300 1034 1514 1110 ¹Saudecz
1541 1040 1627 1130 sita,
1666 1042 1764 1116 cuius

197 1149 408 1239 proprietas
426 1155 463 1220 et
481 1149 668 1222 dominium
697 1151 741 1222 ad
760 1153 1037 1226 sanctimoniales
1064 1153 1107 1225 de
1135 1152 1343 1246 Antiqua
1370 1156 1574 1230 Saudecz
1600 1163 1763 1251 pertinet.

162 1329 166 1337 .
198 1269 239 1340 In
269 1290 346 1359 qua
375 1291 444 1342 non
471 1277 553 1342 sunt
579 1271 691 1361 aliqui·
721 1271 813 1344 lanei
841 1273 1093 1364 emethouales‚
1131 1274 1192 1346 sed
1219 1278 1459 1350 tantummodo
1486 1280 1685 1371 praedium,
1720 1284 1763 1355 de

198 1411 269 1481 quo
299 1390 394 1462 nulli
421 1391 560 1463 solvunt
587 1392 771 1482 decimam,
813 1393 977 1465 sedeam
1014 1415 1078 1485 pro
1106 1416 1144 1466 se
1171 1397 1451 1470 sanctimoniales
1486 1399 1530 1470 de
1557 1398 1765 1492 Antiqua
1823 1454 1826 1465 .

196 1509 419 1584 Saudecz
445 1513 642 1604 percipiunt
668 1519 704 1585 et
730 1514 906 1605 inducunt.
933 1513 1094 1587 Confluat
1120 1536 1198 1587 cum
1218 1570 1332 1586 .....
1425 1563 1430 1568 -
1618 1532 1622 1541 ’

308 1632 529 1724 Ponnsnzn,
556 1635 639 1707 uilla
665 1635 730 1708 sub
757 1636 923 1726 parochia
949 1637 1115 1708 ecclesiae
1143 1636 1187 1708 de
1214 1633 1342 1709 Nova
1368 1637 1575 1711 Saudecz
1603 1643 1680 1732 sita,
1707 1663 1765 1714 cu·

199 1756 255 1825 ius
285 1755 491 1845 proprietas
519 1762 555 1827 et
582 1757 770 1828 dominium
798 1757 842 1829 ad
870 1757 1160 1830 sanctimoniales
1178 1759 1416 1850 Antiquae
1451 1759 1656 1833 Saudecz
1683 1783 1763 1853 per·

198 1875 301 1947 huet.
332 1875 376 1948 In
405 1897 473 1968 qua
498 1899 567 1949 nou
595 1883 676 1949 suut
702 1879 810 1969 aliqui
836 1879 927 1949 lanei
955 1877 1200 1969 cmethonales,
1227 1878 1367 1970 dempto
1386 1901 1463 1970 uuo,
1491 1883 1551 1984 qui
1569 1904 1632 1972 pro
1651 1903 1766 1955 annuo

201 2017 310 2068 censu
342 1997 664 2072 sanctimonialibus
692 1999 735 2070 de
761 1999 966 2090 Antiqua
993 1999 1196 2071 Saudecz
1232 2000 1337 2071 solvit
1355 2055 1495 2070 ......
1522 2001 1608 2073 Item
1636 2010 1690 2074 est
1716 2005 1766 2074 ibi

201 2101 412 2208 praedium,
447 2119 585 2217 dequo
613 2119 892 2191 sanctimoniales
928 2119 1013 2224 nulli
1050 2119 1190 2192 solvunt
1217 2119 1401 2210 decimam,
1437 2121 1601 2193 sedeam
1637 2143 1701 2213 pro
1729 2143 1767 2195 se
1914 2165 1924 2176 ,

201 2238 346 2329 tollunt,
376 2241 474 2312 etin
501 2241 665 2312 horreum
693 2261 792 2314 suum
819 2240 995 2331 inducunt,
1023 2243 1120 2312 cuius
1143 2237 1242 2313 valor
1268 2242 1474 2313 aestimatur
1500 2241 1545 2313 ad
1572 2242 1657 2315 duas
1676 2265 1766 2314 mar-

203 2382 271 2431 cas.
301 2359 394 2432 Item
422 2360 466 2432 de
492 2359 650 2451 praefato
677 2383 746 2433 uno
773 2363 873 2434 laneo
901 2363 1109 2435 emethouali
1133 2361 1282 2434 soluitur
1308 2361 1441 2434 decima
1468 2341 1703 2454 manipularis,
1730 2371 1768 2436 et

203 2501 267 2572 per
297 2485 455 2572 quatuor
480 2483 617 2573 ienugas
643 2483 830 2574 cauapulis.
856 2481 1017 2555 Gonfiuat
1044 2503 1120 2554 cum
1140 2537 1255 2552 .....
1629 2491 1635 2498 ’

310 2602 569 2693 Szrnnnrncz,
582 2595 585 2600 ’
598 2604 681 2674 villa
708 2597 901 2675 habens'in
929 2623 966 2674 se
994 2603 1175 2675 eeclesiam
1201 2603 1351 2694 ligneam
1378 2601 1504 2674 Sancto
1527 2601 1689 2674 Andreae
1715 2603 1768 2675 di-

206 2729 334 2795 catam.
364 2723 406 2795 In
425 2745 493 2815 qua
511 2729 592 2796 sunt
609 2725 701 2795 lanei
729 2724 970 2816 emethouales,
999 2724 1186 2816 dequibus
1213 2723 1469 2795 diuersibcatur
1494 2743 1618 2794 census
1646 2699 1767 2794 securi-

206 2843 289 2916 dum
319 2846 553 2936 quantitatem
581 2866 755 2938 agrorum3
781 2847 864 2916 item
889 2846 1024 2917 ratione
1050 2867 1182 2940 ossycp.
1195 2844 1299 2915 solvit
1316 2843 1463 2934 quilibet
1489 2864 1593 2914 unam
1620 2843 1768 2934 siliginis

207 2973 243 3036 et
270 2966 362 3038 duas
390 2987 520 3039 avenae
547 2987 727 3038 mensuras
748 2965 938 3057 confertas,
965 2972 1002 3038 et
1029 2970 1180 3056 quatuor
1205 2984 1357 3056 grossos
1384 2964 1468 3034 item
1496 2985 1564 3035 non
1592 2962 1677 3034 dant
1693 2963 1768 3054 gal-

208 3087 270 3176 los,
299 3107 416 3184 neque
444 3109 519 3178 ova,
546 3109 657 3179 neque
685 3109 814 3177 caseos;
840 3089 922 3161 item
947 3087 1033 3158 nihil
1060 3087 1224 3158 laborant
1250 3086 1286 3156 in
1314 3084 1508 3176 septimana
1534 3089 1595 3156 aut
1612 3085 1649 3154 iu
1668 3105 1767 3155 auno.

208 3209 297 3280 Item
326 3209 507 3299 tabernae,
534 3211 618 3281 item
644 3210 874 3300 hortulaniae,
901 3211 982 3280 item
1011 3208 1211 3299 praedium;
1246 3207 1329 3277 item
1357 3211 1411 3277 est
1437 3205 1486 3276 ibi
1513 3205 1680 3276 scoltetus
1707 3205 1769 3274 ha-

105 3383 107 3390 »
210 3332 443 3404 benennom
478 3332 616 3404 laneum
652 3331 820 3421 liberum,
847 3337 884 3403 et
910 3331 1037 3424 accipit
1074 3333 1209 3401 sertum
1244 3327 1425 3399 denarium
1452 3325 1495 3397 de
1522 3346 1637 3397 censu.
1680 3325 1770 3397 Item
1866 3385 1870 3390 Α
1913 3375 1922 3381 .

211 3457 293 3542 post
319 3473 441 3527 omnes
468 3471 572 3543 agros
599 3452 744 3524 soletur
780 3451 913 3523 decima
948 3451 1193 3541 manipularis,
1220 3453 1257 3519 et
1283 3447 1488 3520 conducitur
1514 3467 1579 3537 pro
1606 3446 1768 3536 episcopo

212 3568 449 3663 Cracorieusi,
477 3574 574 3645 cuius
602 3573 699 3644 valor
726 3573 931 3644 aestImatur
958 3571 1002 3642 ad
1022 3626 1137 3641 .....
1164 3568 1324 3641 Confluat
1343 3621 1458 3636 .....

316 3696 580 3784 SLAWYKOWA,
608 3693 690 3766 villa
717 3695 781 3765 sub
804 3693 971 3784 parochia
996 3691 1162 3764 ecclesiae
1188 3689 1232 3761 de
1259 3686 1541 3778 Szyedlyecz
1569 3686 1645 3774 sita,
1673 3684 1771 3754 cuins
1884 3774 1889 3783 Ι

214 3819 413 3907 proprietas
440 3822 475 3889 et
493 3816 680 3887 dominium
699 3815 744 3886 ad
765 3813 1045 3886 sanctimoniales
1072 3813 1115 3884 de
1143 3810 1351 3899 Antiqua
1377 3806 1583 3878 Saudecz
1608 3804 1770 3893 pertinet

215 3937 253 4006 In
280 3959 351 4028 qua
378 3943 460 4010 sunt
495 3936 587 4008 lanei
614 3936 870 4025 emethouales,
903 3933 1098 4024 dequibus
1132 3930 1386 4004 diversificatur
1422 3945 1546 3996 census
1582 3921 1771 3994 secundum

217 4059 448 4147 quantitatem
477 4078 649 4148 agrorum.
694 4057 782 4128 Item
818 4077 887 4128 non
915 4055 1055 4126 solvunt
1081 4053 1210 4144 gallos,
1246 4070 1357 4139 neque
1384 4065 1468 4134 ova,
1503 4064 1614 4134 neque
1641 4063 1770 4114 caseos.

216 4177 301 4249 ltem
330 4179 417 4250 nihil
445 4179 614 4251 laborant.
642 4179 729 4250 Item
756 4183 811 4250 est
838 4178 886 4248 ibi
914 4177 1079 4248 scoltetus
1102 4173 1235 4244 habeus
1252 4189 1358 4242 unum
1384 4165 1522 4237 laneum
1548 4164 1706 4253 liberum,
1734 4170 1770 4233 et

218 4300 322 4372 habet
350 4305 486 4373 sertum
513 4300 692 4372 denarium
719 4299 763 4372 de
790 4319 905 4370 censu.
932 4298 1020 4368 Item
1038 4295 1214 4383 tabernae,
1240 4293 1324 4362 item
1350 4286 1538 4374 hortulani,
1565 4279 1649 4355 item
1667 4303 1770 4373 prae-

220 4419 321 4493 dium.
362 4423 449 4494 Item
478 4422 520 4493 de
548 4423 706 4493 omnibus
733 4422 828 4512 agris
856 4419 1003 4491 solvitur
1030 4423 1066 4489 et
1093 4413 1297 4487 conducitur
1323 4408 1455 4480 decima
1481 4405 1707 4496 manipularis
1734 4410 1772 4477 et

200 4543 395 4635 ‘canapalis
422 4563 486 4634 pro
513 4543 674 4634 episcopo
701 4539 932 4630 Oraooriensi,
959 4545 996 4611 et
1022 4538 1121 4611 valor
1148 4534 1222 4605 eius
1241 4585 1355 4602 .....
1373 4528 1462 4600 Item
1487 4527 1625 4599 ratione
1651 4524 1768 4621 o'sayep

221 4663 322 4735 solvit
350 4665 497 4755 quilibet
523 4683 627 4735 unam
655 4661 802 4752 siliginis
829 4667 866 4732 et
892 4661 1131 4732 duas-avenae
1157 4671 1339 4726 mensuras
1357 4649 1541 4738 confertas,
1567 4649 1604 4718 et
1620 4651 1771 4737 quatuor

222 4803 371 4872 grossos.
395 4782 558 4856 Confluat
577 4837 718 4853 ......
1065 4867 1070 4874 g

324 4906 534 4995 Luuczsno,
562 4901 645 4976 villa
671 4904 803 4975 habens
821 4903 856 4973 iu
876 4921 913 4972 se
931 4897 1109 4970 ecclesiam
1137 4892 1371 4986 parochialem
1396 4890 1557 4980 ligneam,
1584 4888 1649 4958 sub
1667 4885 1772 4957 titulo

224 5021 339 5099 Sancti
366 5026 536 5098 lobannis
563 5025 764 5115 Baptistae,
792 5024 888 5094 cuius
916 5019 1112 5110 proprietas
1140 5015 1184 5087 ad
1212 5011 1489 5087 sanctimoniales
1516 5006 1770 5079 Saudeczenses
1823 5022 1851 5092 .'

225 5147 381 5234 pertinet.
425 5146 464 5218 In
493 5167 559 5237 qua
587 5151 668 5218 sunt
705 5143 884 5215 duodecim
920 5140 1010 5211 lanei
1048 5135 1302 5224 emethouales,
1337 5137 1374 5204 et
1401 5129 1546 5221 quilibet
1577 5125 1682 5198 solvit
1707 5145 1771 5214 pro

227 5285 325 5338 censu
352 5289 458 5340 uuum
484 5266 672 5354 fertonem,
709 5266 792 5336 item
819 5283 925 5333 unum
951 5259 1098 5351 gallum,
1135 5257 1221 5329 duos
1249 5274 1385 5342 caseos,
1412 5249 1537 5340 viginti
1564 5248 1640 5318 ora
1684 5245 1772 5316 Item

227 5385 383 5461 laborant
409 5389 495 5461 duas
515 5386 698 5483 poscebas,
735 5406 798 5475 pro
826 5400 1056 5468 versunam,
1092 5399 1157 5467 pro
1191 5377 1314 5468 hyeme
1350 5372 1463 5444 aliam.
1508 5369 1595 5440 Item
1623 5371 1677 5438 est
1704 5385 1774 5466 uua

229 5509 370 5583 tuberna
383 5511 515 5583 babens
530 5529 643 5599 agros,
657 5506 762 5578 solvit
781 5525 884 5576 unam
908 5520 1125 5591 sexagenum.
1143 5497 1229 5569 Item
1244 5515 1312 5566 uon
1332 5498 1387 5566 est
1403 5491 1579 5563 scoltetus.
1596 5489 1684 5559 Item
1702 5485 1775 5577 ple-

229 5627 333 5702 banus
359 5651 427 5702 non
455 5631 561 5701 babet
587 5647 699 5719 agros.
727 5622 815 5697 Item
841 5627 922 5715 post
940 5641 1058 5694 omnes
1086 5639 1190 5709 agros
1217 5613 1449 5688 emethouales
1476 5609 1623 5682 solvitur
1641 5606 1775 5678 decima

178 5761 182 5768 '
204 5770 206 5776 ·
230 5751 465 5842 manipularis,
492 5755 527 5821 et
554 5747 730 5820 inducitur
757 5746 792 5817 iu
819 5745 983 5817 horreum
1011 5761 1075 5834 pro
1103 5734 1445 5823 sanctimonialibus,
1480 5731 1577 5803 cuius
1604 5727 1703 5800 valor
1729 5724 1775 5797 ad

328 5917 533 5962 namna
616 5943 649 5990 ,ἦ
1570 5878 1609 5927 ⁴⁴
