4492 6592
1688 790 1736 860 33

84 995 85 1004 ³
178 991 313 1077 septem
341 987 480 1060 solnmt
506 993 543 1059 et
569 989 765 1062 conducunt
792 990 958 1062 ecclesiae
994 995 1029 1062 et
1042 991 1203 1090 ,plebano
1231 977 1543 1085 iu'Drogynya
1568 995 1737 1068 decimam

176 1109 429 1199 manipularem
457 1115 494 1180 ct
521 1110 730 1200 canapalem.
777 1109 937 1184 Goufinat
964 1133 1040 1184 cum
1069 1103 1240 1202 Borek,
1267 1113 1328 1185 La
1337 1115 1567 1206 gewniky,
1595 1116 1737 1188 Kurd-

177 1249 366 1318 wauow,
395 1229 758 1318 Swoschowicze
785 1237 822 1303 et
848 1230 1258 1323 Oppathlrowicze.

281 1351 369 1424 Item
406 1357 461 1423 est
495 1352 545 1423 ibi
573 1373 661 1422 unus
697 1373 839 1444 campus
867 1354 1027 1444 specialis
1059 1371 1182 1425 versus
1208 1354 1380 1439 Borck‚
1412 1356 1499 1427 alias
1534 1379 1653 1452 nyma,
1691 1359 1735 1431 de

176 1493 243 1562 quc
272 1473 423 1544 solvitur
450 1473 583 1544 decima
609 1474 836 1564 manipularis
867 1475 1110 1546 mansionariis
1138 1474 1257 1547 Sancti
1282 1475 1407 1548 Jacobi
1433 1477 1469 1546 in
1496 1476 1733 1572 cracovia,

176 1594 275 1665 cuius
304 1594 401 1666 valor
427 1594 471 1666 ad
498 1616 602 1666 unam
629 1615 790 1666 marcam.

281 1712 521 1787 Gracovia.
562 1715 815 1787 Monasterium
844 1715 991 1787 Sanctae
1019 1715 1188 1808 Hedvigis
1215 1718 1322 1790 habet
1348 1721 1384 1789 iu
1402 1719 1625 1793 Gracovieusi
1651 1722 1736 1794 civi-

175 1842 247 1906 tate
276 1857 380 1907 unam
407 1836 579 1927 lapideam
606 1844 643 1908 et
669 1840 741 1908 tres
769 1836 889 1908 domos
915 1841 952 1908 et
979 1858 1079 1908 areas
1107 1838 1258 1929 ligneas,
1285 1841 1322 1910 in
1340 1841 1457 1930 platea
1484 1842 1631 1914 Sanctae
1658 1844 1736 1914 Tri-

176 1957 317 2047 nitatis,
355 1979 374 2028 e
401 1959 542 2048 regione
570 1958 772 2030 monasterii
808 1957 955 2029 Sanctae
986 1957 1172 2031 ,Trinitatis
1199 1962 1305 2050 sitas,
1343 1983 1431 2052 quae
1459 1984 1577 2035 omnes
1604 1964 1736 2054 domus,

84 2083 86 2118 ἓ
176 2085 247 2149 tam
280 2083 439 2150 muratae
467 2101 568 2170 quarn
597 2080 751 2170 ligneae,
778 2079 822 2151 ab
850 2080 1008 2152 omuibus
1040 2081 1204 2153 oneribus
1235 2088 1272 2154 et
1295 2083 1439 2156 tributis
1469 2085 1622 2157 civitatis
1652 2087 1738 2158 libe-

177 2206 276 2272 ratae
303 2207 404 2290 suut,
436 2205 473 2272 et
500 2202 544 2272 ab
572 2202 730 2273 omnibus
757 2200 866 2272 daciis
894 2207 1090 2292 exemptae,
1118 2204 1225 2274 etad
1252 2198 1502 2295 proprietatem
1529 2208 1637 2279 solius
1663 2229 1737 2279 mo-

179 2323 326 2393 nasterii
363 2322 511 2395 Sanctae
547 2322 714 2413 Hedvigis
749 2322 943 2413 pertinent,
979 2327 1015 2394 ct
1049 2323 1100 2393 illi
1137 2325 1203 2396 soli
1238 2325 1377 2398 solvunt
1411 2348 1562 2399 aunuum
1599 2349 1739 2401 censum
1797 2312 1812 2375 ἶ

177 2442 375 2514 arendatae.

284 2565 418 2636 Domus
454 2564 592 2656 lapidea
626 2565 662 2634 in
699 2561 949 2654 Gracovia,
985 2564 1030 2636 ad
1065 2566 1315 2656 proprietatem
1350 2570 1554 2641 monasterii
1588 2547 1736 2643 Sanctae

84 2767 85 2770 Ἴ
175 2686 345 2777 Hedvigis
374 2686 570 2776 pertinens,
598 2686 687 2756 etin
706 2686 822 2776 platea
848 2684 995 2756 Sanctae
1023 2685 1206 2759 Trinitatis
1234 2689 1320 2779 sita,
1347 2689 1452 2762 solvit
1478 2691 1590 2763 eidem
1616 2714 1736 2765 mona·

178 2808 285 2880 sterio
314 2808 459 2899 singulis
488 2808 586 2880 annis
614 2806 794 2897 arendata,
820 2807 1082 2898 quatuordecim
1108 2830 1253 2880 marcas.

84 3003 85 3018 ἶ
282 2927 402 2999 Prima
429 2929 550 3001 domus
568 2929 683 3020 lignea
702 2929 737 2999 iu
758 2926 1004 3018 Gracovia,
1031 2928 1075 2999 ad
1094 2909 1345 3020 proprietatem
1363 2934 1566 3005 monasterii
1585 2933 1734 3006 Sanctae

176 3049 346 3140 Hedvigis
382 3050 426 3122 cle
458 3049 722 3122 Stradomia
753 3051 789 3120 iu
820 3050 938 3140 platea
969 3049 1116 3121 Sanctae
1148 3051 1332 3124 Trinitatis
1368 3054 1454 3144 sita,
1489 3055 1595 3126 solvit
1621 3055 1734 3128 eidem

176 3171 389 3242 monasterio
416 3172 515 3243 aunis
544 3171 689 3262 singulis
705 3170 903 3261 ¹arendata,
930 3191 990 3242 sex
1014 3191 1159 3242 marcas.
1340 3158 1344 3164 ’

84 3351 86 3380 ,
277 3291 437 3364 Secunda
454 3293 576 3364 domus
594 3293 710 3382 lignea
735 3292 772 3362 iu
791 3287 1008 3383 Gracovia,
1037 3293 1082 3364 ad
1099 3294 1348 3384 proprietatem
1367 3297 1568 3368 monasterii
1587 3296 1734 3370 Sanctae

176 3413 346 3504 Hedvigis
382 3415 418 3485 in
432 3386 711 3486 Stradomia
747 3413 946 3504 pertinens,
980 3419 1017 3484 et
1048 3415 1084 3484 in
1110 3415 1227 3505 platea
1261 3415 1409 3488 Sanctae
1445 3417 1630 3491 Trinitatis
1656 3419 1734 3511 sita,

84 3573 85 3626 1
176 3535 282 3606 solvit
309 3535 421 3606 eidem
447 3535 659 3607 monasterio
686 3534 787 3606 aunis
814 3533 960 3624 siugulis
987 3535 1163 3627 arendata,
1191 3556 1252 3609 sex
1287 3558 1430 3611 marcas.
1522 3547 1527 3561 '

84 3653 86 3742 ζ
279 3653 400 3727 Tertia
435 3655 556 3728 domus
592 3657 726 3747 lignea,
762 3656 799 3726 iu
825 3653 1055 3728 Gracovia
1089 3662 1126 3729 et
1151 3658 1188 3729 iu
1215 3659 1332 3750 platea
1367 3659 1516 3732 Sanctae
1546 3661 1732 3735 Trinitatis

176 3777 259 3865 sita,
297 3777 343 3848 ad
370 3778 617 3850 monasterium
654 3776 802 3848 Sanctae
829 3776 997 3868 Hedvigis
1033 3777 1076 3849 de
1103 3778 1370 3852 Stradomia
1395 3783 1592 3873 pertinens,
1624 3759 1735 3857 solvit

84 3891 86 3924 Ι
154 3896 287 3968 'eidem
315 3899 526 3970 monasterio
553 3899 654 3970 annis
681 3896 826 3987 singulis
853 3897 1036 3986 arendata,
1065 3919 1126 3970 aex
1152 3920 1296 3972 marcas:
1814 3994 1818 4002 Ι

84 4091 86 4124 ,
276 4017 511 4092 Sunnnonm.
538 4019 792 4091 Monasterium
818 4015 965 4090 Sanctae
991 4017 1160 4109 Hedvigis
1187 4020 1231 4092 (le
1257 4019 1525 4092 Stradomia
1555 4023 1665 4129 habet
1691 4024 1727 4095 iu
1773 4100 1777 4105 ,

84 4133 86 4194 ἓ
178 4139 342 4210 suburbio
370 4139 668 4212 Stradomiae
694 4141 767 4212 tres
794 4139 916 4211 domos
937 4144 972 4210 et
1000 4159 1099 4211 areas
1126 4141 1269 4232 ligneas,
1296 4143 1342 4214 ad
1367 4143 1616 4214 monasterium
1646 4143 1733 4215 San-

84 4305 85 4308 *
178 4263 250 4330 uae
268 4259 440 4352 Hedvigis
467 4262 701 4352 pertineutcS,
729 4281 816 4351 quae
843 4261 886 4331 ab
906 4261 1064 4332 omnibus
1091 4263 1255 4334 oneribus
1281 4263 1424 4335 tributis
1451 4269 1488 4335 et
1514 4263 1622 4335 daciis
1649 4266 1733 4337 ciui-
1775 4331 1788 4353 ,

84 4417 91 4464 3.
177 4379 266 4452 libus
303 4385 386 4452 sunt
412 4382 616 4472 libertatae,
653 4385 689 4452 et
714 4381 800 4452 nulli
828 4380 993 4472 aliorum,
1029 4381 1096 4453 nisi
1131 4384 1343 4456 monasterio
1378 4383 1525 4456 Sanctae
1551 4384 1732 4485 Hedvigis,

84 4479 85 4514 ¹
179 4500 318 4574 solvunt
344 4522 485 4574 censum
512 4523 663 4576 annuum
690 4501 888 4574 arendatae.

279 4622 401 4695 Prima
427 4624 549 4697 domus
577 4630 613 4697 et
639 4643 722 4696 area
748 4625 784 4695 iu
811 4622 1094 4716 Stradomia,
1123 4625 1168 4696 acl
1195 4617 1443 4699 monasterium
1470 4625 1619 4698 Sanctae
1638 4626 1733 4699 Herl-

177 4743 264 4834 rigis
299 4745 499 4836 pertinens,
536 4745 640 4819 solvit
675 4767 738 4836 pro
766 4765 871 4817 ceusu
898 4765 1012 4816 annuo
1040 4745 1226 4836 arendata,
1263 4746 1375 4818 cidem
1410 4748 1624 4819 monasterio
1658 4753 1733 4820 tres

178 4868 327 4969 marcas,
350 4870 385 4936 et
412 4887 501 4957 quae
528 4867 572 4939 ab
600 4867 758 4939 omnibus
785 4865 928 4938 tributis
955 4869 992 4937 et
1018 4867 1182 4939 oneribus
1209 4868 1368 4941 civilibus
1394 4867 1560 4939 libertate
1585 4873 1646 4940 est.

281 4987 443 5058 Secunda
469 4987 592 5059 domus
610 4993 646 5059 ct
664 5007 747 5058 area
773 4987 809 5057 iu
836 4985 1102 5058 Stradomia
1130 4989 1208 5078 sita,
1235 4988 1280 5060 ad
1306 4988 1556 5061 monasterium
1582 4987 1731 5060 Sanctae

177 5107 345 5199 Hcdvigis
371 5108 562 5199 pertinens,
589 5114 625 5180 et
652 5107 812 5198 quaeat
840 5107 998 5180 omnibus
1026 5109 1190 5182 oneribus
1212 5115 1249 5182 et
1264 5110 1408 5182 tributis
1434 5109 1594 5181 civilibus
1621 5109 1733 5180 libera

178 5233 237 5319 est,
268 5227 375 5300 solvit
402 5228 514 5300 eidem
542 5230 753 5302 monasterio
780 5234 853 5300 tres
880 5248 1025 5300 marcas.
1116 5309 1122 5316 ,

280 5349 402 5421 Tertia
429 5350 550 5423 domus
578 5357 614 5423 et
640 5371 723 5423 area
749 5351 786 5422 iu
814 5349 1080 5422 Stradomia
1114 5351 1199 5441 sita,
1236 5351 1281 5424 ad
1306 5350 1557 5424 monasterium
1583 5348 1731 5424 Sanctae

84 5541 86 5562 ‚
179 5469 348 5561 Heduigis
376 5471 419 5542 de
446 5469 714 5544 Stradomia
741 5472 938 5563 pertinens,
974 5475 1010 5543 et
1037 5491 1126 5563 quae
1153 5471 1258 5544 etiam
1284 5473 1397 5544 libera
1417 5475 1475 5544 est
1501 5472 1546 5544 ab
1572 5472 1732 5545 omnibus

84 5567 86 5586 ’
180 5591 444 5664 obventionibus
471 5597 507 5664 et
533 5595 695 5665 oneribus
722 5592 883 5681 civitatis,
911 5591 1016 5665 solvit
1043 5592 1129 5664 duaa
1156 5613 1233 5664 cum
1259 5592 1373 5665 media
1398 5612 1547 5685 marcas,
1572 5592 1730 5685 praefato

179 5711 564 5785 monasterioeSauntae
591 5713 770 5804 Hedvr'gis.

283 5877 489 5920 nannetum
1550 5845 1566 5894 ο
