4492 6592
1667 783 1740 854 375

286 985 495 1077 Lourowo,
521 985 604 1059 ailla
630 987 696 1094 rub
720 985 888 1077 parochia
912 987 956 1060 de
975 1040 983 1057 .
1001 1042 1035 1057 ..
1062 987 1140 1059 sita.
1165 988 1206 1059 Iu
1234 1008 1302 1077 qna
1328 992 1410 1058 aunt
1435 986 1527 1059 lanei
1545 989 1743 1060 cmethona-

164 1105 262 1195 -les,1
278 1111 320 1177 ct
348 1106 394 1177 de
420 1107 579 1181 omuibus
613 1107 763 1180 solvitur
797 1115 835 1179 ct
865 1107 1069 1181 conducitur
1095 1108 1230 1180 decima
1255 1107 1479 1198 manipularis
1505 1112 1540 1178 ct
1568 1108 1743 1199 canapaiis

178 1246 243 1315 pro
269 1228 492 1299 monasterio
519 1227 803 1319 Andrzeoviensi,
829 1235 865 1300 ct
891 1228 991 1301 valor
1014 1228 1091 1301 eiua
1117 1228 1322 1301 aestimatur
1340 1228 1384 1299 ad
1403 1282 1410 1297 .
1431 1282 1437 1297 .
1458 1283 1463 1297 .
1484 1246 1627 1300 marcas.
1654 1226 1741 1299 imm

181 1346 348 1437 taberna,
376 1348 461 1420 item·
487 1348 674 1440 hortulani,
700 1349 783 1421 item
809 1348 1070 1440 praedium...

185 1555 396 1639 &cimae
428 1564 541 1661 trau,
573 1558 755 1655 donatae
796 1541 1059 1643 mareota-to
1091 1558 1429 1641 Andrzooviaaai
1462 1580 1541 1665 pu
1569 1558 1739 1649 Gadau-

449 1747 453 1757 ,
589 1718 686 1778 nam
718 1700 968 1810 epicoenum
1000 1695 1349 1779 oracovteoaam.

290 1914 537 2006 Suazonrow,
564 1916 648 1989 vilia
673 1917 739 1989 aab
764 1916 930 2007 parochia
956 1915 1122 1989 ecclesiae
1149 1916 1193 1989 dc
1212 1972 1219 1987 .
1239 1972 1246 1987 .
1264 1972 1272 1987 .
1292 1917 1369 1989 sita
1395 1918 1436 1989 Iu
1465 1937 1535 2007 qua
1552 1920 1635 1989 sunt
1651 1916 1743 1989 iauei

157 2035 442 2127 unctionum,
477 2042 514 2111 ct
546 2037 591 2109 da
624 2038 785 2111 omnibus
817 2037 969 2111 solvitur
994 2043 1032 2110 et
1056 2037 1263 2111 conducitur
1298 2037 1432 2111 decima
1457 2038 1682 2129 manipularis
1707 2043 1745 2109 et

183 2157 365 2248 canapaiis
392 2178 457 2249 pro
483 2158 693 2231 monaaoerio
728 2157 1020 2249 Andraemienai,
1046 2164 1084 2231 ct
1109 2159 1208 2231 ruior
1234 2159 1309 2232 cina
1335 2159 1541 2231 aestimatur
1566 2158 1611 2231 ad
1631 2213 1743 2228 .....
1882 2158 1891 2166 “

184 2297 333 2350 marcaa
359 2278 450 2351 Item
476 2278 632 2369 taberna,
659 2280 743 2351 item
768 2279 956 2368 hortulani,
981 2278 1065 2351 item
1091 2278 1271 2371 praedium
1291 2334 1299 2350 .
1317 2334 1351 2350 ..
1807 2362 1812 2369 ,

289 2398 509 2473 Wasznrao
536 2400 696 2491 primum,
719 2399 806 2473 villa
831 2400 897 2473 sub
922 2400 1088 2491 parochia
1113 2400 1281 2475 acclesiae
1306 2400 1351 2473 de
1370 2454 1484 2471 .....
1502 2400 1579 2473 cita
1607 2399 1648 2471 In
1675 2420 1744 2490 qua
1861 2486 1863 2494 y

189 2524 271 2591 aunt
298 2518 395 2591 lanei
421 2520 665 2610 cmethoualea,
691 2519 798 2593 etde
821 2520 983 2593 omnibns
1010 2522 1160 2593 solvitur
1184 2526 1222 2593 et
1245 2521 1450 2593 conducitur
1476 2518 1609 2593 decima
1635 2520 1745 2593 muni-

185 2640 319 2729 puiaria
354 2645 394 2713 et
428 2641 604 2731 canapalia
639 2662 703 2731 pro
738 2634 949 2715 monasterio
976 2640 1270 2733 Andraeovienai‚
1294 2646 1333 2715 et
1358 2642 1457 2714 vador
1481 2642 1557 2713 aius
1583 2641 1744 2713 anatimr-
1877 2642 1880 2649 ⁴

186 2767 244 2831 tur
269 2760 372 2833 ad..
392 2743 565 2833 marcac
588 2762 676 2834 [tem
703 2763 858 2853 taberna,
883 2763 968 2835 item
994 2762 1183 2853 nortuum
1209 2762 1293 2848 item
1320 2761 1583 2853 praedium...
1679 2776 1684 2789 ‘
1767 2844 1770 2853 ⁴

290 2882 509 2956 wismrao
535 2883 734 2974 secundum,
760 2884 845 2956 villa
872 2884 938 2956 aab
964 2884 1130 2994 parochia
1156 2884 1323 2957 ecclesiae
1348 2883 1393 2955 do
1412 2938 1420 2953 .
1440 2938 1475 2953 ..
1502 2883 1582 2955 sita.
1610 2882 1650 2953 In
1677 2902 1746 2973 qua

188 3008 268 3075 sunt
294 3003 391 3075 lanei
415 3004 662 3093 cnetaonalea
688 3004 795 3077 etde
820 3004 981 3078 omnibus
1006 3004 1157 3077 solvitur
1181 3010 1219 3077 et
1244 3004 1449 3077 conducitur
1474 3002 1609 3075 decima
1634 3003 1744 3075 mani-

188 3123 321 3211 nnlaris
350 3131 387 3196 et
413 3124 591 3215 manualia
617 3146 682 3215 pro
708 3125 920 3199 monasterio
949 3124 1234 3215 Andraeovienai,
1260 3130 1298 3196 et
1323 3124 1422 3197 valor
1445 3124 1524 3197 eiua
1539 3124 1745 3197 aestimatur

189 3243 230 3315 ad
249 3299 257 3313 .
276 3299 310 3315 ..
333 3264 477 3319 marcae.
507 3245 595 3317 Item
621 3244 797 3335 tabernac,
824 3246 909 3319 item
935 3244 1122 3335 hortulani,
1150 3247 1233 3317 itam
1259 3244 1441 3336 praedium
1460 3300 1467 3315 .
1486 3298 1520 3315 ..
1562 3258 1566 3266 '

291 3366 529 3456 Buscauow,
563 3365 648 3439 villa
682 3366 747 3438 sub
782 3366 950 3457 wardia
984 3366 1028 3440 de
1059 3366 1359 3441 Siaboachou
1385 3368 1472 3456 sita,
1498 3366 1596 3439 cauus
1621 3365 1746 3437 haeres

193 3484 344 3559 Thomas
369 3487 801 3578 Sanczygnycwsiry
836 3486 881 3585 de
914 3487 1018 3560 domo
1052 3472 1249 3582 Jelitira
1288 3487 1328 3559 ln
1355 3508 1425 3577 qam
1451 3487 1629 3559 sexianei
1655 3506 1745 3558 cmc·

190 3606 360 3697 thonalea,
387 3628 457 3681 una
483 3608 630 3681 taberna
655 3613 692 3679 ct
718 3614 792 3679 tres
819 3608 1038 3681 hortulauiae
1064 3606 1232 3681 habentes
1259 3629 1373 3698 agrae,
1392 3608 1578 3698 dequibus
1598 3607 1746 3679 solvitur

191 3733 227 3798 et
252 3730 462 3803 conducitur
478 3729 611 3803 decima
632 3729 860 3820 manipularis
879 3734 916 3801 et
933 3729 1109 3820 canapalia
1127 3750 1192 3819 pro
1210 3730 1420 3801 monasterio
1438 3728 1744 3819 Andrzeyovienai,
1887 3762 1892 3777 ι

192 3850 285 3923 cuius
312 3851 415 3924 valor
440 3851 645 3925 aestimatur
670 3851 716 3922 ad
734 3905 742 3921 .
761 3905 795 3920 ..
821 3850 909 3923 Item
938 3856 992 3922 cat
1018 3850 1068 3923 ibi
1089 3872 1201 3923 unum
1228 3849 1427 3940 praedium,
1453 3848 1497 3921 de
1524 3849 1623 3921 cuius
1650 3849 1745 3939 agria

193 3968 384 4045 decimatur
410 3972 575 4046 ecciesiae
602 3973 638 4043 in
664 3972 1014 4062 Sanczygnycw.

291 4092 630 4182 ornumornum,
665 4092 748 4165 ailla
782 4092 858 4165 aub-
883 4093 1049 4182 parochia
1083 4092 1127 4165 de
1162 4092 1505 4183 Sanczygnyew
1532 4090 1621 4180 sita,
1648 4090 1745 4162 cuins
1804 4148 1806 4153 .

115 4274 119 4279 .
193 4210 315 4286 haeres
341 4213 507 4287 Nicolaua
533 4213 977 4305 Sanczygnyewsky.
1012 4212 1053 4284 ln
1078 4234 1150 4303 qua
1177 4218 1259 4285 aunt
1285 4211 1403 4285 decem
1429 4212 1521 4283 lanei
1548 4212 1746 4283 cmethona·

194 4330 251 4422 lea,
276 4355 348 4407 una
375 4336 530 4425 taberna,
556 4355 662 4407 unum
689 4334 921 4407 molendinum
948 4317 984 4407 et
1010 4334 1100 4406 duae
1126 4334 1347 4406 hamulaniac
1375 4332 1543 4405 habentes
1570 4354 1683 4425 agros,
1701 4333 1744 4403 de

195 4444 316 4541 quibua
342 4456 501 4527 omnibus
529 4456 677 4529 solvitur
703 4461 739 4528 et
765 4456 971 4529 conducitur
995 4455 1131 4527 decima
1157 4452 1382 4546 manipularis
1409 4460 1446 4527 et
1473 4455 1650 4545 campalis
1672 4474 1745 4525 mo-

195 4576 345 4650 nastario
371 4576 654 4668 Andrzcoviensi,
681 4578 779 4650 cuius
804 4578 905 4649 valor
929 4577 1136 4651 aestimatur
1163 4576 1208 4649 ad
1234 4576 1353 4649 decem
1380 4595 1534 4649 marcas.-

814 4778 1126 4811 *ιι-

732 4992 1205 5107 corazrwmoza

227 5219 464 5342 derandum
499 5227 801 5305 monasterium
834 5224 1007 5305 Ordinis
1044 5223 1415 5331 omnicreantis,
1450 5224 1489 5302 in
1522 5222 1712 5303 dioecesi

658 5444 666 5449 .
820 5362 1112 5445 Oracovianai.

167 5635 171 5647 ,
296 5581 561 5673 Gasimirua·
590 5582 660 5654 dux
687 5580 927 5655 cracoviensis
953 5588 991 5654 et
1018 5582 1327 5672 Sandomiriensia‚
1354 5580 1453 5673 regni
1479 5579 1645 5651 Polouiac
1672 5598 1745 5651 mo·
1812 5650 1816 5655 .

202 5702 330 5795 uurciia
358 5702 450 5776 filius
476 5702 689 5776 Bolcalai
715 5704 893 5778 rictomosi
921 5704 1008 5777 alias
1034 5703 1340 5795 Krriwousta
1366 5700 1534 5793 singulari
1560 5701 1744 5775 deuotione
