4492 6592
472 701 545 771 134

468 905 627 994 pertinet.
655 903 695 976 ln
723 923 793 991 qua
820 905 901 972 sunt
929 881 1001 972 sex*
1016 901 1107 972 lanei
1135 899 1379 987 cmethonales,
1406 897 1450 968 de
1476 898 1602 987 quibus
1628 897 1788 967 omnibus
1814 896 1961 967 solvitur
1977 903 2009 966 et

469 1024 671 1096 conducitur
697 1022 830 1092 decima
855 1020 1081 1110 manipularis
1108 1026 1145 1090 et
1170 1019 1345 1108 canapabs
1372 1039 1436 1108 pro
1454 1019 1665 1089 monasterio
1682 1015 2013 1105 Pp'aodziczoviensi,

468 1150 504 1216 et
532 1144 629 1214 valor
655 1143 730 1218 eius
757 1141 962 1214 aestimatur
988 1141 1033 1212 ad
1053 1140 1170 1212 decem
1189 1159 1342 1226 marcas3
1369 1139 1452 1210 item
1470 1139 1638 1210 tabernae
1655 1158 1725 1208 non
1743 1143 1826 1208 sunt
1842 1137 1878 1208 iu
1898 1136 2012 1208 eadeiu

468 1264 560 1352 villa,
587 1285 654 1334 non
683 1267 764 1344 sunt
790 1261 1020 1349 hortuleaiae,
1048 1281 1115 1330 non
1143 1265 1198 1330 est
1223 1259 1416 1348 praedium,
1440 1279 1553 1348 neque
1578 1256 1812 1330 molendinum
1840 1259 1876 1328 in
1899 1257 2014 1328 eaden

469 1383 569 1472 villa3
597 1384 680 1456 item
709 1382 868 1453 scoltetia
896 1389 949 1452 est
976 1381 1033 1466 ibi,
1060 1401 1149 1470 quae
1175 1380 1283 1450 habet
1308 1377 1396 1450 dnos
1422 1379 1541 1450 laneos
1567 1379 1712 1467 liberos,
1738 1379 1781 1448 de
1808 1379 1909 1448 cuius
1926 1378 2017 1465 agris

469 1504 601 1574 decima
641 1501 867 1592 manipularis
904 1501 1050 1572 solvitur
1086 1505 1122 1570 et
1156 1499 1362 1570 conducitur
1396 1500 1432 1570 in
1464 1495 1673 1592 ponithwam
1707 1518 1771 1587 pro
1806 1499 2018 1570 monasterio

470 1621 805 1714 Pyandziczovieasi.

573 1743 771 1832 Bazusczn,
799 1742 882 1814 villa
910 1743 974 1814 sub
1001 1742 1166 1831 parocbia
1192 1741 1358 1812 ecciesiae
1385 1741 1429 1810 de
1456 1739 1789 1827 Pyandzicaow
1815 1739 1896 1826 sita,
1924 1739 2020 1809 cuim

470 1864 594 1934 haeres
621 1863 781 1936 Andreas
808 1862 851 1932 de
878 1861 1217 1951 Olyeschnicza
1243 1860 1287 1932 de
1313 1861 1419 1930 armis
1445 1860 1656 1930 Dambno.
1684 1860 1724 1930 ln
1752 1864 2020 1949 quasuutocto

470 1984 560 2054 lanei
593 1982 845 2071 emethonaleS,
872 1982 915 2052 de
943 1982 1066 2071 quibus
1093 1982 1252 2052 omnibus
1279 1981 1425 2052 solvitur
1460 1984 1497 2049 et
1521 1979 1726 2050 conducitur
1752 1979 1886 2050 decima
1912 1980 2021 2050 mani·

470 2103 600 2192 pularis
627 2109 664 2176 et
691 2103 866 2192 canapalis
893 2123 956 2192 pro
984 2101 1182 2190 praebenda
1207 2100 1412 2189 Keicziensi‚
1430 2121 1518 2190 quae
1537 2106 1681 2172 vocatur
1696 2100 1904 2190 Zydowslru,
1922 2101 2021 2172 anius

471 2223 568 2293 valor
595 2224 799 2294 aestimatur
826 2223 869 2292 ad
898 2243 958 2292 sex
987 2242 1140 2310 marcas3
1167 2223 1250 2292 item
1277 2227 1331 2292 est
1358 2222 1405 2292 ibi
1432 2221 1613 2310 praedium
1640 2222 1799 2310 militare,
1819 2241 1969 2310 parvum
1987 2227 2023 2290 et

471 2349 574 2414 tenue
601 2344 636 2414 iu
664 2343 767 2432 agria,
795 2343 837 2414 de
866 2343 990 2433 quibus
1017 2343 1093 2414 iare
1120 2343 1311 2432 parochiali
1338 2347 1474 2412 vetusto
1500 2341 1649 2412 solvitur
1674 2341 1810 2412 decima
1826 2340 2023 2430 manipula·

471 2464 520 2534 ris
547 2465 758 2536 monasterio
785 2463 1119 2554 Pyandziczoviensi.
1230 2530 1236 2539 .

594 2709 857 2829 Privilegiunr
889 2724 1146 2804 fundationis
1179 2727 1423 2804 monasterii
1458 2723 1899 2829 Pyandziezoviensis.
1955 2777 1962 2787 ⁴

574 2945 614 3016 ln
642 2945 778 3016 nomine
806 2944 952 3016 Sanctae
988 2950 1024 3015 et
1050 2943 1253 3015 Indiuiduae
1280 2943 1462 3029 Trinitatis
1489 2944 1611 3016 Amen.
1646 2943 1879 3034 Sbigueus
1906 2944 2028 3016 divina

366 3079 369 3088 ’
471 3066 694 3136 miseratione
730 3065 824 3135 tituli
860 3063 1006 3136 Sanctae
1043 3063 1184 3136 Priscae
1211 3064 1388 3136 Romarm
1414 3065 1580 3136 ecclesiae
1606 3066 1809 3156 presbyter,
1835 3065 2027 3136 cardinalis

471 3185 709 3258 cracoviensis
736 3185 927 3274 vulgariter
954 3193 1179 3276 nuncupatus,
1206 3185 1250 3256 ad
1278 3193 1479 3278 perpetuam
1506 3188 1558 3258 rei
1586 3188 1797 3260 memoriam.
1821 3187 2027 3278 Stupendns
2146 3278 2150 3294 Ι

469 3305 530 3392 ille
558 3306 717 3378 coelestis
745 3306 906 3396 agricola,
934 3313 969 3377 et
995 3307 1149 3378 aetherei
1177 3307 1311 3396 pariter
1337 3313 1374 3378 et
1399 3310 1531 3380 terreni
1557 3309 1601 3378 ab
1620 3309 1721 3380 initio
1738 3309 1907 3398 tampnis
1924 3308 2029 3398 plan·

476 3431 571 3498 tator
598 3426 760 3516 paradisi,
788 3427 846 3516 qui
874 3447 954 3499 vere
981 3427 1058 3498 lons
1090 3428 1299 3518 sapientiae,
1326 3429 1469 3500 verbum
1495 3429 1561 3500 Dei
1587 3450 1609 3499 a
1635 3435 1735 3518 patro
1762 3431 1798 3500 in
1826 3436 1925 3518 patre
1952 3450 2029 3500 ma·

478 3567 572 3636 nens,
599 3548 738 3638 genitus
764 3548 808 3618 ab
836 3554 989 3638 aeterno,
1015 3549 1201 3620 novissime
1237 3548 1358 3620 diebus
1385 3551 1463 3620 istis
1488 3549 1695 3622 adveniente
1721 3552 1889 3640 temporis
1916 3551 2030 3639 pleni·

472 3669 603 3760 tudine,
629 3668 822 3741 fabricante
849 3669 980 3760 Spiritu
1008 3668 1136 3742 Sancto
1162 3670 1198 3751 in
1226 3669 1383 3760 Virginis
1409 3677 1509 3742 utero
1536 3692 1618 3742 earo
1643 3671 1756 3744 fantus
1783 3673 1893 3743 exivit
1909 3665 2054 3757 bomo,¹

472 3791 515 3866 ad
544 3811 630 3881 opus
658 3790 803 3888 arduum
831 3791 1078 3880 redemptionis
1105 3792 1245 3862 bomani
1271 3793 1410 3881 generis
1436 3792 1691 3882 peragendum,
1717 3813 1785 3883 quo
1812 3793 1856 3863 ad
1884 3794 2027 3863 bortum

471 3912 725 4001 plantationum
754 3933 894 3984 suarum
933 3913 1096 4003 irrigaret
1123 3913 1308 3984 secundum
1338 3914 1436 4002 aquis
1463 3914 1654 4002 spiritualis
1678 3913 1815 4002 gratim
1842 3919 1879 3984 et
1896 3913 2029 3984 doctri·

473 4053 537 4104 uae
564 4039 600 4104 et
627 4033 803 4122 exemplar
838 4034 931 4106 vitae
968 4033 1129 4106 coelestis
1164 4035 1361 4106 homiuibus
1387 4035 1599 4123 sequendum
1626 4035 1809 4123 praeberet
1838 4055 1876 4104 se
1893 4035 2028 4123 ipsum.
2140 4096 2146 4108 .

472 4153 612 4239 Vemm,
641 4154 721 4242 quia
748 4155 948 4244 plerumque
975 4155 1135 4228 mortalis
1163 4155 1256 4226 vitae
1282 4154 1573 4226 sollicitudinibus
1600 4175 1740 4244 pressus
1766 4155 2029 4244 bom05mentis

472 4281 646 4363 aspectum
675 4275 719 4346 ab
746 4275 941 4346 huiusmodi
968 4275 1177 4365 exemplaris
1204 4275 1332 4346 iutuitu
1359 4275 1566 4365 divertebat,
1593 4297 1697 4348 verus
1722 4283 1844 4348 noster
1861 4274 2027 4347 Sdomou
2065 4363 2069 4369 ῃ

474 4395 509 4466 in
538 4395 609 4468 salo
637 4395 818 4466 militantis
845 4396 1010 4466 ecclesiae
1037 4396 1177 4468 hortum
1204 4395 1394 4484 voluptatis
1420 4397 1513 4468 iuter
1539 4403 1698 4468 caeteros
1714 4396 1893 4488 quendam
1910 4395 2027 4466 lacere

474 4517 636 4605 dignatus
672 4524 744 4605 est,
781 4538 802 4586 a
837 4516 1038 4605 procellosis
1075 4516 1193 4588 monadi
1228 4517 1389 4588 fluctibus
1416 4517 1628 4606 elongatum,
1654 4518 1690 4588 in
1717 4538 1785 4607 quo
1812 4519 1963 4607 quietius
1990 4524 2028 4588 et

473 4637 629 4708 securius
658 4642 841 4709 vacaretur
869 4637 1144 4727 contemplandis
1171 4638 1419 4728 servandisque
1445 4638 1642 4710 huiusmodi
1671 4639 1833 4728 operibus
1850 4638 2026 4727 exempla·
2056 4675 2059 4680 ·

474 4759 532 4827 ris.
560 4755 626 4826 Hic
653 4755 821 4846 siquidem
850 4757 981 4846 lrortus,
1010 4765 1063 4827 est
1093 4758 1170 4846 ipsa
1187 4757 1314 4828 Sancta
1332 4758 1466 4848 religio,
1484 4779 1572 4848 quae
1590 4759 1700 4828 muris
1717 4758 2026 4848 regularisobser·

474 4877 613 4950 vantiae
640 4877 790 4967 undique
818 4877 1043 4948 circumclusa
1069 4879 1164 4948 intra
1190 4900 1237 4967 sc,
1264 4879 1338 4950 solo
1366 4885 1526 4952 contecta
1551 4878 1643 4967 Deo,
1670 4877 1861 4952 adornatur
1887 4877 2026 4950 abunde

474 4999 620 5072 novellis
648 4998 922 5089 plantationibus
949 4999 1106 5070 tiliorum.
1134 4999 1236 5070 Enim
1266 5020 1360 5088 vero,
1378 5001 1408 5070 si
1427 5000 1620 5090 paradisus,
1638 5007 1743 5090 prout
1759 5002 1849 5071 sacri
1869 4999 2027 5090 pandunt

377 5154 380 5160 ¹
475 5121 627 5211 codices,
655 5121 689 5191 in
718 5121 783 5191 boc
811 5121 938 5190 mundo
975 5121 1068 5192 vitae
1096 5121 1258 5192 occiduae
1285 5127 1321 5190 et
1346 5120 1497 5192 labentis
1522 5128 1596 5208 est,
1623 5122 1683 5192 ubi
1708 5122 1897 5193 testantins
1923 5141 2027 5210 qnam

475 5244 510 5312 in
537 5242 746 5314 monasterio
776 5242 964 5312 consistere
992 5235 1276 5320 monstrabitur?
1297 5242 1355 5316 ubi
1383 5248 1487 5330 prata
1512 5241 1662 5313 virentia
1688 5242 1948 5330 scriptmarum,
1966 5242 2027 5312 ubi

476 5362 725 5451 praeterfluens
761 5363 942 5434 undositas
979 5362 1248 5452 lachrymarum,
1285 5362 1376 5451 quod
1413 5363 1456 5432 de
1491 5363 1684 5451 purissimis
1722 5341 1901 5434 affectibus
1929 5383 2028 5434 amor

477 5482 534 5552 ille
562 5483 698 5556 divinus
726 5484 866 5574 eliquat,
894 5485 952 5554 ubi
980 5491 1059 5554 sunt
1086 5485 1229 5556 arbores
1256 5485 1488 5559 erectissimae
1516 5484 1614 5556 chori
1641 5490 1849 5572 sauctorum,
1876 5488 1912 5553 et
1928 5484 2025 5554 nulla

478 5609 542 5690 est,
570 5623 656 5690 quae
683 5624 752 5676 non
779 5605 888 5676 multa
914 5603 1046 5676 tructam
1073 5604 1233 5676 frondeat
1259 5614 1296 5676 et
1320 5612 1461 5694 turgeat
1486 5605 1655 5677 ubertate.
1683 5603 1813 5676 Videas
1838 5606 1906 5692 ibi,
1933 5605 2026 5678 bunc
