4492 6592
464 753 535 826 102

462 957 523 1029 sed
549 975 613 1048 per
639 953 926 1029 Vladislanrn
962 951 1217 1026 Secundum
1251 950 1418 1024 Poloniae
1443 969 1561 1041 mem
1591 949 1741 1024 mutatio
1766 949 1861 1022 illias
1887 943 2009 1024 decta

461 1083 524 1149 est
551 1075 685 1148 Vidons
711 1076 801 1149 cuim
829 1093 890 1160 rer
917 1071 1093 1163 praefatus
1111 1073 1182 1147 tria
1197 1072 1410 1150 monasteria
1427 1071 1740 1145 sanctimonialium
1761 1069 1894 1143 ordinis
1911 1089 2010 1164 prae-

385 1287 388 1296 ,
460 1195 733 1284 monstratensis,
760 1193 929 1266 videlicet·
956 1193 992 1263 in
1019 1193 1199 1282 anko,
1218 1191 1643 1283 Grzyszanpwycza
1667 1197 1706 1264 et
1729 1189 2011 1282 Imramoory-
2098 1205 2102 1212 ·

461 1335 536 1387 cre
572 1313 771 1387 defectuosa
796 1314 833 1384 in
859 1313 1182 1385 sanctimonialibus
1207 1311 1302 1402 iore,
1337 1332 1402 1384 nec
1426 1317 1549 1385 tenere
1583 1331 1765 1384 numerum
1791 1311 1948 1385 debitum
1974 1315 2010 1382 et

364 1445 367 1452 '
461 1437 693 1508 necessarium
723 1435 798 1506 Deo
835 1433 1027 1506 dicatarum
1062 1432 1308 1523 foeminarum,
1343 1433 1553 1504 auctoritate
1587 1433 1682 1504 sedis
1717 1433 1941 1522 spostolicae
1976 1437 2013 1502 et

460 1555 589 1629 Petri
616 1555 762 1646 abbatis,
790 1559 894 1644 atque
922 1553 1064 1644 capituli
1090 1552 1264 1643 generalis
1281 1551 1679 1625 Praemonstratensinm
1696 1571 1874 1643 consensu,
1900 1553 2012 1642 ipsam

461 1699 524 1768 per
551 1676 792 1749 Albertnm
819 1674 842 1746 J
852 1675 1203 1764 astrzambyccz
1229 1679 1313 1745 tunc
1338 1673 1538 1766 episcopum
1556 1670 1832 1763 Oracoriensem,
1850 1677 1887 1746 et
1904 1671 2012 1744 Brze-
2161 1705 2163 1712 ·

462 1800 641 1886 schcnsem
667 1803 704 1869 et
729 1795 993 1868 Vithericnsem
1020 1795 1185 1884 abbates,
1212 1794 1337 1885 quibus
1364 1795 1554 1867 auctoritas
1580 1799 1617 1865 et
1643 1793 1840 1867 commissio
1867 1813 1890 1865 a
1916 1793 2012 1884 capi·

461 1919 536 1992 tulo
562 1917 716 2009 generali
742 1915 1079 2020 Prasmonstratcnsi
1113 1915 1337 2004 mittebatur,
1374 1915 1410 1986 in
1435 1935 1543 1986 mum
1577 1914 1825 1990 monasterium
1857 1913 2012 1989 anko
2161 1941 2163 1944 ⁴

433 2039 665 2129 transferri,
701 2043 736 2110 et
761 2038 798 2108 in
825 2057 930 2109 unum
958 2056 1102 2126 corpus,
1137 2041 1212 2107 tres
1246 2035 1561 2108 sanctimonialium
1587 2040 1796 2125 conventos,
1829 2035 2014 2106 extribus

465 2160 686 2232 monasteriis
713 2158 922 2248 concinnari,
943 2157 1264 2246 'monasteriumque
1300 2153 1700 2248 Grzyranowycre
1734 2156 1779 2227 ab
1814 2155 2014 2227 obedientia

463 2281 601 2354 abbatis
629 2279 747 2352 Sancti
772 2277 948 2350 vincentii
975 2276 1018 2350 de
1053 2258 1354 2348 Vratislavia
1388 2283 1425 2350 et
1450 2295 1514 2351 soa
1539 2277 1752 2366 paternitate
1776 2275 1946 2366 aberrant
1972 2281 2008 2346 et

465 2401 584 2474 abbati
610 2398 831 2472 Vithoviansi
857 2398 986 2488 subici,
1021 2415 1085 2488 per
1111 2396 1306 2490 praelatum
1340 2395 1526 2470 Petrum
1554 2397 1724 2484 abbatem
1750 2395 2014 2482 Prasmonstrr·

464 2527 607 2612 tenssm,
634 2541 724 2594 auno
750 2519 890 2594 Domini
923 2519 1030 2590 1415.
1057 2519 1268 2610 procurarit
1303 2517 1401 2593 Tunc
1425 2537 1562 2609 quoquc
1588 2537 1612 2588 a
1635 2517 1849 2593 monasterio
1867 2516 2015 2607 Orryra-

465 2643 622 2716 moriensi
648 2646 720 2714 tres
738 2639 842 2712 villae
860 2639 1005 2730 dotales,
1027 2639 1199 2710 videlicet:
1225 2637 1505 2730 Olycranon,
1531 2637 1707 2729 sarbye
1734 2643 1771 2710 et
1796 2636 2015 2729 Kowalye

378 2807 380 2813 s
466 2763 604 2836 ablatae
631 2766 721 2850 sunt,
748 2765 785 2832 st
810 2759 1021 2832 monasterio
1049 2759 1084 2830 in
1111 2759 1266 2832 anlro
1292 2760 1534 2849 incorporatae
1559 2763 1596 2830 et
1617 2759 1745 2847 unitae,
1773 2778 1863 2848 qnae
1879 2764 1917 2832 et
1934 2759 2016 2832 laco·

409 2947 413 2958 ,
465 2889 568 2956 tenos
586 2883 621 2955 in
640 2881 714 2954 eius
732 2881 948 2970 proprietate
975 2884 1213 2972 perseverant
1239 2879 1452 2952 monasterio
1469 2883 1586 2952 autem
1603 2877 1892 2970 Grryzanorioosi
1911 2877 2015 2952 villas

466 3001 851 3098 Crzyzanowicze
871 3017 963 3072 *cum
989 2998 1135 3090 praedio
1161 3003 1198 3070 et
1223 2998 1438 3090 molendino,
1473 2997 1729 3072 Lasanices
1764 3004 1801 3070 et
1831 2997 2015 3090 Gouary

466 3130 502 3198 et
527 3123 647 3214 paucis
674 3121 751 3194 aliis
778 3120 1005 3210 proventibus
1031 3119 1175 3192 relictae
1201 3125 1301 3210 sunt;
1327 3120 1453 3211 quibus
1478 3119 1697 3210 praepositus
1723 3119 1791 3202 loci
1817 3119 1912 3192 illins
1938 3140 2016 3198 cum

465 3267 534 3316 nno
560 3243 670 3317 fratrc
697 3239 767 3312 illic
793 3241 964 3330 babitans,
991 3245 1027 3312 et
1053 3259 1170 3314 curam
1197 3240 1390 3312 animarum
1415 3245 1453 3313 et
1478 3241 1665 3332 parochiae
1684 3259 1815 3330 gerens
1840 3246 2016 3326 satana-

466 3373 534 3438 tnr.
561 3363 654 3454 Quas
682 3363 716 3431 in
744 3359 974 3452 descriptione
1002 3359 1145 3432 inferius
1172 3361 1340 3468 ponenda,
1367 3361 1474 3434 latins
1499 3361 1739 3452 exprimemus.
1818 3429 1821 3432 ,

570 3482 920 3571 Kazrzasowrcrr,
961 3482 1206 3556 monasterinm
1247 3482 1292 3555 ad
1331 3481 1461 3557 iocata
1499 3480 1665 3572 Nidas,
1704 3501 1814 3572 prope
1853 3480 2017 3571 oppidana

468 3602 728 3696 Pyandzicz
741 3621 802 3673 ow
829 3602 933 3672 situm
960 3607 1022 3692 est,
1050 3602 1180 3674 veteris
1206 3599 1321 3674 adbuc
1338 3603 1506 3693 coenobii,
1532 3601 1615 3674 mm
1632 3601 1913 3681 muctimouiales
1932 3601 2018 3708 illud

452 3726 675 3830 (incolebant,
701 3723 830 3816 tacmm,
849 3731 886 3796 et
912 3723 1013 3812 signa
1039 3722 1210 3812 condens;
1248 3743 1329 3796 nam
1355 3730 1392 3794 ot
1417 3723 1615 3799 habitacula
1640 3723 1874 3813 clarioraque
1896 3742 2017 3819 nerra·

467 3869 544 3923 rum
570 3845 646 3936 Dei,
673 3850 898 3936 caeteraeque
924 3842 1081 3918 officinae
1108 3842 1177 3916 illis
1205 3844 1440 3934 cohaerentes,
1462 3833 1580 3918 'adbm
1603 3844 1763 3922 risnntm
1788 3843 2018 3932 adpraesens

466 3974 613 4060 tempus,
640 3972 675 4038 et
701 3969 736 4038 in
763 3965 909 4038 ecclesia
944 3965 1148 4038 monasterii
1182 3964 1497 4046 sanctimonialium
1531 3963 1604 4038 illic
1637 3964 1947 4056 requiescentium,
1982 3965 2018 4039 in

468 4087 600 4182 quadro
627 4086 741 4180 lapide
768 4085 974 4176 capitalibus
1007 4086 1138 4158 litteris
1172 4084 1352 4176 desculpta
1377 4083 1573 4174 epitaphia,
1608 4104 1754 4177 quarum
1780 4085 1890 4161 nuta
1916 4089 2017 4174 pont

392 4221 398 4228 ·
468 4231 510 4280 er
544 4209 690 4282 humore
724 4212 889 4296 corrupta
924 4206 991 4276 iam
1027 4204 1166 4276 delevit
1209 4203 1358 4276 Habitat
1391 4209 1508 4276 summ
1528 4183 1790 4278 'numanum
1824 4203 2018 4295 precans

467 4348 624 4404 nausea
651 4325 819 4400 iratribus
846 4325 978 4398 ordinis
1004 4323 1383 4416 Prasmonstrateusis,
1417 4331 1455 4396 et
1480 4325 1758 4416 praeposituram
1785 4325 1870 4398 dicti
1898 4343 2018 4399 mona·

468 4449 576 4538 sterii,
604 4467 768 4523 armore
795 4445 938 4538 antiqno
965 4446 1181 4536 institutam,
1217 4445 1394 4538 adquam
1429 4466 1492 4538 per
1517 4429 1585 4518 loci
1612 4446 1827 4520 ordinarium
1862 4446 2019 4537 qualibet

320 4603 326 4612 ·
456 4570 648 4643 'vacatione
683 4571 866 4640 occurente
902 4566 946 4638 ad
982 4567 1298 4658 praesentationem
1332 4568 1528 4640 instituitur
1561 4574 1601 4640 ct
1631 4561 1854 4658 providetur,
1892 4573 2017 4642 tenens

469 4711 585 4764 secum
620 4709 724 4760 unum
760 4687 903 4759 fratrem
939 4688 1092 4760 eiusdem
1129 4688 1260 4762 ordinis
1286 4687 1660 4780 Prasmonstratcnsis,
1695 4689 1731 4786 in
1758 4689 1922 4762 solatium
1949 4689 2016 4760 sibi

469 4813 597 4902 datum,
625 4829 701 4882 cum
729 4810 825 4882 cuins
852 4807 989 4900 auxilio,
1016 4815 1052 4880 et
1079 4829 1197 4882 curam
1223 4809 1415 4881 animarum
1441 4809 1536 4882 illins
1561 4810 1834 4901 praepositurae,
1861 4816 1899 4882 et
1924 4811 2019 4884 bona

468 4931 674 5024 temporalia
699 4929 928 5024 administrat,
956 4929 1093 5002 solvens
1120 4931 1236 5002 omnia
1262 4931 1340 5004 iura
1365 4930 1578 5022 pontificalia
1603 4937 1641 5003 et
1666 4931 1956 5020 contributiones,
1983 4935 2020 5002 et
2159 4924 2160 4930 ’

469 5054 731 5127 archidiaconos
757 5071 818 5124 seu
845 5052 1044 5123 visitatores
1071 5051 1115 5122 ad
1143 5072 1181 5122 se
1208 5052 1387 5124 venientes
1412 5053 1604 5144 suscipiens
1630 5059 1668 5124 et
1693 5073 1894 5143 procurans.
1934 5050 2019 5125 Ges·

470 5177 561 5248 savit
587 5179 701 5247 autem
729 5192 750 5244 a
775 5179 932 5263 tempore
967 5173 1207 5245 translationis
1242 5173 1554 5246 sanctimonialium
1590 5174 1627 5246 in
1663 5173 1817 5248 Basia
1852 5175 2020 5246 bomem
2145 5238 2151 5264 ,

470 5297 710 5370 canonicarum
739 5299 994 5384 nocturnarum,
1021 5294 1154 5385 pariter
1180 5300 1217 5366 et
1243 5294 1461 5385 diurnarum,
1487 5296 1540 5366 rei
1566 5315 1703 5387 quoque
1729 5296 1867 5369 divinae
1893 5296 2020 5370 decan·

469 5419 566 5508 tatio,
592 5419 652 5490 scd
678 5416 806 5490 fratres
833 5416 904 5486 illic
930 5416 1104 5506 degentes,
1132 5416 1237 5486 boras
1263 5416 1358 5506 ipsas
1383 5416 1448 5488 snb
1466 5416 1606 5488 silentio
1623 5418 1659 5490 in
1676 5416 1835 5490 domibus
1861 5417 2020 5509 privatis,

353 5589 358 5598 .
470 5557 544 5610 rem
570 5559 653 5610 vero
680 5539 831 5610 divinam
867 5537 1046 5610 dominicis
1072 5542 1229 5626 mutum,
1263 5537 1338 5608 imo
1360 5543 1396 5608 et
1422 5537 1617 5610 celebribus
1652 5537 1774 5610 dicbus
1808 5539 1874 5610 sub
1901 5543 2017 5626 cautu,

472 5657 550 5730 aliis
576 5679 660 5730 vero
686 5657 864 5732 ferialibus
891 5665 927 5730 ct
954 5657 1174 5750 quotidianis,
1200 5677 1285 5729 roce
1312 5658 1495 5730 summissa
1519 5679 1585 5750 pro
1603 5659 1750 5732 arbbmo
1777 5679 1840 5732 sno
1867 5658 2019 5750 explent
