4492 6592
489 674 564 746 aas
587 760 593 768 ¹

491 878 638 950 Sanctae
664 876 787 948 Crucis
814 882 1060 947 extramuros
1087 875 1354 965 Craoovienses,
1380 879 1417 948 in
1444 878 1573 967 oppido
1599 877 1814 968 Oleparz,
1841 898 1916 949 non
1941 878 2033 969 longe

490 999 639 1070 alluvio
676 997 893 1086 Rudawa,
930 998 994 1068 sub
1031 997 1234 1087 pontificatu
1269 996 1366 1069 Petri
1400 998 1565 1088 Wyscb
1599 1000 1754 1089 episcopi
1791 997 2034 1090 Graoovienais,

489 1141 579 1190 anno
606 1115 745 1189 Domini
777 1119 884 1207 1390,
910 1116 997 1188 feria
1024 1118 1145 1208 quinta
1172 1123 1252 1208 post
1278 1117 1403 1190 festum
1424 1118 1542 1190 Sancti
1559 1119 1683 1191 Jacobi
1701 1120 1863 1210 apostoli,
1890 1119 2036 1210 fundant

491 1240 643 1312 condunt
678 1243 714 1310 et
747 1239 890 1329 dotant,
917 1245 952 1310 et
980 1239 1213 1329 pulcherrimo
1240 1261 1339 1311 muro
1365 1241 1523 1312 latericio
1551 1241 1731 1312 circuitum
1759 1240 1940 1329 ecclesiae,
1974 1246 2037 1312 mm

489 1362 586 1432 chori
614 1382 716 1450 quam
753 1361 917 1450 corporis,
945 1381 1049 1451 opere
1086 1366 1286 1450 sumptuoso
1321 1367 1358 1433 et
1393 1361 1575 1452 magnifico
1602 1361 1804 1452 designant,
1831 1362 2039 1451 chorumque

489 1481 643 1553 eiusdem
670 1481 834 1552 ecclesiae
861 1502 936 1551 cum
966 1481 1123 1552 sacristia
1150 1482 1335 1570 perficiunt
1360 1487 1398 1552 et
1423 1487 1637 1571 consumunt,
1664 1482 1822 1572 corporis
1850 1503 1939 1553 vero
1968 1480 2038 1553 fun-

491 1603 653 1674 damenta
680 1601 790 1672 solum
817 1600 956 1691 iaciunt,
984 1601 1271 1691 quemadmodum
1299 1623 1407 1692 nsque
1435 1602 1479 1672 ad
1506 1609 1726 1692 praesentem
1753 1602 1847 1673 diem
1874 1601 1913 1672 id
1931 1622 2039 1674 coram

490 1743 633 1794 cernere
659 1722 749 1812 licet,
776 1727 812 1792 et
839 1709 976 1792 domum
1003 1743 1067 1811 pro
1094 1722 1304 1794 monasterio
1331 1723 1481 1813 ligneam
1508 1744 1586 1794 cum
1613 1723 1717 1794 horto
1743 1728 1964 1811 construunt,
1981 1723 2041 1794 fra·

491 1849 632 1934 tresque
665 1864 708 1914 ex
735 1843 945 1914 monasterio
981 1841 1151 1934 Progensi
1187 1849 1359 1933 sumptos,
1387 1845 1422 1915 in
1450 1843 1544 1914 illam
1571 1843 1815 1933 introducunt,
1843 1844 1972 1916 dantes
1996 1847 2041 1915 eis

490 1987 555 2056 pro
583 1966 673 2054 dote,
702 1966 856 2054 quamvis
884 1965 988 2054 tenui,
1015 1965 1139 2054 viginti
1167 1985 1301 2036 marcas
1328 1965 1473 2055 singulis
1497 1965 1615 2052 annis,
1642 1964 1686 2036 de
1713 1965 1878 2037 censibus
1906 1971 1944 2036 et
1969 1987 2042 2056 pro

491 2087 652 2158 ventibus
679 2087 830 2158 thelonei
858 2084 1104 2174 cracoviensis,
1133 2108 1154 2156 a
1180 2087 1306 2176 quibus
1332 2106 1441 2176 usqne
1468 2086 1513 2156 ad
1538 2105 1617 2157 mea
1632 2091 1800 2176 tempora,
1819 2092 1857 2157 et
1875 2089 1944 2158 snb
1961 2089 2040 2158 meis

493 2208 619 2296 oculis,
648 2207 792 2277 ecelesia
819 2207 878 2278 illa
905 2207 1051 2277 Sanctae
1079 2205 1201 2277 Crucis
1229 2215 1264 2278 et
1291 2209 1328 2277 in
1354 2229 1394 2278 re
1421 2207 1549 2298 divina,
1576 2213 1612 2278 et
1639 2208 1675 2277 in
1701 2209 1889 2280 matutinis
1918 2208 2042 2281 choris

365 2375 369 2384 ·
492 2350 559 2419 que
586 2328 777 2417 canonicis,
805 2329 1018 2418 caeterisque
1051 2328 1247 2400 cerimoniis
1282 2329 1525 2400 ecclesiasticis
1552 2348 1677 2400 sonoro
1704 2335 1810 2399 centn
1837 2335 1875 2400 et
1898 2329 2042 2401 lectione

474 2451 528 2520 ·in
555 2449 718 2520 idiomate
745 2448 956 2537 Sclavonico,
984 2454 1020 2519 et
1046 2469 1109 2538 per
1135 2450 1322 2520 monachos
1348 2429 1543 2540 fratresque
1569 2447 1688 2520 Sancti
1715 2448 1903 2520 Benedicti
1920 2456 1959 2521 et
1975 2450 2042 2522 ofli-

493 2571 651 2641 ciabatur
678 2575 714 2640 et
732 2569 1051 2640 administrabatur.
1078 2569 1344 2641 Deliberaverat
1361 2577 1478 2640 autem
1496 2549 1757 2641 illustrissimus=
1770 2569 2043 2642 Vladislaus

491 2691 657 2763 Poloniae
683 2711 762 2780 rex,
791 2711 866 2761 cum
903 2711 966 2760 sua
1002 2691 1218 2761 nobilissima
1253 2697 1415 2762 consorte
1440 2689 1643 2778 Hedvigi
1670 2691 1881 2762 monasterio
1912 2697 1951 2762 et
1975 2691 2042 2762 loco

491 2810 542 2881 illi
569 2811 653 2880 dare
680 2810 829 2900 amplam
856 2810 985 2898 dotem,
1013 2830 1101 2899 qnae
1127 2810 1274 2900 triginta
1301 2811 1486 2882 monachos
1512 2814 1654 2900 praeter
1678 2809 1767 2881 alios
1794 2809 1990 2882 familiares
2010 2818 2043 2882 et

493 2932 681 3004 servitores
709 2935 905 3002 sustentare
931 2930 1114 3020 potuisset,
1132 2929 1398 3003 deliberaverat
1424 2931 1528 3002 etiarn
1555 2936 1591 3002 et
1609 2932 1859 3002 monasterinm
1877 2953 1960 3003 cum
1977 2934 2042 3004 suis

493 3053 651 3124 omnibus
679 3051 775 3123 cellis
802 3057 839 3122 et
874 3050 1019 3122 officinis
1046 3051 1204 3123 latericio
1231 3073 1330 3123 muro
1357 3050 1547 3142 fabricare,
1574 3053 1636 3125 sed
1662 3053 1801 3124 interim
1827 3053 1956 3152 regina
1980 3053 2042 3123 cla-

493 3173 631 3242 rissima
657 3171 883 3260 Hedvigis
911 3176 1006 3244 sorte
1032 3170 1130 3242 fatali
1157 3173 1334 3244 abstracta
1360 3176 1423 3261 est,
1450 3193 1519 3261 qua
1545 3174 1704 3264 obeunte,
1731 3173 1843 3244 omnis
1866 3172 1985 3263 ardor,
2002 3172 2041 3245 ad

439 3343 447 3354 ,
496 3313 595 3382 quem
632 3291 727 3362 illum
764 3291 903 3363 stimulo
940 3311 1002 3363 suo
1039 3291 1161 3382 regina
1194 3292 1424 3382 Hedvigis
1460 3292 1675 3382 concitabat,
1710 3294 1885 3366 extinctus
1914 3299 1987 3382 est,
2011 3300 2043 3364 et

447 3459 450 3466 -
494 3433 595 3484 omne
630 3433 717 3502 opus
753 3433 862 3503 usque
897 3411 939 3482 ad
967 3411 1058 3484 diem
1084 3413 1193 3502 banc,
1219 3412 1398 3503 omnisque
1433 3412 1568 3484 fabrica
1592 3413 1757 3486 ecclesiae
1783 3419 1820 3484 et
1845 3414 2043 3487 monasterii

495 3533 711 3622 intermissa;
751 3552 815 3623 pro
856 3532 1091 3604 verificatione
1132 3539 1247 3604 autem
1288 3533 1541 3624 praesentium,
1578 3534 1711 3624 copiam
1747 3535 1926 3626 privilegii
1960 3534 2042 3625 regii

494 3655 697 3742 inserimus;
734 3654 777 3725 ob
814 3651 983 3725 defectum
1021 3659 1137 3726 autem
1173 3655 1439 3744 monachornm,
1465 3655 1525 3745 qui
1560 3655 1597 3726 in
1632 3654 1833 3727 Sclavonico
1868 3657 2042 3728 ecclesiam

494 3775 589 3845 illam
617 3775 911 3864 administrarent,
938 3774 981 3846 de
1009 3774 1130 3846 ordine
1156 3774 1274 3846 Sancti
1301 3774 1502 3865 Benedicti,
1529 3776 1691 3847 sacerdos
1718 3775 1908 3848 saecularis
1941 3776 2040 3849 domi-
2141 3859 2143 3868 Ι

494 3917 559 3966 nus
588 3893 759 3986 Georgius
786 3895 986 3968 Litbvos
1013 3895 1108 3966 illam
1136 3896 1228 3986 regit
1253 3902 1290 3967 et
1317 3896 1537 3968 administrat
1563 3918 1663 3986 nunc,
1690 3919 1759 3968 non
1786 3897 1862 3968 sine
1885 3896 2040 3984 scandalo
2141 3869 2143 3904 ³

495 4023 531 4088 et
557 4018 685 4088 iniuria
712 4017 918 4090 dotatorum.
946 4016 1061 4088 Tenor
1088 4023 1204 4088 autem
1230 4017 1406 4108 privilegii
1431 4018 1520 4107 regii
1545 4017 1628 4088 talis
1655 4023 1728 4090 est:
2141 3989 2143 4034 Ι

598 4260 840 4331 Vnanrsnaus
876 4258 941 4329 Dei
976 4258 1091 4350 gratia
1126 4279 1189 4330 ren
1216 4257 1401 4349 Poloniae,
1428 4279 1574 4350 magnus
1600 4259 1670 4331 dux
1697 4259 1926 4351 Litbvaniae,
1953 4261 2039 4352 prin·
2141 4303 2143 4348 3

495 4403 575 4471 ceps
604 4401 783 4470 supremus
811 4384 848 4450 et
874 4379 997 4452 haeres
1024 4379 1170 4452 Russiae
1197 4383 1264 4450 etc.
1291 4379 1461 4452 Notitiam
1488 4381 1723 4470 praesentium
1745 4381 1932 4470 habituris,
1949 4402 2040 4473 prae
2141 4449 2143 4482 ξ

496 4501 652 4573 sentibus
679 4506 715 4571 et
741 4499 866 4572 bituris
895 4501 1127 4591 significamus
1155 4500 1280 4591 quibus
1308 4500 1449 4590 expedit
1473 4501 1663 4590 universis,
1691 4502 1772 4592 quia
1804 4503 1963 4574 sincerae
1988 4501 2039 4573 de·

497 4622 648 4696 votionis
675 4621 749 4692 zelo
775 4623 919 4712 accensi,
947 4622 1038 4693 diem
1066 4627 1257 4693 extremum
1276 4621 1395 4692 iudicii
1413 4622 1589 4711 cupientes
1608 4622 1770 4712 operibus
1789 4623 2040 4695 misericordiae

496 4743 711 4835 praevenire,
738 4746 774 4813 et
788 4741 1014 4814 ‘indubitatae
1041 4742 1165 4814 salutis
1192 4743 1293 4814 nobis
1319 4742 1522 4832 compendia
1540 4763 1728 4832 procurare
1745 4743 2039 4816 immarcescibiles

496 4865 706 4938 fiducialiter
732 4864 938 4954 reponimus,
958 4883 1193 4954 quaecumque
1220 4883 1285 4954 pro
1312 4863 1443 4934 bonore
1469 4883 1646 4934 sacrarum
1666 4863 1790 4935 sedum
1808 4864 1845 4934 in
1863 4869 2039 4955 augmento

497 4989 609 5060 cultus
637 4987 791 5059 divinum
817 4985 1009 5056 liberaliter
1036 5005 1236 5076 erogamus,
1264 4984 1429 5074 oratorio,
1457 4983 1548 5074 quod
1574 5005 1639 5075 pro
1666 4985 1838 5075 principio
1864 4991 1901 5056 et
1927 4984 2039 5057 funda·

496 5115 612 5182 mento
641 5107 784 5180 claustri
821 5105 1022 5179 monasterii
1058 5105 1257 5176 Sclavorum
1284 5105 1431 5176 fratrum
1459 5105 1592 5176 ordinis
1619 5104 1738 5177 Sancti
1764 5105 1948 5178 Benedicti
1973 5104 2038 5176 fun-

497 5231 648 5302 dandum
684 5229 917 5318 decrevimus,
953 5227 988 5298 in
1025 5227 1193 5299 honorem
1228 5225 1401 5316 passionis
1437 5225 1568 5298 Christi
1602 5225 1689 5298 Jesu
1723 5226 1902 5317 dedicato,
1928 5225 2041 5319 viginti

497 5371 632 5423 marcas
659 5351 794 5424 numeri
821 5355 857 5422 et
883 5349 1046 5441 ponderis
1066 5347 1323 5439 Polonicalium,
1344 5347 1576 5439 quadraginta
1594 5355 1672 5420 octo
1690 5367 1832 5440 grossos
1851 5368 1917 5437 pro
1935 5367 2040 5420 marca

500 5473 652 5562 qualibet
685 5472 934 5563 computando,
972 5471 1014 5542 de
1049 5470 1221 5543 theloneis
1257 5470 1387 5541 nostris
1419 5469 1574 5560 quolibet
1600 5491 1690 5541 anno
1717 5469 1988 5559 assignavimus,
2010 5471 2039 5536 et

499 5597 621 5664 tenore
656 5594 891 5684 praesentium
928 5595 1153 5684 assignamus.
1189 5590 1253 5664 Cui
1281 5592 1419 5684 quidem
1456 5591 1610 5664 oratorio
1638 5591 1682 5663 ad
1709 5611 1877 5682 praesens
1905 5591 2039 5662 devotus
