4492 6592
472 685 547 762 104

471 897 717 968 monasterium
743 898 779 968 in
806 895 1218 989 Grzyszauovvicze
1243 896 1406 987 pertinet
1444 893 1485 964 ln
1512 913 1581 985 qua
1607 897 1689 965 sunt
1713 911 1776 964 sax
1807 891 1901 964 lanei
1926 911 2016 963 anre·

397 1077 401 1084 .
470 1015 649 1107 thonales,
685 1021 721 1088 et
746 1017 892 1108 quilibet
927 1017 1032 1090 solvit
1066 1036 1131 1108 pro
1157 1036 1264 1088 censu
1296 1015 1445 1088 sedecim
1478 1035 1629 1106 grossos.
1673 1013 1761 1098 Item
1798 1013 1947 1104 quilibet
1980 1013 2017 1084 in

471 1137 665 1230 septimana
689 1137 734 1210 de
760 1137 861 1209 laneo
888 1143 1028 1210 tenetur
1054 1138 1197 1228 proprio
1222 1157 1327 1208 cumo
1360 1141 1425 1208 aut
1449 1142 1570 1208 aratro
1596 1135 1756 1206 laborare
1782 1154 1889 1206 nuum
1916 1132 2016 1204 dienn

470 1257 559 1328 Item
586 1262 641 1329 est
666 1253 715 1330 ibi
742 1278 812 1329 una
836 1258 984 1330 taberna
1009 1258 1142 1330 habeus
1168 1278 1282 1348 agros,
1298 1263 1336 1327 et
1352 1256 1458 1328 solvit
1482 1255 1694 1328 monasterio
1721 1275 1785 1344 pro
1812 1274 1920 1325 censu
1945 1273 2016 1324 me—

469 1377 562 1448 diam
588 1396 748 1449 marcam.
771 1377 859 1450 Item
877 1378 1057 1468 praedium
1075 1400 1146 1450 non
1164 1383 1227 1467 est,
1253 1399 1365 1469 neque
1391 1376 1619 1466 bortulauiae,
1646 1396 1758 1467 neque
1775 1374 2018 1446 molendinum.

468 1497 558 1568 Item
585 1507 716 1568 omnes'
729 1497 806 1589 agri
832 1497 936 1570 villae
962 1497 1141 1588 praefatae
1176 1497 1315 1568 solvunt
1340 1501 1378 1569 et
1403 1496 1599 1574 conducunt
1633 1496 1801 1568 decimam
1827 1495 2020 1585 manipula·

469 1637 543 1702 rem
571 1623 608 1690 et
634 1617 833 1709 canapalem
873 1639 937 1707 pro
963 1618 1135 1690 decanatu
1161 1616 1399 1707 Gracoviensi,
1435 1623 1473 1688 et
1498 1617 1615 1718 valor·
1632 1616 1708 1688 mus
1742 1617 1947 1688 aestimatur
1974 1616 2020 1686 ad

471 1738 623 1830 quinque
649 1759 793 1828 marcas,
820 1737 1005 1828 aliquando
1032 1738 1077 1810 ad
1104 1758 1175 1810 aar.
1204 1739 1292 1808 Item
1318 1739 1461 1809 suntin
1487 1736 1609 1809 eadem
1634 1735 1717 1809 villa
1742 1740 1892 1827 quatuor
1917 1755 2019 1827 prae-

370 1897 381 1914 ,
469 1857 528 1928 dia
554 1859 728 1948 militaria,
756 1858 800 1930 da
826 1859 950 1949 quibus
977 1857 1109 1930 decima
1134 1857 1359 1948 manipularis
1386 1858 1535 1930 solvitur
1559 1857 1725 1930 ecclesiae
1750 1862 1788 1929 et
1813 1857 1965 1948 plebano
1982 1855 2020 1926 in

469 1977 753 2070 Ottbwinov,
781 1984 818 2050 et
843 1979 942 2052 valor
968 1980 1042 2052 eius
1069 1979 1275 2052 aestimatur
1299 1978 1348 2074 ad
1371 1999 1434 2051 serr
1460 1999 1606 2050 marcas.

573 2098 691 2170 Villae
716 2119 738 2170 a
764 2100 973 2172 monasterio
1000 2100 1180 2172 alienatae:
1207 2098 1426 2191 Govvalye,
1453 2098 1715 2189 Szarplrovv,
1735 2088 2025 2188 Glyczanorr

470 2219 583 2310 Supra
619 2217 768 2310 scriptae
803 2226 876 2291 tres
911 2220 1015 2294 villae
1050 2221 1247 2293 abstractae
1281 2225 1363 2292 suut
1399 2219 1657 2292 amouasterio
1692 2217 2022 2309 Gruyaaanoviensi,

470 2340 607 2430 quando
635 2340 912 2412 sanctimoniales
939 2339 1089 2430 praelati
1113 2340 1318 2414 monasterii
1351 2341 1543 2414 translatae
1569 2345 1651 2416 aunt
1676 2341 1713 2412 iu
1737 2339 1943 2428 Buszlro,
1977 2344 2017 2410 et

470 2461 608 2532 iunctae
636 2466 717 2532 suut
743 2461 952 2534 monasterio
980 2461 1016 2532 in
1042 2461 1233 2534 Buszlro.
1794 2571 1799 2578 .

573 2579 844 2673 Gobilniky,
871 2580 1050 2672 Wolya,
1086 2581 1299 2671 Szolnilr,
1325 2578 1681 2670 Grochowislra3
1706 2580 1772 2651 bas
1797 2579 1899 2651 villas
1926 2584 2026 2651 tenet
2133 2642 2134 2675 ,

469 2702 709 2774 serenissimus
739 2701 905 2774 Poloniae
940 2721 1003 2773 rex
1039 2723 1102 2792 pro
1136 2707 1256 2790 castro
1283 2701 1440 2773 Novae
1474 2699 1721 2791 Civitatis,
1761 2720 1866 2791 super
1893 2701 2023 2792 quibus
2134 2764 2135 2767 ,

383 2915 389 2926 ,
468 2823 717 2894 monasterium
750 2823 786 2894 in
822 2821 1238 2914 Grzyszanowicze
1271 2822 1399 2894 asserit
1425 2843 1463 2893 se
1489 2822 1620 2894 habere
1645 2822 1778 2912 optima
1802 2821 1997 2912 privilegia
2135 2914 2137 2917 Ι

449 2937 453 2948 “
573 2941 989 3034 S‘wyeborovvicze,
1038 2943 1229 3034 Kostrz,
1272 2943 1711 3034 Byernatbonicze,
1754 2941 2017 3031 Junowidn,

325 3079 330 3086 ·
468 3061 833 3156 Umyanowicze.

1003 3403 1485 3511 vuarnovvvczn

470 3655 657 3754 quintum
691 3661 992 3739 monaatearum
1016 3605 1187 3736 'ordinis
1219 3657 1651 3760 praemonstratensis
1683 3658 1724 3736 lu
1755 3655 1949 3788 dioecesi
1980 3659 2027 3736 et

902 3793 981 3874 sub
1014 3795 1264 3900 episcopato
1297 3793 1589 3876 Oracovlenai.

449 4051 452 4059 ’
571 4029 650 4102 lvo
686 4030 729 4103 de
764 4030 797 4102 K
809 4033 954 4104 onske
989 4031 1230 4105 cracoviensis
1256 4033 1457 4124 episcopus,
1482 4052 1595 4122 genus
1620 4031 1736 4104 nobile
1762 4031 1807 4110 ,de
1831 4030 1965 4104 familia
1990 4037 2027 4104 et

467 4152 569 4224 domo
596 4152 823 4244 Polonorum,
852 4175 940 4244 quae
975 4175 1013 4226 se
1040 4151 1353 4226 Odrovvansch
1379 4153 1533 4246 appellat
1558 4152 1705 4243 ducens,
1732 4173 1810 4226 cum
1836 4153 1873 4224 in
1900 4153 2019 4226 studio

466 4272 655 4346 Parisiensi
683 4273 776 4365 apud
803 4272 934 4346 Gallias
962 4275 1062 4346 aunis
1089 4275 1223 4366 aliquot
1248 4275 1383 4365 stando,
1410 4275 1560 4347 animam
1578 4295 1678 4352 suam
1696 4273 1903 4348 coelestibus
1921 4274 2026 4347 disci
2110 4321 2114 4329 -

467 4395 571 4485 plinis
606 4400 644 4467 et
670 4395 838 4469 doctrinis
874 4396 1075 4486 imbuisset,
1103 4395 1326 4487 favoremque
1352 4401 1388 4470 et
1413 4417 1566 4468 amorem
1591 4397 1678 4487 Dei,
1705 4395 1854 4488 fideique
1879 4400 1919 4468 et
1944 4397 2027 4468 reli·

465 4515 580 4606 gionis
607 4515 843 4607 Christianae,
872 4539 914 4590 er
942 4518 1101 4590 convictu
1129 4518 1285 4591 virorum
1319 4518 1500 4592 doctorum
1526 4524 1564 4590 et
1589 4518 1778 4590 illustrium
1805 4523 2025 4610 cooperante,

466 4637 517 4707 illi
545 4637 727 4710 clementia
753 4659 904 4730 superna
930 4639 965 4712 in
993 4643 1134 4731 pectore
1161 4661 1224 4712 suo
1250 4640 1451 4731 plantasset,
1479 4641 1636 4739 privatus
1655 4659 1793 4732 quoque
1809 4640 1965 4712 aristeus
1983 4645 2022 4712 et

468 4758 581 4831 adbuc
608 4759 700 4850 apud
726 4759 933 4834 Parisiis
961 4781 1077 4852 agens,
1103 4761 1262 4834 habitum
1289 4761 1407 4835 Sancti
1434 4762 1589 4835 Victoris
1616 4762 1659 4834 de
1686 4758 1892 4832 Parisiis
1919 4761 2024 4834 roke-

466 4885 540 4954 tum
567 4880 682 4954 album
718 4881 877 4954 deterens
914 4883 978 4956 sub
1014 4883 1179 4956 mantello
1214 4884 1411 4974 assumpsit.
1447 4883 1596 4975 Jamque
1621 4882 1719 4956 velut
1743 4882 1879 4973 lampas
1906 4882 2022 4954 ebari-

465 5003 550 5076 tatis
578 5002 704 5076 ardore
730 5003 919 5094 flammaue,
946 5005 1075 5077 sanctis
1101 5011 1138 5078 et
1164 5003 1337 5095 religiosis
1355 5005 1491 5078 actibus
1508 5003 1701 5077 scintillare
1718 5023 1825 5095 opere
1844 5008 1881 5076 et
1897 5004 2022 5077 babitu

467 5125 591 5216 coepit.
618 5124 658 5196 In
685 5123 851 5198 Poloniae
871 5146 1006 5217 quoque
1033 5126 1211 5217 regionem
1229 5142 1400 5217 reversus,
1418 5132 1456 5198 et
1472 5126 1564 5216 apud
1581 5126 1834 5198 Lesconem
1860 5125 2026 5198 Album

465 5244 631 5350 Iffoloniae
657 5248 879 5319 monarcham
908 5247 1191 5320 cancellariatum
1216 5253 1334 5320 terrae
1359 5249 1515 5339 sortitus,
1542 5249 1769 5326 incelebrem
1792 5247 2024 5321 virumbrevi

466 5367 558 5458 apud
585 5390 666 5443 suos
693 5374 838 5462 propter
865 5369 1036 5442 culturam
1071 5369 1226 5443 iustitiae
1252 5370 1423 5462 evadens,
1448 5367 1594 5444 cedente
1619 5369 1805 5442 Vincentio
1830 5367 2035 5442 Gaulnb·

343 5521 349 5534 ·
466 5487 605 5561 konis
640 5490 684 5563 dc
718 5491 939 5584 Karwov,
966 5493 1043 5565 viro
1079 5493 1188 5566 nobili
1224 5491 1268 5565 de
1294 5492 1396 5566 domo
1423 5492 1619 5583 Roszae,
1646 5497 1684 5564 et
1709 5491 1867 5564 ordinem
1894 5488 2026 5563 (lister-

465 5609 630 5683 ciensium
657 5613 750 5704 apud
777 5613 1054 5688 Andrzeiow
1080 5615 1309 5707 ingrediente,
1335 5636 1412 5686 curn
1439 5621 1533 5689 esset
1558 5618 1642 5687 tunc
1667 5618 1790 5687 cantor
1808 5610 2025 5686 Gnernensie
