4492 6592
480 687 526 800 sn

475 932 667 1024 praesentis
693 931 862 1023 temporis
898 952 1000 1022 quam
1035 927 1143 1004 futuri
1178 938 1301 1003 tenore
1335 927 1569 1021 praesentium
1596 929 1798 1003 innotescat
1845 929 1935 1019 Quia
1961 949 2027 1002 nos

476 1053 684 1143 Zegotha
713 1053 920 1124 castellanus
948 1051 1189 1122 Gracoviensis
1222 1051 1268 1143 de
1295 1052 1492 1124 voluntario
1520 1072 1691 1123 consensu
1717 1058 1754 1122 et
1780 1051 1935 1122 unanimi
1963 1072 2023 1123 vo-

475 1173 608 1244 luntate
644 1171 792 1244 filiorum
814 1177 1013 1243 nostrorum
1040 1170 1205 1242 Ottbonis
1231 1178 1267 1242 et
1292 1171 1486 1262 Zakliczae,
1512 1192 1577 1262 pro
1604 1172 1716 1244 salute
1730 1172 1935 1256 ‚animarum
1962 1192 2025 1242 no

476 1299 636 1382 atrorum,
663 1292 783 1363 damus
801 1297 838 1363 et
855 1291 1072 1363 concedimus
1099 1291 1203 1362 titulo
1230 1298 1419 1381 perpetuae
1437 1292 1634 1363 donationis
1660 1291 1827 1363 iratribus
1845 1290 2027 1364 cruciferis

476 1412 597 1484 domus
624 1412 880 1502 Oracoviensis,
917 1412 1048 1482 ordinis
1075 1411 1193 1482 Sancti
1220 1411 1389 1501 Spiritus,
1424 1433 1489 1501 pro
1524 1412 1690 1501 hospitali
1716 1411 1950 1483 construendo
1986 1431 2028 1481 ac
2118 1425 2123 1432 ·

475 1531 676 1622 complendo
702 1533 739 1602 in
766 1532 908 1604 civitate
936 1531 1221 1620 Sandomiriensi,
1256 1531 1300 1601 ad
1327 1531 1615 1602 sustentationem
1649 1551 1839 1620 pauperum
1866 1531 2026 1602 intirmo-

475 1674 570 1743 rum,
605 1652 713 1731 etad
739 1652 955 1742 recipiendos
990 1652 1215 1723 advenientes
1250 1653 1425 1742 quoslibet
1459 1673 1630 1742 pauperes
1665 1653 1888 1742 peregrinos,
1915 1659 1954 1722 et
1980 1651 2025 1722 ad

365 1833 372 1840 .
474 1771 721 1862 perficiendum
748 1773 838 1843 sicut
864 1773 1042 1843 conaverit
1068 1772 1155 1842 alias
1181 1771 1259 1843 fieri
1285 1773 1424 1861 inipso
1451 1793 1558 1862 opera
1584 1773 1754 1861 caritatis,
1781 1771 1826 1842 ad
1851 1773 2026 1861 provisio-

475 1913 554 1963 nem
581 1899 618 1964 et
643 1893 922 1983 procurationem
950 1893 1114 1982 ipsorum,
1141 1892 1242 1963 villas
1259 1899 1409 1982 nostras,
1435 1913 1540 1962 unam
1567 1913 1657 1982 quae
1683 1892 1860 1983 Scbyob
1887 1893 2028 1981 dicitur,

475 2013 569 2084 inter
609 2011 908 2085 Samborzecz
948 2018 984 2083 et
1020 2011 1250 2102 Zlotham‚
1291 2013 1412 2102 aliam,
1454 2033 1542 2102 qnae
1577 2009 1792 2085 Glaszow
1830 2013 2025 2102 vulgariter

474 2138 709 2222 nuncupatur,
745 2151 849 2223 quam
887 2130 1014 2203 nobilis
1041 2133 1095 2202 vir
1121 2132 1284 2220 Pollra,
1320 2132 1412 2202 lilius
1439 2131 1610 2222 quondam
1637 2132 1840 2203 Falislai
1856 2132 1920 2234 ,de
1949 2132 2025 2203 Za·
2154 2208 2158 2224 ,

476 2253 616 2342 dove,
652 2253 751 2324 nobis
787 2249 851 2342 pio
878 2251 1114 2323 satisfactione
1140 2253 1255 2341 neptis
1281 2258 1440 2340 nostrae,
1477 2273 1579 2342 quarn
1613 2253 1767 2341 peccatis
1802 2253 2023 2342 exigentibus

474 2371 657 2462 interiecit,
684 2373 719 2443 in
746 2373 893 2462 publicis
920 2372 1017 2443 dedit
1044 2379 1080 2443 et
1106 2373 1298 2462 assignavit
1323 2371 1524 2462 colloquiis,
1546 2373 1581 2443 in
1608 2373 1684 2462 pios
1710 2393 1794 2444 usus
1820 2379 2026 2444 converten·
2146 2436 2150 2446 .

473 2491 561 2582 dam,
588 2509 652 2582 pro
679 2512 819 2563 suorum
838 2493 965 2563 eteius
983 2493 1097 2582 neptis
1115 2498 1258 2562 nostrae
1276 2492 1429 2563 remedio
1447 2498 1676 2581 peecatorum.
1703 2493 1751 2562 Et
1767 2493 1900 2582 sylvam
1919 2514 2024 2562 unam

473 2631 562 2700 quae
588 2595 732 2684 vocatur
759 2612 958 2702 Zawirb,
986 2613 1089 2682 sitam
1116 2613 1216 2682 iuxta
1241 2612 1420 2685 Vislam
1446 2633 1555 2702 prope
1581 2613 1777 2702 Zlotam,
1809 2633 1887 2683 cum
1914 2613 2023 2684 omni·
2157 2634 2158 2719 y

472 2733 538 2803 bns
565 2734 636 2805 suis
663 2733 866 2822 redditibus,
906 2723 1127 2822 utilitatibus,
1153 2732 1388 2804 usufructibus
1415 2739 1452 2803 et
1477 2734 1699 2822 pertinentiis
1726 2735 1908 2820 universis,
1936 2735 2022 2804 nihil
2157 2738 2158 2811 3

475 2853 612 2924 omnino
648 2874 712 2925 nec
737 2855 847 2943 nobis,
874 2873 937 2924 nec
963 2851 1044 2924 filiis
1070 2855 1202 2924 nostris
1229 2855 1435 2943 praedictis,
1462 2855 1499 2923 in
1526 2853 1618 2926 villis
1644 2859 1681 2924 et
1707 2854 1806 2943 sylva
1832 2855 2022 2942 praetactis
2156 2880 2158 2923 2

474 2973 720 3045 inrisfaotionis
747 2995 787 3044 ac
814 2973 956 3044 dominii
983 2974 1019 3042 in
1047 2981 1225 3064 posterum
1252 2974 1483 3062 reservando,
1511 2974 1594 3062 ita,
1610 2978 1649 3043 ut
1675 2974 1766 3044 idem
1782 2975 1964 3063 magister
1990 2980 2025 3044 et

473 3093 599 3164 iratres
626 3096 808 3184 hospitalis
836 3093 1143 3183 Sandomiriensis,
1179 3095 1215 3164 in
1251 3095 1343 3165 villis
1379 3094 1508 3165 eisdem
1536 3114 1577 3164 ac
1603 3094 1718 3184 sylva,
1753 3094 1900 3166 faciendi
1929 3096 2021 3184 quod

473 3213 691 3284 decreverint
717 3235 781 3303 pro
809 3215 994 3284 commodis
1012 3233 1052 3284 ac
1069 3215 1281 3285 utilitatibus
1308 3215 1390 3303 suis,
1416 3220 1452 3285 et
1478 3213 1847 3286 infirmorum'ibidem
1874 3216 2023 3286 existen-

474 3332 577 3421 tium,
614 3333 763 3403 habeant
801 3333 937 3422 plenam
965 3339 1001 3403 et
1028 3334 1257 3403 omnimodam
1287 3335 1321 3404 in
1350 3340 1555 3423 perpetuum
1590 3339 1809 3422 potestatem.
1848 3335 1888 3404 ln
1926 3335 2022 3405 cuius

474 3452 670 3522 donationis
697 3458 836 3523 nostrae
863 3473 1046 3543 perennem
1075 3455 1275 3523 memoriam
1293 3459 1329 3524 et
1348 3454 1556 3524 evidentiam
1584 3455 1777 3542 certiorem,
1803 3461 2020 3543 praesentem

474 3573 633 3661 paginam
662 3573 766 3644 scribi
793 3574 1046 3665 mandavimus,
1083 3579 1119 3644 et
1146 3574 1338 3663 sigillorum
1365 3574 1512 3644 illustris
1539 3575 1706 3663 principis
1732 3575 1863 3645 domini
1891 3575 2021 3645 Bole-

474 3693 582 3782 slai,
609 3693 673 3762 Dei
700 3693 813 3782 gratia
839 3693 936 3763 ducis
964 3692 1168 3782 Opoliensis,
1195 3695 1449 3782 capitaneatum
1478 3691 1739 3765 Cracovieusem
1772 3695 1936 3784 tenentis,
1964 3716 2021 3764 ve-

435 3819 440 3828 “
472 3813 637 3883 nerabilis
655 3811 847 3883 intlhristo
875 3815 985 3902 patris
1004 3813 1134 3884 domini
1160 3813 1184 3883 J
1194 3815 1392 3883 ohannis
1419 3814 1572 3902 episcopi
1598 3812 1847 3902 Gracovieusis,
1875 3815 2020 3903 capituli

472 3933 612 4003 maioris
639 3933 803 4004 ecclesiae
830 3934 905 4004 eius
933 3935 1136 4024 munimine,
1173 3955 1306 4005 necnon
1333 3941 1370 4004 et
1396 3935 1506 4004 nostri
1535 3936 1745 4022 appensione
1775 3935 1939 4004 duximus
1965 3957 2022 4005 ro·

474 4053 672 4124 borandam.

1115 4345 1375 4404 SANDOMIRIA.

406 4531 412 4554 '
511 4559 519 4568 ·
546 4563 553 4577 ·
579 4533 704 4608 Prima
732 4533 856 4621 vinea,
884 4539 1005 4607 vocata
1024 4533 1287 4606 Thuszkowslra
1304 4535 1390 4607 alias
1408 4495 1652 4624 Radluzinslra,
1679 4535 1794 4607 iacens
1821 4557 1928 4626 penes
1946 4545 2019 4610 tor-

474 4661 608 4727 rentem
635 4655 828 4748 Pysczel
864 4657 899 4726 in
928 4655 1093 4726 suburbio
1121 4655 1240 4744 oppidi
1268 4653 1555 4726 Sandomiriensis
1582 4657 1662 4740 sita,
1699 4658 1796 4727 cuius
1823 4659 2020 4747 proprietas

474 4777 518 4848 ad
545 4777 791 4848 monasterium
818 4775 1000 4865 hospitalis
1027 4775 1143 4846 Sancti
1157 4775 1308 4865 Spiritus
1334 4776 1370 4845 in
1397 4775 1694 4847 Sandomiria
1719 4770 1882 4867 pertinet,
1908 4779 2021 4850 libera

474 4898 517 4970 ab
545 4899 708 4968 oneribus
735 4903 771 4966 et
797 4897 938 4966 tributis
958 4895 1125 4986 civilibus
1154 4895 1338 4966 ordinariis
1364 4903 1401 4964 ct
1427 4897 1724 4985 extraordinariis,
1752 4905 1788 4968 et
1814 4899 1921 4969 solvit
1948 4921 2020 4970 mo-

472 5020 625 5090 nasterio
651 5017 833 5107 hospitalis
847 5015 1136 5086 Sandomiriensis
1163 5037 1226 5105 pro
1255 5037 1368 5086 annuo
1395 5037 1499 5086 censu
1526 5016 1612 5087 duas
1639 5037 1772 5088 marcas
1800 5039 1876 5089 cum
1894 5020 2019 5107 media3

473 5159 575 5230 quam
603 5139 745 5212 donavit
771 5138 979 5208 monasterio
1007 5135 1171 5206 Nioolaus
1197 5135 1334 5225 Kemp
1361 5135 1446 5208 civis
1473 5136 1775 5228 Sandomiriensis,
1801 5159 1888 5228 pure
1913 5159 2019 5230 prop-

474 5269 528 5332 ter
545 5261 666 5348 Deum,
692 5265 728 5330 et
746 5277 861 5329 coram
880 5257 1007 5328 iudicio
1027 5257 1195 5327 scabinali
1221 5256 1453 5326 Kelczone
1481 5256 1649 5328 advocato
1671 5259 1901 5346 praesidente,
1928 5281 2018 5330 anno

475 5381 613 5452 Domini
644 5381 752 5468 1394,
778 5378 865 5450 feria
893 5379 1021 5467 quinta,
1050 5378 1083 5446 in
1111 5377 1168 5447 die
1195 5376 1342 5447 Sanctae
1362 5376 1531 5465 Agatbae3
1558 5378 1601 5448 de
1629 5399 1696 5466 quo
1723 5379 1896 5450 habentur
1923 5381 2031 5451 late·

474 5521 534 5571 rae
559 5501 821 5589 resignationis,
858 5505 895 5569 et
921 5498 1047 5569 cedunt
1081 5517 1145 5587 pro
1171 5497 1339 5568 iratribus
1374 5499 1577 5568 monasterii
1611 5498 1655 5569 de
1681 5477 1877 5570 huiusmodi
1913 5521 2018 5572 oensu

471 5621 561 5691 duae
587 5641 733 5708 marcae,
759 5641 823 5710 pro
850 5619 1059 5709 pauperibus
1086 5637 1170 5688 vero
1196 5617 1310 5688 media
1335 5637 1462 5689 marca
