4492 6592
489 771 563 844 336

356 1057 362 1070 ,
494 985 530 1052 11
548 1001 590 1052 aii
608 978 669 1050 illo
687 985 844 1068 tempora
862 977 967 1050 desiit
983 978 1203 1068 episcopatus
1226 976 1466 1048 cracoviensis
1492 975 1627 1049 solvere
1643 975 1740 1046 illum
1758 996 1899 1046 censum
1923 975 2033 1048 decem

493 1119 685 1172 marcarum
712 1099 867 1189 argenti,
893 1118 978 1188 quas
1005 1099 1196 1187 insignum
1227 1097 1370 1169 dominii
1396 1098 1480 1168 daco
1506 1097 1621 1168 ducali
1647 1096 1782 1168 solvere
1808 1105 2034 1168 consvcveiat.

595 1214 808 1292 Collatiam
837 1217 986 1293 ducale.
1011 1205 1120 1290 *Item
1157 1217 1336 1309 praefatus
1375 1217 1625 1289 Boleslaus
1660 1215 1865 1288 Pudicus
1900 1216 1966 1288 dui
1995 1224 2035 1289 11

485 1340 674 1412 11111111
700 1340 798 1430 regni
825 1338 1009 1429 Poloniac,
1044 1339 1080 1410 iu
1116 1337 1264 1429 praelati
1301 1338 1503 1411 monasterii
1535 1338 1813 1411 Zavicbostensis
1840 1338 2034 1410 fundatione

485 1467 521 1534 11
538 1461 766 1537 translatione
792 1459 936 1531 donavit
961 1457 1118 1549 praelato
1145 1459 1359 1532 monastario
1385 1464 1555 1550 perpetuo
1582 1481 1643 1532 seii
1661 1481 1767 1532 urnas
1794 1460 1907 1531 mellis
1932 1459 2037 1532 crudi‘

486 1604 528 1653 eii
556 1581 697 1653 cellario
724 1602 787 1654 suo
803 1579 928 1651 'ducali
955 1599 1022 1670 per
1045 1580 1248 1652 coenobium
1275 1580 1534 1670 percipiendas,
1570 1581 1630 1670 qni
1656 1602 1779 1652 census
1805 1581 1932 1652 dudum
1958 1602 2037 1652 eva-

489 1707 611 1775 cuatus
638 1708 693 1774 est
719 1707 755 1792 et
780 1701 978 1774 abstractas
1006 1700 1050 1773 ab
1077 1701 1299 1774 monastario.

591 1823 789 1913 Yniinscii,
815 1822 980 1913 oppidum
1008 1822 1159 1912 regium,
1195 1821 1232 1893 iu
1258 1843 1326 1912 qno
1353 1822 1500 1894 ecclesia
1526 1827 1665 1896 murata
1690 1829 1746 1895 est
1771 1823 1979 1914 parochialis
2004 1829 2040 1894 11

487 1945 618 2034 plumbi
643 1943 780 2034 ludina,
818 1964 860 2016 ex
886 1944 983 2016 cuins
1020 1942 1248 2034 proventibus
1274 1949 1311 2014 et
1339 1942 1535 2015 redditibus
1562 1941 1814 2017 Boieslaus
1841 1943 2039 2016 Pndiaus

488 2066 588 2156 regni
614 2065 781 2138 Polouiae
808 2064 877 2138 diui
903 2071 940 2138 et
967 2065 1173 2155 monarcha,
1208 2064 1357 2136 contulit
1382 2065 1601 2138 monasterio·
1619 2065 1879 2138 Zavichostansi
1906 2065 1942 2136 in
1968 2067 2042 2137 eius

487 2187 689 2259 laudatione
716 2192 753 2258 et
778 2187 1004 2260 translatione
1031 2186 1117 2259 duas
1144 2205 1280 2258 marcas
1307 2187 1393 2276 auri,
1420 2207 1463 2258 eir
1481 2187 1623 2276 plumbo
1650 2187 1896 2260 Ylliuschiensi
1922 2207 2042 2278 prove·

488 2309 642 2397 uiantes,
677 2309 775 2380 cuias
810 2308 914 2380 etiam
951 2327 1075 2380 census
1110 2329 1133 2378 a
1167 2307 1379 2379 monasterio
1416 2306 1534 2379 Sancti
1569 2307 1732 2398 Andreae
1772 2309 1969 2381 abstractus
2007 2315 2043 2379 et

488 2429 659 2501 alienatus
686 2435 839 2520 111111
865 2429 901 2501 in
928 2429 1017 2502 hanc
1044 2428 1137 2501 diem
1165 2429 1378 2502 monastario
1404 2434 1486 2502 suut
1511 2430 1676 2502 restituti.

1059 2903 1512 3031 11111111111
1618 3043 1623 3048 ,

562 3140 804 3222 Secundum
839 3143 1140 3222 monasterium
1174 3143 1550 3222 sanctimonialium
1585 3141 1755 3223 Ordinis
1788 3144 1971 3224 Sanctae

851 3277 1032 3391 ,cineae
1067 3281 1107 3359 iu
1140 3279 1330 3361 dioecesi
1363 3278 1658 3392 Oracoviansi.

592 3496 772 3570 Gonsoms
791 3519 875 3570 suae
897 3464 1198 3589 Guncgandis
1225 3499 1370 3590 virginis
1388 3506 1425 3571 et
1441 3499 1612 3572 foeminae
1629 3501 1763 3589 beatae,
1790 3499 1930 3571 Bclae
1947 3499 2044 3572 Hun-

352 3607 362 3626 “
415 3707 425 3718 ί
487 3619 605 3710 gariae
632 3619 725 3709 regis
759 3619 875 3710 filiae,
901 3618 1152 3693 Boieslaus
1184 3619 1387 3694 Pndiaus
1423 3620 1663 3694 cracoviensis
1689 3628 1727 3693 et
1754 3621 2046 3694 Sandomiriensis

488 3740 570 3830 dui,
597 3741 763 3832 regnique
786 3740 951 3814 Polouiae
978 3743 1165 3815 monarcha
1191 3743 1332 3815 assiduo
1358 3748 1503 3832 precatu
1528 3748 1566 3814 et
1583 3744 1750 3814 instantia
1775 3743 1985 3815 sollicitatus
2012 3749 2044 3815 et

488 3861 675 3953 impulsus,
711 3883 786 3934 cum
815 3868 851 3935 et
877 3863 952 3954 ipse
979 3868 1101 3952 suapte
1134 3863 1179 3935 ad
1205 3855 1369 3953 religiosa
1396 3885 1503 3955 opera
1530 3863 1740 3953 exbibenda,
1778 3868 1814 3935 et
1841 3863 1885 3935 ad
1913 3864 2046 3936 cultam

488 3981 642 4056 divinum
670 3984 864 4074 aagendam
883 3983 1020 4056 fervens
1046 3984 1146 4073 foret,
1173 3985 1267 4056 aliud
1284 3985 1531 4058 monasteiium
1558 3985 1870 4064 sanctimonialium
1898 3985 2045 4057 Sanctae

488 4103 629 4196 Clarae,
656 4106 720 4178 sub
739 4106 860 4196 regula
878 4105 997 4178 Sancti
1015 4105 1195 4178 Francisci
1213 4107 1418 4198 viventium,
1445 4107 1554 4197 priori
1573 4107 1664 4197 quod
1691 4107 1728 4178 in
1747 4107 2045 4178 Zavicliostb

489 4232 664 4318 erexerat,
691 4226 900 4300 laudaverat
925 4233 962 4300 et
979 4227 1164 4301 dotaverat
1190 4251 1259 4300 non
1278 4233 1478 4319 contentus,
1505 4229 1541 4299 in
1558 4227 1687 4318 oppido
1714 4249 1778 4299 suo
1804 4227 1918 4300 ducali
1946 4227 2047 4298 San:

487 4347 594 4420 decz
632 4347 696 4422 sub
730 4347 926 4440 Alpibus
962 4347 1182 4438 Sarmaticis,
1223 4349 1427 4439 duobusque
1453 4349 1651 4422 flaminibus
1678 4348 1858 4438 Poprod
1894 4354 1933 4419 et
1968 4348 2046 4418 Du-

487 4489 678 4560 nayecz,
705 4468 798 4542 hand
817 4469 919 4560 longe
938 4469 982 4542 ab
1001 4469 1129 4562 oppido
1155 4469 1360 4561 liuentibus,
1386 4471 1554 4542 ambitam
1583 4471 1813 4559 consistente,
1840 4468 1988 4540 lundare
2015 4471 2046 4540 et

391 4659 396 4676 ,
487 4589 623 4679 erigere
658 4595 695 4662 et
721 4589 844 4664 dotare
880 4589 1044 4664 deceruit.
1084 4590 1247 4682 Amplam
1283 4590 1453 4682 siquidem
1488 4597 1525 4662 et
1551 4611 1706 4662 crassam
1720 4590 1869 4680 -dotcm,
1907 4577 2044 4663 ratione

487 4708 665 4802 praelatae
692 4710 998 4802 Kanegnudis
1025 4711 1183 4784 ducissae
1210 4733 1232 4783 a
1258 4711 1370 4784 Bela
1396 4695 1598 4802 Huugariae
1625 4733 1708 4802 rege
1734 4715 1836 4801 patre
1862 4712 1940 4782 eius
1966 4733 2044 4783 con·

488 4837 672 4923 aquatus,
709 4831 743 4904 iu
772 4831 846 4906 eius
882 4831 1089 4906 refusionem
1126 4840 1164 4906 et
1190 4832 1481 4923 vicissitudinem,
1513 4831 1759 4905 monasterium
1786 4831 1984 4922 praelatum
2012 4833 2043 4903 in

487 4952 704 5044 Sandecz,
738 4974 804 5044 pro
837 4974 879 5026 ea
905 4960 1113 5045 tempestate
1148 4954 1280 5030 lamoso
1315 4961 1353 5026 ct
1378 4955 1509 5045 inclyto
1545 4974 1610 5026 suo
1636 4953 1751 5026 ducali
1777 4953 1926 5044 oppido,
1955 4952 2045 5044 quud

486 5075 966 5150 hactennsaddillercntiam
986 5075 1159 5169 Novae,
1181 5073 1438 5168 'ilntiqaam
1466 5075 1673 5148 Sandecz
1700 5074 2044 5166 vocamus,lundare
2138 5157 2140 5164 Ι

487 5205 523 5270 11
549 5199 685 5290 erigere
711 5197 747 5270 in
776 5198 926 5272 animani
954 5198 1108 5289 induxit,
1143 5205 1180 5271 et
1206 5219 1297 5270 anno
1328 5200 1436 5270 1257.
1472 5204 1572 5270 sexto
1609 5218 1719 5270 nouas
1746 5196 1887 5287 Martii,
1914 5197 1960 5268 ad
1986 5197 2044 5268 111

487 5339 606 5394 norem
632 5311 1369 5412 01111111111)11,1111111111’11111’11,
1395 5319 1769 5408 111111111111111,
1795 5318 2043 5390 incrementum
2130 5391 2134 5396 ,

487 5447 524 5512 11
551 5442 812 5533 amplitudinem
844 5441 942 5533 regni
978 5441 1167 5532 Polouiae,
1199 5447 1237 5513 et
1263 5462 1327 5532 pro
1360 5441 1530 5512 relatione
1556 5459 1695 5530 earum,
1728 5459 1817 5530 qnae
1843 5439 2045 5529 pudicitiam

488 5584 584 5634 suani
612 5585 742 5636 vovero
769 5571 805 5637 et
832 5585 1054 5654 consecrare,
1089 5565 1126 5635 in
1153 5565 1229 5635 eius
1256 5584 1392 5654 quoque
1428 5562 1605 5653 obsequiis
1632 5562 1725 5634 vitae
1756 5561 2045 5652 contemplativae
2138 5596 2139 5601 =

491 5681 721 5774 inhaerendo,
750 5685 909 5760 famulari
928 5685 1002 5758 Deo
1020 5685 1155 5776 solent,
1181 5685 1427 5775 foeminarum,
1454 5683 1641 5756 subtituto
1660 5682 1694 5754 S.
1713 5681 1898 5754 Trinitatis
1915 5681 2046 5770 fundat,
