4492 6592
505 761 583 832 326

509 967 738 1040 molendinum
766 969 801 1038 in
829 967 967 1040 ilumiue
994 967 1172 1058 Krtina
1199 977 1236 1040 et
1254 970 1359 1042 soluit
1375 971 1465 1042 duas
1482 990 1690 1060 sexagenas,
1704 992 1778 1042 non
1796 970 1930 1041 habam
1945 989 2048 1059 agros

507 1089 594 1160 Item
618 1090 851 1182 ,hortulaniae
887 1096 924 1162 et
959 1090 1138 1180 praedium
1174 1092 1374 1163 coenobiale
1406 1114 1475 1163 non
1501 1093 1683 1164 habeatur.
1716 1092 1806 1162 ltem
1830 1091 1877 1162 da
1903 1092 2049 1169 omnibns

508 1212 602 1299 agris
628 1211 732 1282 villae
759 1211 908 1282 solvitur
934 1211 975 1282 et'
997 1212 1203 1282 conducitur
1229 1213 1363 1283 decima
1388 1213 1615 1302 manipularis
1639 1220 1678 1284 et
1704 1211 1882 1302 canapatia
1907 1231 1968 1300 pro
1984 1233 2048 1282 no

508 1333 662 1402 austerio
698 1332 817 1403 Sancti
844 1332 1025 1421 Andreae,
1052 1341 1088 1404 et
1116 1333 1214 1404 valor
1239 1336 1314 1404 eius
1341 1333 1547 1404 aestimatum
1572 1333 1617 1405 ad
1644 1329 1794 1423 quatuor
1817 1351 1969 1419 marcas,
1992 1333 2049 1404 ali-

448 1518 456 1532 ,
506 1452 645 1541 quando
673 1453 717 1524 ad
744 1459 885 1543 septem
913 1453 1072 1524 (lantiunt
1098 1474 1176 1524 curn
1203 1453 1454 1524 Saedlislra
1479 1453 1851 1546 utraqueZawada.

491 1595 496 1612 ¹
612 1573 952 1662 Mnaozruowrczu,
981 1573 1062 1644 villa
1085 1575 1149 1645 sub
1168 1575 1335 1664 parocbia
1351 1574 1517 1645 ecclesiae
1534 1575 1578 1646 de
1595 1573 1839 1647 bisticaon
1864 1573 1943 1659 sita,
1959 1574 2046 1644 emas

401 1707 405 1712 '
506 1692 675 1762 haeredes
702 1691 878 1783 Petrus,
904 1692 1155 1781 lohannes,
1183 1693 1417 1782 Nicolaus,
1443 1691 1654 1782 Zegotba
1679 1692 1723 1762 de
1740 1690 2045 1780 armisBippea·

362 1870 366 1884 .
507 1813 636 1882 uiam.
662 1813 702 1882 ln
730 1833 799 1904 qua
825 1818 907 1883 suut
934 1811 1114 1888 duodecim
1142 1833 1219 1884 cum
1238 1814 1351 1884 medio
1369 1813 1462 1884 lanei
1481 1813 1725 1900 ematbouales,
1742 1812 1787 1883 de
1804 1812 1930 1901 quibus
1947 1813 2044 1882 omui·

507 1934 573 2004 bus
600 1933 748 2004 solvitur
773 1934 907 2005 decima
934 1935 1168 2023 manipularis,
1195 1941 1231 2004 et
1249 1955 1312 2024 per
1330 1940 1480 2024 quatuor
1498 1935 1637 2026 ierugas
1654 1933 1831 2022 cauapalis
1849 1933 2047 2004 monastono

506 2052 623 2123 Sancti
652 2053 812 2126 Andreae
840 2060 875 2124 et
902 2055 1040 2125 ducitur
1066 2055 1101 2124 iu
1129 2055 1292 2125 horreum
1320 2055 1642 2142 sanctimonialium,
1668 2059 1706 2124 et
1730 2054 1830 2124 valor
1856 2054 1934 2136 eius
1950 2053 2046 2122 acati·

508 2181 624 2246 matur
650 2174 693 2245 ad
722 2172 838 2244 decem
867 2195 1009 2246 marcas.
1036 2175 1123 2245 Item
1150 2177 1297 2246 taberna
1323 2197 1393 2247 aaa
1418 2177 1551 2248 babens
1577 2195 1689 2264 agros:
1724 2175 1812 2246 Item
1840 2153 2049 2244 hortulaniae

507 2294 596 2366 duae
622 2295 790 2366 habentes
816 2315 930 2384 agros,
957 2296 1000 2366 de
1028 2297 1187 2366 omnibus
1206 2297 1353 2368 soluitur
1371 2297 1503 2368 decima
1521 2297 1746 2386 manipularis
1764 2315 1829 2384 pro
1847 2295 2050 2364 mmaatcrio

506 2413 624 2486 Sancti
650 2415 812 2486 Andreae
839 2417 874 2486 in
899 2413 1128 2512 patriminam(
1152 2416 1238 2487 Item
1267 2417 1499 2488 molendinum
1526 2425 1601 2509 eat,
1628 2417 1688 2487 sed
1715 2437 1784 2486 non
1811 2416 1919 2486 babet
1946 2433 2050 2502 agros

494 2535 597 2642 ‘Item
621 2536 800 2626 praediun
834 2543 892 2608 est
918 2538 968 2608 ibi
993 2539 1151 2626 unicum,
1178 2538 1222 2609 de
1249 2539 1345 2609 cuius
1372 2539 1467 2628 agris
1493 2538 1643 2610 solvitur
1669 2537 1800 2608 decima
1829 2534 2051 2624 manipularis

506 2656 611 2726 altari
638 2655 797 2729 Omnium
825 2657 1031 2729 Sanctorum
1058 2660 1094 2730 iu
1120 2659 1269 2730 ecclesia
1295 2660 1419 2731 maiori
1445 2657 1677 2732 Gracorieusi.

610 2775 944 2868 Pazanmosczauu,
971 2777 1055 2850 villa
1081 2779 1147 2851 sub
1173 2781 1340 2869 parocbia
1364 2779 1409 2864 de
1435 2779 1676 2850 blsticaou
1701 2778 1780 2867 sita,
1807 2777 1906 2846 caius
1933 2776 2051 2846 haeres

506 2896 683 2968 Jobaunes
710 2896 1040 2992 Cbrzelousky
1068 2900 1111 2971 de
1139 2902 1246 2972 armis
1274 2879 2051 2992 Bippenuium.1nquasuntootolaaai
2125 2963 2131 2968 ,

506 3017 759 3108 ametbonales3
785 3019 867 3092 item
903 3041 972 3092 una
1007 3022 1155 3092 taberna
1189 3022 1322 3094 babens
1348 3043 1470 3112 agros,
1497 3023 1580 3094 item
1607 3018 1899 3092 unabortalania
1927 3017 2052 3086 babeas

506 3157 627 3228 agrae,
654 3144 689 3216 et
716 3138 758 3209 de
793 3141 952 3212 omnibus
988 3141 1136 3213 solvitur
1170 3142 1303 3214 decima
1330 3143 1556 3233 manipularis
1582 3149 1619 3215 et
1644 3140 1819 3230 canapalis
1846 3159 1912 3227 pro
1940 3157 2052 3206 moue-

505 3258 613 3328 sterio
641 3258 759 3330 Sancti
787 3258 948 3332 Andreae
975 3262 1010 3332 in
1037 3261 1286 3351 Oracovia,
1313 3271 1349 3334 et
1375 3263 1574 3336 valarsius
1600 3263 1806 3334 aestimmm
1832 3259 1876 3330 ad
1905 3258 2052 3347 quinque

507 3397 651 3448 marcas.
677 3379 763 3450 Item
790 3379 968 3469 praedium
996 3403 1063 3452 non
1092 3391 1146 3453 est
1173 3383 1230 3471 ibi,
1258 3385 1341 3454 item
1368 3384 1610 3456 molendinum·
1628 3403 1697 3454 non
1724 3388 1780 3451 est
1805 3379 1864 3451 ibi.
1938 3404 1952 3412 ··

610 3497 839 3589 maranno,
866 3501 948 3572 villa
975 3502 1105 3573 habens
1132 3505 1167 3575 ‘m
1196 3525 1234 3574 se
1260 3504 1438 3574 ecclesiam
1465 3503 1697 3594 parochialem
1723 3502 1893 3590 ligneam
1918 3498 1954 3568 S.
1981 3496 2051 3568 lda-

467 3707 470 3722 Ι
506 3620 579 3688 riae
606 3618 833 3708 Magdalenae
860 3622 1019 3711 dicatam,
1047 3625 1145 3694 onius
1171 3625 1366 3715 proprietas
1393 3625 1438 3695 ad
1465 3624 1713 3698 monasteriam
1739 3618 2050 3692 sanctimonialium

505 3737 619 3810 Sancti
647 3740 809 3812 Andreae
836 3744 995 3832 pertinet
1023 3743 1061 3814 lu
1089 3765 1158 3835 qua
1183 3753 1265 3815 sunt
1290 3746 1413 3834 vigilabi
1436 3745 1528 3818 lanei
1546 3745 1660 3815 minus
1677 3743 1790 3814 medio
1808 3738 2050 3824 emetlronales,

503 3865 540 3928 et
567 3860 712 3948 quilibet
739 3863 843 3934 solvit
870 3885 933 3956 pro
960 3885 1064 3937 censu
1091 3885 1199 3936 unum
1216 3865 1400 3956 fertonem,
1426 3867 1510 3938 item
1537 3865 1718 3954 sexaginta
1743 3883 1827 3952 ora,
1852 3861 1941 3932 item
1964 3859 2050 3930 daos

501 3980 632 4070 gallos3
659 4001 778 4056 caseos
814 4005 882 4056 non
910 3985 1004 4058 dant.
1044 3985 1131 4057 Item
1158 3987 1319 4058 laborant
1345 3988 1492 4078 quilibet
1517 3987 1562 4057 de
1588 3987 1688 4056 laneo
1714 3979 1856 4054 irarzini
1875 4001 1947 4071 -pro
1975 3999 2050 4050 reae

503 4109 540 4172 et
566 4103 698 4193 hyeme.
725 4104 811 4176 item
835 4105 1016 4200 powodmn
1043 4129 1111 4179 non
1139 4108 1310 4198 laborant,
1336 4109 1397 4180 sed
1423 4107 1541 4184 dmum
1568 4107 1728 4180 educunt.
1768 4104 1857 4175 ltam
1885 4101 2050 4174 mmm

501 4224 655 4316 ‚quinque
682 4225 849 4298 habentes
866 4213 988 4318 ‘agros
1016 4236 1165 4318 quatuor
1191 4230 1331 4300 solvunt
1356 4250 1420 4320 per
1441 4249 1549 4302 unam
1567 4248 1728 4317 maroam,
1746 4226 1869 4316 quinta
1881 4225 2050 4294 inamata

503 4345 641 4433 publica
666 4346 771 4417 solvit
797 4353 869 4418 tres
895 4367 1038 4420 mareas.
1065 4349 1154 4420 ltam
1181 4350 1398 4423 hortmamae
1424 4359 1586 4442 quantuor,
1614 4347 1790 4438 quaelibet
1814 4344 1923 4416 solvit
1950 4361 2048 4416 anun

502 4463 671 4563 tutonem
706 4473 741 4537 et
776 4487 881 4538 unum
918 4469 1006 4540 diem
1044 4469 1206 4542 laborant
1230 4479 1268 4542 et
1293 4472 1425 4545 habent
1449 4491 1563 4562 agros.
1603 4470 1690 4540 Imm
1717 4465 1897 4572 praedium
1926 4469 1981 4534 est
2005 4461 2047 4532 ibi

502 4586 712 4676 coenobiale,
739 4587 782 4658 de
809 4589 905 4660 cuius
923 4591 1016 4680 agris
1035 4590 1183 4690 soluitur
1199 4593 1332 4664 decima
1349 4593 1575 4684 manipulario
1596 4589 1762 4662 aoelesiae
1780 4588 1816 4656 in
1833 4584 2048 4658 ltokitbno.

501 4703 587 4776 Item
615 4706 849 4779 molendinum
877 4717 930 4781 est
956 4731 1031 4782 cum
1059 4713 1192 4802 piscina
1224 4713 1356 4785 habens
1383 4734 1504 4804 agros,
1531 4720 1568 4782 et
1594 4711 1697 4783 soluit
1721 4709 1809 4780 duas
1835 4723 1993 4793 marnas,
2014 4707 2047 4774 ct

503 4826 653 4898 enimn
689 4829 853 4901 anessae
890 4832 924 4902 in
952 4832 1201 4904 uolitans
1218 4796 1324 4906 xnom
1351 4837 1427 4924 agri
1453 4833 1557 4906 niun
1581 4833 1722 4904 suvant
1748 4830 1916 4901 unimam
1945 4824 2046 4896 manr-

364 5028 366 5036 ,
501 4949 675 5039 pularem,
702 4956 738 5020 et
764 4971 827 5041 per
853 4959 1001 5042 quatuor
1036 4955 1175 5043 ierugas
1202 4956 1401 5045 canapalem
1428 4955 1638 5025 monasterio
1665 4951 1784 5022 Sancti
1810 4947 2045 5034 ananau

501 5071 639 5142 ducitur
665 5071 700 5142 in
728 5072 889 5144 horreum
917 5075 1137 5165 monasterii,
1164 5085 1200 5147 et
1225 5077 1324 5149 valor
1356 5077 1443 5149 eins·
1458 5077 1665 5146 aestimatur
1691 5073 1736 5143 ad
1762 5054 1892 5152 denem-
1907 5085 2045 5138 marcas

501 5191 661 5264 Confluat
688 5213 764 5266 cum
793 5195 884 5268 villis
910 5195 1112 5286 Zawada,
1139 5196 1367 5290 Hoiudza‚
1394 5196 1706 5283 Dobrouicze,
1733 5187 2044 5273 Sczelcocziai,
2104 5297 2107 5303 ¹

387 5397 389 5405 Ι
501 5311 715 5385 Wolicza.

604 5433 767 5526 usnam,
804 5437 886 5540 villa
922 5439 986 5509 sub
1020 5431 1201 5529 parocbia,
1218 5440 1386 5517 ecclesiae
1424 5441 1467 5511 de
1502 5440 1811 5531 Zarnonyecz
1837 5440 1926 5528 sita,
1953 5439 2055 5509 cuine

388 5563 412 5577 ’“
500 5555 695 5642 proprietas
722 5557 765 5627 ad
793 5557 1048 5630 serenissimum
1077 5558 1242 5630 Poloniae
1268 5581 1383 5652 regem
1410 5561 1572 5650 pertinet.
1598 5559 1638 5631 lu
1665 5581 1734 5651 qua
1751 5565 1833 5631 aaut
1849 5560 1944 5630 lanei
1961 5579 2041 5629 cue

500 5673 677 5765 tbonales,
712 5676 755 5747 de
790 5679 916 5767 quibus
952 5681 1109 5750 omnibus
1145 5681 1292 5752 solvitm
1318 5681 1451 5753 decima
1477 5683 1720 5772 manipularis,
1742 5689 1784 5754 et
1808 5703 1872 5773 per
1898 5691 2041 5774 quatuor
