<?xml version="1.0" encoding="UTF-8"?>
<!DOCTYPE html PUBLIC "-//W3C//DTD XHTML 1.0 Transitional//EN"
    "http://www.w3.org/TR/xhtml1/DTD/xhtml1-transitional.dtd">
<html xmlns="http://www.w3.org/1999/xhtml" xml:lang="en" lang="en">
 <head>
  <title>
</title>
<meta http-equiv="Content-Type" content="text/html;charset=utf-8" />
  <meta name='ocr-system' content='tesseract 3.04.00' />
  <meta name='ocr-capabilities' content='ocr_page ocr_carea ocr_par ocr_line ocrx_word'/>
</head>
<body>
  <div class='ocr_page' id='page_1' title='image "./operaomnia00paulgoog_0150.png"; bbox 0 0 4492 6592; ppageno 0'>
   <div class='ocr_carea' id='block_1_1' title="bbox 1672 759 1788 861">
    <p class='ocr_par' dir='ltr' id='par_1_1' title="bbox 1672 759 1788 861">
     <span class='ocr_line' id='line_1_1' title="bbox 1672 759 1788 861; baseline 0.009 -1"><span class='ocrx_word' id='word_1_1' title='bbox 1672 779 1747 861; x_wconf 79' lang='lat' dir='ltr'><strong>ras</strong></span> <span class='ocrx_word' id='word_1_2' title='bbox 1783 759 1788 779; x_wconf 91' lang='grc'><em>’</em></span> 
     </span>
    </p>
   </div>
   <div class='ocr_carea' id='block_1_2' title="bbox 116 970 1856 2162">
    <p class='ocr_par' dir='ltr' id='par_1_2' title="bbox 116 970 1856 2162">
     <span class='ocr_line' id='line_1_2' title="bbox 205 970 1748 1083; baseline 0.016 -41"><span class='ocrx_word' id='word_1_3' title='bbox 205 970 310 1044; x_wconf 84' lang='lat' dir='ltr'><strong>s&#39;atrls</strong></span> <span class='ocrx_word' id='word_1_4' title='bbox 336 971 546 1046; x_wconf 85' lang='lat' dir='ltr'><strong>lectionibus</strong></span> <span class='ocrx_word' id='word_1_5' title='bbox 572 975 817 1068; x_wconf 84' lang='lat' dir='ltr'><strong>intrudentem,</strong></span> <span class='ocrx_word' id='word_1_6' title='bbox 844 973 939 1053; x_wconf 92' lang='lat' dir='ltr'><strong>illum</strong></span> <span class='ocrx_word' id='word_1_7' title='bbox 966 978 1221 1056; x_wconf 88' lang='lat' dir='ltr'><strong>incumbentem</strong></span> <span class='ocrx_word' id='word_1_8' title='bbox 1232 979 1467 1079; x_wconf 72' lang='lat' dir='ltr'><strong>&#39;orationibus</strong></span> <span class='ocrx_word' id='word_1_9' title='bbox 1485 991 1576 1062; x_wconf 90' lang='lat' dir='ltr'><strong>bunc</strong></span> <span class='ocrx_word' id='word_1_10' title='bbox 1593 1011 1657 1083; x_wconf 86' lang='lat' dir='ltr'><strong>pro</strong></span> <span class='ocrx_word' id='word_1_11' title='bbox 1675 995 1748 1066; x_wconf 85' lang='lat' dir='ltr'><strong>suis</strong></span> 
     </span>
     <span class='ocr_line' id='line_1_3' title="bbox 200 1090 1747 1198; baseline 0.014 -34"><span class='ocrx_word' id='word_1_12' title='bbox 200 1090 400 1164; x_wconf 77' lang='lat' dir='ltr'><strong>excmsibns</strong></span> <span class='ocrx_word' id='word_1_13' title='bbox 424 1094 726 1187; x_wconf 88' lang='lat' dir='ltr'><strong>lachrymantem,</strong></span> <span class='ocrx_word' id='word_1_14' title='bbox 762 1099 858 1171; x_wconf 92' lang='lat' dir='ltr'><strong>illum</strong></span> <span class='ocrx_word' id='word_1_15' title='bbox 885 1101 1112 1194; x_wconf 88' lang='lat' dir='ltr'><strong>ieiunantem,</strong></span> <span class='ocrx_word' id='word_1_16' title='bbox 1140 1111 1177 1176; x_wconf 90' lang='lat' dir='ltr'><strong>et</strong></span> <span class='ocrx_word' id='word_1_17' title='bbox 1203 1107 1317 1178; x_wconf 85' lang='lat' dir='ltr'><strong>officia</strong></span> <span class='ocrx_word' id='word_1_18' title='bbox 1341 1109 1483 1198; x_wconf 91' lang='lat' dir='ltr'><strong>pietatis</strong></span> <span class='ocrx_word' id='word_1_19' title='bbox 1509 1112 1576 1183; x_wconf 86' lang='lat' dir='ltr'>sibi</span> <span class='ocrx_word' id='word_1_20' title='bbox 1601 1115 1747 1186; x_wconf 84' lang='lat' dir='ltr'><strong>invicem</strong></span> 
     </span>
     <span class='ocr_line' id='line_1_4' title="bbox 201 1205 1856 1317; baseline 0.016 -34"><span class='ocrx_word' id='word_1_21' title='bbox 201 1209 317 1284; x_wconf 80' lang='lat' dir='ltr'><strong>sancto</strong></span> <span class='ocrx_word' id='word_1_22' title='bbox 350 1213 506 1304; x_wconf 72' lang='lat' dir='ltr'><strong>quodam</strong></span> <span class='ocrx_word' id='word_1_23' title='bbox 532 1215 704 1290; x_wconf 85' lang='lat' dir='ltr'><strong>desiderio</strong></span> <span class='ocrx_word' id='word_1_24' title='bbox 731 1218 894 1291; x_wconf 88' lang='lat' dir='ltr'><strong>invidere.</strong></span> <span class='ocrx_word' id='word_1_25' title='bbox 931 1219 1041 1294; x_wconf 89' lang='lat' dir='ltr'><strong>Nocte</strong></span> <span class='ocrx_word' id='word_1_26' title='bbox 1068 1233 1283 1317; x_wconf 86' lang='lat' dir='ltr'><strong>consurgunt</strong></span> <span class='ocrx_word' id='word_1_27' title='bbox 1308 1229 1421 1300; x_wconf 90' lang='lat' dir='ltr'><strong>media</strong></span> <span class='ocrx_word' id='word_1_28' title='bbox 1447 1231 1491 1301; x_wconf 89' lang='lat' dir='ltr'><strong>ad</strong></span> <span class='ocrx_word' id='word_1_29' title='bbox 1518 1233 1774 1307; x_wconf 89' lang='lat' dir='ltr'><strong>confitendum.</strong></span> <span class='ocrx_word' id='word_1_30' title='bbox 1852 1205 1856 1210; x_wconf 28' lang='lat'>¹</span> 
     </span>
     <span class='ocr_line' id='line_1_5' title="bbox 201 1329 1749 1442; baseline 0.016 -39"><span class='ocrx_word' id='word_1_31' title='bbox 201 1329 406 1424; x_wconf 80' lang='lat' dir='ltr'><strong>ditissimo,</strong></span> <span class='ocrx_word' id='word_1_32' title='bbox 426 1357 589 1426; x_wconf 85' lang='lat' dir='ltr'><strong>vespere,</strong></span> <span class='ocrx_word' id='word_1_33' title='bbox 616 1357 716 1410; x_wconf 86' lang='lat' dir='ltr'><strong>mane</strong></span> <span class='ocrx_word' id='word_1_34' title='bbox 752 1336 788 1410; x_wconf 85' lang='lat' dir='ltr'><strong>et</strong></span> <span class='ocrx_word' id='word_1_35' title='bbox 814 1341 957 1414; x_wconf 90' lang='lat' dir='ltr'><strong>meridie</strong></span> <span class='ocrx_word' id='word_1_36' title='bbox 974 1438 976 1442; x_wconf 13' lang='lat' dir='ltr'><strong>f</strong></span> <span class='ocrx_word' id='word_1_37' title='bbox 993 1350 1139 1418; x_wconf 88' lang='lat' dir='ltr'><strong>narrant</strong></span> <span class='ocrx_word' id='word_1_38' title='bbox 1164 1351 1205 1416; x_wconf 90' lang='lat' dir='ltr'><strong>et·</strong></span> <span class='ocrx_word' id='word_1_39' title='bbox 1226 1349 1437 1420; x_wconf 77' lang='lat' dir='ltr'><strong>annuntiant</strong></span> <span class='ocrx_word' id='word_1_40' title='bbox 1463 1351 1583 1423; x_wconf 89' lang='lat' dir='ltr'><strong>laudes</strong></span> <span class='ocrx_word' id='word_1_41' title='bbox 1611 1355 1685 1426; x_wconf 91' lang='lat' dir='ltr'><strong>eius</strong></span> <span class='ocrx_word' id='word_1_42' title='bbox 1712 1363 1749 1428; x_wconf 88' lang='lat' dir='ltr'><strong>et</strong></span> 
     </span>
     <span class='ocr_line' id='line_1_6' title="bbox 200 1445 1745 1562; baseline 0.016 -39"><span class='ocrx_word' id='word_1_43' title='bbox 200 1450 305 1526; x_wconf 87' lang='lat' dir='ltr'><strong>omnis</strong></span> <span class='ocrx_word' id='word_1_44' title='bbox 332 1475 456 1528; x_wconf 89' lang='lat' dir='ltr'><strong>eorum</strong></span> <span class='ocrx_word' id='word_1_45' title='bbox 483 1456 649 1530; x_wconf 78' lang='lat' dir='ltr'><strong>sedulitas</strong></span> <span class='ocrx_word' id='word_1_46' title='bbox 684 1459 719 1529; x_wconf 90' lang='lat' dir='ltr'><strong>in</strong></span> <span class='ocrx_word' id='word_1_47' title='bbox 748 1455 866 1532; x_wconf 83' lang='lat' dir='ltr'><strong>orbem</strong></span> <span class='ocrx_word' id='word_1_48' title='bbox 893 1465 1030 1533; x_wconf 85' lang='lat' dir='ltr'><strong>rotatur</strong></span> <span class='ocrx_word' id='word_1_49' title='bbox 1057 1458 1214 1554; x_wconf 84' lang='lat' dir='ltr'><strong>obsequii</strong></span> <span class='ocrx_word' id='word_1_50' title='bbox 1237 1466 1356 1538; x_wconf 63' lang='lat' dir='ltr'><strong>(lirini.¹</strong></span> <span class='ocrx_word' id='word_1_51' title='bbox 1382 1469 1479 1541; x_wconf 88' lang='lat' dir='ltr'><strong>Haec</strong></span> <span class='ocrx_word' id='word_1_52' title='bbox 1503 1445 1658 1562; x_wconf 86' lang='lat' dir='ltr'><strong>profecto</strong></span> <span class='ocrx_word' id='word_1_53' title='bbox 1685 1476 1745 1547; x_wconf 83' lang='lat' dir='ltr'><strong>illa</strong></span> 
     </span>
     <span class='ocr_line' id='line_1_7' title="bbox 200 1570 1746 1681; baseline 0.014 -37"><span class='ocrx_word' id='word_1_54' title='bbox 200 1581 250 1646; x_wconf 91' lang='lat' dir='ltr'><strong>est</strong></span> <span class='ocrx_word' id='word_1_55' title='bbox 274 1573 405 1666; x_wconf 86' lang='lat' dir='ltr'><strong>tellus,</strong></span> <span class='ocrx_word' id='word_1_56' title='bbox 427 1578 463 1648; x_wconf 94' lang='lat' dir='ltr'><strong>in</strong></span> <span class='ocrx_word' id='word_1_57' title='bbox 500 1597 567 1667; x_wconf 89' lang='lat' dir='ltr'><strong>qna</strong></span> <span class='ocrx_word' id='word_1_58' title='bbox 601 1579 652 1648; x_wconf 92' lang='lat' dir='ltr'><strong>illi</strong></span> <span class='ocrx_word' id='word_1_59' title='bbox 678 1575 878 1652; x_wconf 65' lang='lat' dir='ltr'><strong>,nascuntur</strong></span> <span class='ocrx_word' id='word_1_60' title='bbox 904 1577 1054 1673; x_wconf 90' lang='lat' dir='ltr'><strong>lapides,</strong></span> <span class='ocrx_word' id='word_1_61' title='bbox 1083 1584 1126 1654; x_wconf 91' lang='lat' dir='ltr'><strong>de</strong></span> <span class='ocrx_word' id='word_1_62' title='bbox 1153 1586 1277 1676; x_wconf 87' lang='lat' dir='ltr'><strong>quibus</strong></span> <span class='ocrx_word' id='word_1_63' title='bbox 1304 1589 1339 1658; x_wconf 90' lang='lat' dir='ltr'><strong>in</strong></span> <span class='ocrx_word' id='word_1_64' title='bbox 1367 1587 1588 1681; x_wconf 84' lang='lat' dir='ltr'><strong>Apokalipsi:</strong></span> <span class='ocrx_word' id='word_1_65' title='bbox 1616 1570 1746 1666; x_wconf 75' lang='lat' dir='ltr'><strong>Civitas</strong></span> 
     </span>
     <span class='ocr_line' id='line_1_8' title="bbox 201 1693 1747 1798; baseline 0.012 -32"><span class='ocrx_word' id='word_1_66' title='bbox 201 1693 288 1785; x_wconf 85' lang='lat' dir='ltr'><strong>regis</strong></span> <span class='ocrx_word' id='word_1_67' title='bbox 315 1697 435 1786; x_wconf 85' lang='lat' dir='ltr'><strong>magni</strong></span> <span class='ocrx_word' id='word_1_68' title='bbox 462 1695 704 1773; x_wconf 73' lang='lat' dir='ltr'><strong>conmmimr.-</strong></span> <span class='ocrx_word' id='word_1_69' title='bbox 721 1700 817 1772; x_wconf 90' lang='lat' dir='ltr'><strong>Haec</strong></span> <span class='ocrx_word' id='word_1_70' title='bbox 843 1707 898 1773; x_wconf 89' lang='lat' dir='ltr'><strong>est</strong></span> <span class='ocrx_word' id='word_1_71' title='bbox 925 1701 1160 1776; x_wconf 70' lang='lat' dir='ltr'><strong>illa&#39;snblimis</strong></span> <span class='ocrx_word' id='word_1_72' title='bbox 1177 1725 1303 1797; x_wconf 74' lang='lat' dir='ltr'><strong>mensa</strong></span> <span class='ocrx_word' id='word_1_73' title='bbox 1322 1709 1358 1778; x_wconf 89' lang='lat' dir='ltr'><strong>iu</strong></span> <span class='ocrx_word' id='word_1_74' title='bbox 1377 1730 1446 1798; x_wconf 88' lang='lat' dir='ltr'><strong>qua</strong></span> <span class='ocrx_word' id='word_1_75' title='bbox 1462 1710 1556 1782; x_wconf 87' lang='lat' dir='ltr'><strong>Deus</strong></span> <span class='ocrx_word' id='word_1_76' title='bbox 1573 1719 1610 1783; x_wconf 90' lang='lat' dir='ltr'><strong>et</strong></span> <span class='ocrx_word' id='word_1_77' title='bbox 1628 1714 1747 1785; x_wconf 89' lang='lat' dir='ltr'><strong>cibans</strong></span> 
     </span>
     <span class='ocr_line' id='line_1_9' title="bbox 200 1817 1746 1918; baseline 0.013 -33"><span class='ocrx_word' id='word_1_78' title='bbox 200 1821 266 1906; x_wconf 91' lang='lat' dir='ltr'><strong>cst,</strong></span> <span class='ocrx_word' id='word_1_79' title='bbox 294 1822 331 1886; x_wconf 89' lang='lat' dir='ltr'><strong>et</strong></span> <span class='ocrx_word' id='word_1_80' title='bbox 359 1817 476 1906; x_wconf 76' lang='lat' dir='ltr'><strong>cibus,</strong></span> <span class='ocrx_word' id='word_1_81' title='bbox 512 1839 698 1891; x_wconf 89' lang='lat' dir='ltr'><strong>munerans</strong></span> <span class='ocrx_word' id='word_1_82' title='bbox 725 1819 910 1894; x_wconf 85' lang='lat' dir='ltr'><strong>et&#39;munus</strong></span> <span class='ocrx_word' id='word_1_83' title='bbox 938 1823 1085 1896; x_wconf 84' lang='lat' dir='ltr'><strong>offerens</strong></span> <span class='ocrx_word' id='word_1_84' title='bbox 1098 1915 1100 1918; x_wconf 15' lang='grc' dir='ltr'>Ι</span> <span class='ocrx_word' id='word_1_85' title='bbox 1113 1831 1149 1896; x_wconf 91' lang='lat' dir='ltr'><strong>et</strong></span> <span class='ocrx_word' id='word_1_86' title='bbox 1175 1827 1349 1916; x_wconf 84' lang='lat' dir='ltr'><strong>oblatum3</strong></span> <span class='ocrx_word' id='word_1_87' title='bbox 1385 1831 1531 1901; x_wconf 81' lang='lat' dir='ltr'><strong>conviva</strong></span> <span class='ocrx_word' id='word_1_88' title='bbox 1566 1837 1603 1903; x_wconf 93' lang='lat' dir='ltr'><strong>et</strong></span> <span class='ocrx_word' id='word_1_89' title='bbox 1630 1836 1746 1905; x_wconf 84' lang='lat' dir='ltr'><strong>conri-</strong></span> 
     </span>
     <span class='ocr_line' id='line_1_10' title="bbox 116 1935 1745 2039; baseline 0.012 -33"><span class='ocrx_word' id='word_1_90' title='bbox 116 1939 119 1946; x_wconf 89' lang='lat'>&#39;</span> <span class='ocrx_word' id='word_1_91' title='bbox 199 1938 296 2008; x_wconf 81' lang='lat' dir='ltr'><strong>rium.</strong></span> <span class='ocrx_word' id='word_1_92' title='bbox 323 1935 393 2008; x_wconf 87' lang='lat' dir='ltr'><strong>Hic</strong></span> <span class='ocrx_word' id='word_1_93' title='bbox 420 1945 603 2028; x_wconf 86' lang='lat' dir='ltr'><strong>congcstae</strong></span> <span class='ocrx_word' id='word_1_94' title='bbox 630 1947 711 2028; x_wconf 89' lang='lat' dir='ltr'><strong>sunt</strong></span> <span class='ocrx_word' id='word_1_95' title='bbox 737 1937 984 2032; x_wconf 86' lang='lat' dir='ltr'><strong>omnipotentis</strong></span> <span class='ocrx_word' id='word_1_96' title='bbox 1018 1943 1282 2018; x_wconf 89' lang='lat' dir='ltr'><strong>Patrisfamilias</strong></span> <span class='ocrx_word' id='word_1_97' title='bbox 1310 1948 1471 2039; x_wconf 81' lang='lat' dir='ltr'><strong>divitiae,</strong></span> <span class='ocrx_word' id='word_1_98' title='bbox 1488 1957 1524 2022; x_wconf 91' lang='lat' dir='ltr'><strong>et</strong></span> <span class='ocrx_word' id='word_1_99' title='bbox 1552 1952 1684 2024; x_wconf 84' lang='lat' dir='ltr'><strong>divisae</strong></span> <span class='ocrx_word' id='word_1_100' title='bbox 1710 1955 1745 2025; x_wconf 91' lang='lat' dir='ltr'><strong>in</strong></span> 
     </span>
     <span class='ocr_line' id='line_1_11' title="bbox 202 2058 1748 2162; baseline 0.01 -33"><span class='ocrx_word' id='word_1_101' title='bbox 202 2058 370 2148; x_wconf 88' lang='lat' dir='ltr'><strong>singulos,</strong></span> <span class='ocrx_word' id='word_1_102' title='bbox 405 2063 510 2148; x_wconf 91' lang='lat' dir='ltr'><strong>prout</strong></span> <span class='ocrx_word' id='word_1_103' title='bbox 545 2061 689 2151; x_wconf 86' lang='lat' dir='ltr'><strong>singulis</strong></span> <span class='ocrx_word' id='word_1_104' title='bbox 725 2063 884 2152; x_wconf 88' lang='lat' dir='ltr'><strong>congruit</strong></span> <span class='ocrx_word' id='word_1_105' title='bbox 919 2065 964 2134; x_wconf 90' lang='lat' dir='ltr'><strong>ad</strong></span> <span class='ocrx_word' id='word_1_106' title='bbox 1000 2059 1170 2156; x_wconf 71' lang='lat' dir='ltr'><strong>salutm,</strong></span> <span class='ocrx_word' id='word_1_107' title='bbox 1205 2074 1376 2157; x_wconf 86' lang='lat' dir='ltr'><strong>quatenus</strong></span> <span class='ocrx_word' id='word_1_108' title='bbox 1412 2072 1677 2162; x_wconf 86' lang='lat' dir='ltr'><strong>negociarentur</strong></span> <span class='ocrx_word' id='word_1_109' title='bbox 1711 2081 1748 2145; x_wconf 87' lang='lat' dir='ltr'><strong>et</strong></span> 
     </span>
    </p>
   </div>
   <div class='ocr_carea' id='block_1_3' title="bbox 200 2175 1928 2404">
    <p class='ocr_par' dir='ltr' id='par_1_3' title="bbox 200 2175 1928 2404">
     <span class='ocr_line' id='line_1_12' title="bbox 200 2175 1928 2283; baseline 0.01 -33"><span class='ocrx_word' id='word_1_110' title='bbox 200 2180 325 2250; x_wconf 67' lang='lat' dir='ltr'><strong>mento</strong></span> <span class='ocrx_word' id='word_1_111' title='bbox 353 2175 546 2268; x_wconf 89' lang='lat' dir='ltr'><strong>commisso,</strong></span> <span class='ocrx_word' id='word_1_112' title='bbox 576 2181 685 2253; x_wconf 90' lang='lat' dir='ltr'><strong>donec</strong></span> <span class='ocrx_word' id='word_1_113' title='bbox 712 2182 827 2254; x_wconf 87' lang='lat' dir='ltr'><strong>veniet</strong></span> <span class='ocrx_word' id='word_1_114' title='bbox 852 2183 1021 2256; x_wconf 80' lang='lat' dir='ltr'><strong>radonem</strong></span> <span class='ocrx_word' id='word_1_115' title='bbox 1049 2187 1263 2276; x_wconf 89' lang='lat' dir='ltr'><strong>spiritualem</strong></span> <span class='ocrx_word' id='word_1_116' title='bbox 1281 2209 1359 2260; x_wconf 91' lang='lat' dir='ltr'><strong>cum</strong></span> <span class='ocrx_word' id='word_1_117' title='bbox 1377 2192 1536 2264; x_wconf 90' lang='lat' dir='ltr'><strong>omnibus</strong></span> <span class='ocrx_word' id='word_1_118' title='bbox 1554 2193 1747 2283; x_wconf 83' lang='lat' dir='ltr'><strong>positurus3</strong></span> <span class='ocrx_word' id='word_1_119' title='bbox 1870 2277 1874 2282; x_wconf 47' lang='grc'>,</span> <span class='ocrx_word' id='word_1_120' title='bbox 1925 2191 1928 2194; x_wconf 72' lang='grc'>’</span> 
     </span>
     <span class='ocr_line' id='line_1_13' title="bbox 201 2293 1889 2404; baseline 0.008 -32"><span class='ocrx_word' id='word_1_121' title='bbox 201 2307 233 2372; x_wconf 87' lang='lat' dir='ltr'><strong>et</strong></span> <span class='ocrx_word' id='word_1_122' title='bbox 256 2299 336 2372; x_wconf 91' lang='lat' dir='ltr'><strong>hinc</strong></span> <span class='ocrx_word' id='word_1_123' title='bbox 363 2293 522 2372; x_wconf 83' lang='lat' dir='ltr'><strong>effectum</strong></span> <span class='ocrx_word' id='word_1_124' title='bbox 549 2307 612 2390; x_wconf 89' lang='lat' dir='ltr'><strong>est,</strong></span> <span class='ocrx_word' id='word_1_125' title='bbox 632 2309 671 2372; x_wconf 90' lang='lat' dir='ltr'><strong>ut</strong></span> <span class='ocrx_word' id='word_1_126' title='bbox 698 2303 778 2392; x_wconf 91' lang='lat' dir='ltr'><strong>quia</strong></span> <span class='ocrx_word' id='word_1_127' title='bbox 804 2303 861 2374; x_wconf 91' lang='lat' dir='ltr'><strong>hic</strong></span> <span class='ocrx_word' id='word_1_128' title='bbox 886 2305 1034 2394; x_wconf 86' lang='lat' dir='ltr'><strong>muudus</strong></span> <span class='ocrx_word' id='word_1_129' title='bbox 1059 2307 1095 2376; x_wconf 90' lang='lat' dir='ltr'><strong>iu</strong></span> <span class='ocrx_word' id='word_1_130' title='bbox 1123 2307 1275 2402; x_wconf 87' lang='lat' dir='ltr'><strong>maligno</strong></span> <span class='ocrx_word' id='word_1_131' title='bbox 1301 2309 1436 2398; x_wconf 89' lang='lat' dir='ltr'><strong>positus</strong></span> <span class='ocrx_word' id='word_1_132' title='bbox 1462 2318 1526 2401; x_wconf 86' lang='lat' dir='ltr'><strong>ast,</strong></span> <span class='ocrx_word' id='word_1_133' title='bbox 1553 2314 1651 2384; x_wconf 93' lang='lat' dir='ltr'><strong>etin</strong></span> <span class='ocrx_word' id='word_1_134' title='bbox 1678 2335 1746 2404; x_wconf 88' lang='lat' dir='ltr'><strong>quo</strong></span> <span class='ocrx_word' id='word_1_135' title='bbox 1886 2356 1889 2366; x_wconf 93' lang='lat'><em>·</em></span> 
     </span>
    </p>
   </div>
   <div class='ocr_carea' id='block_1_4' title="bbox 106 2419 1748 3005">
    <p class='ocr_par' dir='ltr' id='par_1_4' title="bbox 106 2419 1748 3005">
     <span class='ocr_line' id='line_1_14' title="bbox 201 2419 1746 2522; baseline 0.008 -28"><span class='ocrx_word' id='word_1_136' title='bbox 201 2422 426 2512; x_wconf 78' lang='lat' dir='ltr'><strong>nontimere,</strong></span> <span class='ocrx_word' id='word_1_137' title='bbox 454 2443 521 2495; x_wconf 93' lang='lat' dir='ltr'><strong>non</strong></span> <span class='ocrx_word' id='word_1_138' title='bbox 549 2419 740 2515; x_wconf 79' lang='lat' dir='ltr'><strong>periclitari</strong></span> <span class='ocrx_word' id='word_1_139' title='bbox 768 2424 978 2514; x_wconf 88' lang='lat' dir='ltr'><strong>impossibile</strong></span> <span class='ocrx_word' id='word_1_140' title='bbox 1006 2434 1069 2516; x_wconf 88' lang='lat' dir='ltr'><strong>est,</strong></span> <span class='ocrx_word' id='word_1_141' title='bbox 1090 2429 1221 2501; x_wconf 90' lang='lat' dir='ltr'><strong>habens</strong></span> <span class='ocrx_word' id='word_1_142' title='bbox 1239 2431 1463 2520; x_wconf 72' lang='lat' dir='ltr'><strong>asperitatem</strong></span> <span class='ocrx_word' id='word_1_143' title='bbox 1482 2447 1608 2522; x_wconf 86' lang='lat' dir='ltr'><strong>reram,</strong></span> <span class='ocrx_word' id='word_1_144' title='bbox 1627 2435 1746 2506; x_wconf 89' lang='lat' dir='ltr'><strong>iucun-</strong></span> 
     </span>
     <span class='ocr_line' id='line_1_15' title="bbox 106 2537 1746 2644; baseline 0.008 -32"><span class='ocrx_word' id='word_1_145' title='bbox 106 2603 108 2612; x_wconf 80' lang='grc'>,</span> <span class='ocrx_word' id='word_1_146' title='bbox 203 2543 338 2616; x_wconf 82' lang='lat' dir='ltr'><strong>ditatam</strong></span> <span class='ocrx_word' id='word_1_147' title='bbox 366 2542 500 2632; x_wconf 88' lang='lat' dir='ltr'><strong>falsam,</strong></span> <span class='ocrx_word' id='word_1_148' title='bbox 528 2541 661 2629; x_wconf 86' lang='lat' dir='ltr'><strong>certum</strong></span> <span class='ocrx_word' id='word_1_149' title='bbox 688 2537 851 2634; x_wconf 87' lang='lat' dir='ltr'><strong>dolorem,</strong></span> <span class='ocrx_word' id='word_1_150' title='bbox 878 2541 1045 2618; x_wconf 83' lang='lat' dir='ltr'><strong>incertam</strong></span> <span class='ocrx_word' id='word_1_151' title='bbox 1072 2548 1295 2640; x_wconf 85' lang='lat' dir='ltr'><strong>voluptatem,</strong></span> <span class='ocrx_word' id='word_1_152' title='bbox 1323 2551 1446 2622; x_wconf 91' lang='lat' dir='ltr'><strong>durum</strong></span> <span class='ocrx_word' id='word_1_153' title='bbox 1473 2552 1635 2644; x_wconf 88' lang='lat' dir='ltr'><strong>laborem,</strong></span> <span class='ocrx_word' id='word_1_154' title='bbox 1653 2554 1746 2627; x_wconf 87' lang='lat' dir='ltr'><strong>timi·</strong></span> 
     </span>
     <span class='ocr_line' id='line_1_16' title="bbox 206 2664 1747 2765; baseline 0.006 -29"><span class='ocrx_word' id='word_1_155' title='bbox 206 2664 277 2736; x_wconf 90' lang='lat' dir='ltr'><strong>dam</strong></span> <span class='ocrx_word' id='word_1_156' title='bbox 303 2665 467 2754; x_wconf 87' lang='lat' dir='ltr'><strong>quietem,</strong></span> <span class='ocrx_word' id='word_1_157' title='bbox 495 2677 568 2736; x_wconf 84' lang='lat' dir='ltr'><strong>rem</strong></span> <span class='ocrx_word' id='word_1_158' title='bbox 587 2665 722 2755; x_wconf 90' lang='lat' dir='ltr'><strong>plenam</strong></span> <span class='ocrx_word' id='word_1_159' title='bbox 749 2665 919 2756; x_wconf 80' lang='lat' dir='ltr'><strong>miseriae,</strong></span> <span class='ocrx_word' id='word_1_160' title='bbox 948 2683 1048 2765; x_wconf 78' lang='lat' dir='ltr'><strong>spem</strong></span> <span class='ocrx_word' id='word_1_161' title='bbox 1070 2669 1295 2741; x_wconf 82' lang='lat' dir='ltr'><strong>beatitudinis</strong></span> <span class='ocrx_word' id='word_1_162' title='bbox 1321 2671 1469 2762; x_wconf 90' lang='lat' dir='ltr'><strong>inanem,</strong></span> <span class='ocrx_word' id='word_1_163' title='bbox 1497 2673 1542 2743; x_wconf 92' lang='lat' dir='ltr'><strong>ab</strong></span> <span class='ocrx_word' id='word_1_164' title='bbox 1569 2693 1611 2746; x_wconf 88' lang='lat' dir='ltr'><strong>eo</strong></span> <span class='ocrx_word' id='word_1_165' title='bbox 1638 2675 1747 2746; x_wconf 83' lang='lat' dir='ltr'><strong>veluti</strong></span> 
     </span>
     <span class='ocr_line' id='line_1_17' title="bbox 106 2781 1746 2881; baseline 0.007 -27"><span class='ocrx_word' id='word_1_166' title='bbox 106 2833 107 2838; x_wconf 16' lang='grc' dir='ltr'>ι</span> <span class='ocrx_word' id='word_1_167' title='bbox 202 2785 328 2856; x_wconf 91' lang='lat' dir='ltr'><strong>amari</strong></span> <span class='ocrx_word' id='word_1_168' title='bbox 357 2784 517 2874; x_wconf 88' lang='lat' dir='ltr'><strong>quodam,</strong></span> <span class='ocrx_word' id='word_1_169' title='bbox 545 2786 642 2856; x_wconf 89' lang='lat' dir='ltr'><strong>etin</strong></span> <span class='ocrx_word' id='word_1_170' title='bbox 671 2781 846 2877; x_wconf 82' lang='lat' dir='ltr'><strong>prosperis</strong></span> <span class='ocrx_word' id='word_1_171' title='bbox 883 2797 1088 2879; x_wconf 81' lang='lat' dir='ltr'><strong>syrenarum</strong></span> <span class='ocrx_word' id='word_1_172' title='bbox 1104 2789 1350 2863; x_wconf 88' lang='lat' dir='ltr'><strong>blandimento</strong></span> <span class='ocrx_word' id='word_1_173' title='bbox 1375 2789 1535 2881; x_wconf 77' lang='lat' dir='ltr'><strong>fabente,</strong></span> <span class='ocrx_word' id='word_1_174' title='bbox 1562 2794 1658 2864; x_wconf 88' lang='lat' dir='ltr'><strong>etin</strong></span> <span class='ocrx_word' id='word_1_175' title='bbox 1685 2795 1746 2867; x_wconf 87' lang='lat' dir='ltr'><strong>ad-</strong></span> 
     </span>
     <span class='ocr_line' id='line_1_18' title="bbox 106 2905 1748 3005; baseline 0.007 -32"><span class='ocrx_word' id='word_1_176' title='bbox 106 2947 107 2952; x_wconf 26' lang='lat'><em>*</em></span> <span class='ocrx_word' id='word_1_177' title='bbox 204 2905 304 2978; x_wconf 83' lang='lat' dir='ltr'><strong>versis</strong></span> <span class='ocrx_word' id='word_1_178' title='bbox 339 2905 477 2996; x_wconf 80' lang='lat' dir='ltr'><strong>Scyllae</strong></span> <span class='ocrx_word' id='word_1_179' title='bbox 513 2905 764 2997; x_wconf 73' lang='lat' dir='ltr'><strong>charibdisque</strong></span> <span class='ocrx_word' id='word_1_180' title='bbox 800 2907 966 2997; x_wconf 60' lang='lat' dir='ltr'><strong>voramus</strong></span> <span class='ocrx_word' id='word_1_181' title='bbox 1002 2908 1223 2999; x_wconf 88' lang='lat' dir='ltr'><strong>absumente,</strong></span> <span class='ocrx_word' id='word_1_182' title='bbox 1249 2911 1294 2982; x_wconf 88' lang='lat' dir='ltr'><strong>ad</strong></span> <span class='ocrx_word' id='word_1_183' title='bbox 1329 2911 1442 2983; x_wconf 91' lang='lat' dir='ltr'><strong>locum</strong></span> <span class='ocrx_word' id='word_1_184' title='bbox 1476 2913 1574 3004; x_wconf 83' lang='lat' dir='ltr'><strong>illum</strong></span> <span class='ocrx_word' id='word_1_185' title='bbox 1611 2915 1748 3005; x_wconf 89' lang='lat' dir='ltr'><strong>qnietis,</strong></span> 
     </span>
    </p>
   </div>
   <div class='ocr_carea' id='block_1_5' title="bbox 106 3023 1748 3116">
    <p class='ocr_par' dir='ltr' id='par_1_5' title="bbox 106 3023 1748 3116">
     <span class='ocr_line' id='line_1_19' title="bbox 106 3023 1748 3116; baseline 0.005 -19"><span class='ocrx_word' id='word_1_186' title='bbox 106 3039 108 3046; x_wconf 78' lang='grc'>’</span> <span class='ocrx_word' id='word_1_187' title='bbox 203 3033 357 3116; x_wconf 63' lang='lat' dir='ltr'><strong>unquam</strong></span> <span class='ocrx_word' id='word_1_188' title='bbox 398 3026 442 3097; x_wconf 89' lang='lat' dir='ltr'><strong>ad</strong></span> <span class='ocrx_word' id='word_1_189' title='bbox 477 3027 600 3098; x_wconf 90' lang='lat' dir='ltr'><strong>salutis</strong></span> <span class='ocrx_word' id='word_1_190' title='bbox 636 3033 774 3116; x_wconf 90' lang='lat' dir='ltr'><strong>portum</strong></span> <span class='ocrx_word' id='word_1_191' title='bbox 811 3023 900 3099; x_wconf 86' lang='lat' dir='ltr'><strong>fidus</strong></span> <span class='ocrx_word' id='word_1_192' title='bbox 936 3029 1134 3102; x_wconf 84' lang='lat' dir='ltr'><strong>hominibus</strong></span> <span class='ocrx_word' id='word_1_193' title='bbox 1169 3031 1284 3103; x_wconf 85' lang='lat' dir='ltr'><strong>datur¹</strong></span> <span class='ocrx_word' id='word_1_194' title='bbox 1309 3051 1479 3104; x_wconf 89' lang='lat' dir='ltr'><strong>recursus.</strong></span> <span class='ocrx_word' id='word_1_195' title='bbox 1523 3033 1589 3104; x_wconf 90' lang='lat' dir='ltr'><strong>Hic</strong></span> <span class='ocrx_word' id='word_1_196' title='bbox 1621 3035 1748 3105; x_wconf 87' lang='lat' dir='ltr'><strong>etenim</strong></span> 
     </span>
    </p>
   </div>
   <div class='ocr_carea' id='block_1_6' title="bbox 106 3143 1751 4204">
    <p class='ocr_par' dir='ltr' id='par_1_6' title="bbox 106 3143 1751 3964">
     <span class='ocr_line' id='line_1_20' title="bbox 203 3143 1748 3243; baseline 0.006 -26"><span class='ocrx_word' id='word_1_197' title='bbox 203 3167 345 3236; x_wconf 84' lang='lat' dir='ltr'><strong>expanso</strong></span> <span class='ocrx_word' id='word_1_198' title='bbox 375 3143 439 3236; x_wconf 87' lang='lat' dir='ltr'><strong>per</strong></span> <span class='ocrx_word' id='word_1_199' title='bbox 466 3147 583 3218; x_wconf 91' lang='lat' dir='ltr'><strong>orbem</strong></span> <span class='ocrx_word' id='word_1_200' title='bbox 611 3147 809 3218; x_wconf 91' lang='lat' dir='ltr'><strong>universnm</strong></span> <span class='ocrx_word' id='word_1_201' title='bbox 835 3149 966 3238; x_wconf 91' lang='lat' dir='ltr'><strong>triplici</strong></span> <span class='ocrx_word' id='word_1_202' title='bbox 993 3149 1206 3240; x_wconf 80' lang='lat' dir='ltr'><strong>deceptionis</strong></span> <span class='ocrx_word' id='word_1_203' title='bbox 1233 3153 1344 3223; x_wconf 89' lang='lat' dir='ltr'><strong>hostis</strong></span> <span class='ocrx_word' id='word_1_204' title='bbox 1380 3145 1566 3225; x_wconf 89' lang='lat' dir='ltr'><strong>insidiatur</strong></span> <span class='ocrx_word' id='word_1_205' title='bbox 1591 3155 1748 3243; x_wconf 77' lang='lat' dir='ltr'><strong>rehculo,</strong></span> 
     </span>
     <span class='ocr_line' id='line_1_21' title="bbox 204 3261 1751 3363; baseline 0.003 -20.702"><span class='ocrx_word' id='word_1_206' title='bbox 204 3267 270 3338; x_wconf 73' lang='lat' dir='ltr'><strong>urso</strong></span> <span class='ocrx_word' id='word_1_207' title='bbox 300 3268 344 3338; x_wconf 79' lang='lat' dir='ltr'><strong>m</strong></span> <span class='ocrx_word' id='word_1_208' title='bbox 382 3265 595 3339; x_wconf 81' lang='lat' dir='ltr'><strong>illudendum</strong></span> <span class='ocrx_word' id='word_1_209' title='bbox 632 3262 682 3356; x_wconf 76' lang='lat' dir='ltr'><strong>cr,</strong></span> <span class='ocrx_word' id='word_1_210' title='bbox 709 3263 839 3358; x_wconf 81' lang='lat' dir='ltr'><strong>triplici</strong></span> <span class='ocrx_word' id='word_1_211' title='bbox 866 3261 992 3341; x_wconf 72' lang='lat' dir='ltr'><strong>montes</strong></span> <span class='ocrx_word' id='word_1_212' title='bbox 1019 3269 1197 3342; x_wconf 70' lang='lat' dir='ltr'><strong>onasus</strong></span> <span class='ocrx_word' id='word_1_213' title='bbox 1230 3273 1374 3362; x_wconf 68' lang='lat' dir='ltr'><strong>region</strong></span> <span class='ocrx_word' id='word_1_214' title='bbox 1401 3280 1580 3346; x_wconf 64' lang='lat' dir='ltr'><strong>armanus</strong></span> <span class='ocrx_word' id='word_1_215' title='bbox 1605 3275 1751 3363; x_wconf 67' lang='lat' dir='ltr'><strong>annulo,</strong></span> 
     </span>
     <span class='ocr_line' id='line_1_22' title="bbox 106 3367 1749 3485; baseline 0.005 -28"><span class='ocrx_word' id='word_1_216' title='bbox 106 3379 107 3430; x_wconf 46' lang='grc' dir='ltr'><em>ἕ</em></span> <span class='ocrx_word' id='word_1_217' title='bbox 204 3381 356 3478; x_wconf 77' lang='lat' dir='ltr'><strong>qnoniam</strong></span> <span class='ocrx_word' id='word_1_218' title='bbox 386 3388 561 3478; x_wconf 88' lang='lat' dir='ltr'><strong>scriptura</strong></span> <span class='ocrx_word' id='word_1_219' title='bbox 586 3367 686 3478; x_wconf 83' lang='lat' dir='ltr'><strong>teste,</strong></span> <span class='ocrx_word' id='word_1_220' title='bbox 712 3388 880 3478; x_wconf 82' lang='lat' dir='ltr'><strong>quidquid</strong></span> <span class='ocrx_word' id='word_1_221' title='bbox 899 3389 934 3459; x_wconf 93' lang='lat' dir='ltr'><strong>in</strong></span> <span class='ocrx_word' id='word_1_222' title='bbox 953 3391 1080 3470; x_wconf 86' lang='lat' dir='ltr'><strong>mundo</strong></span> <span class='ocrx_word' id='word_1_223' title='bbox 1099 3397 1162 3480; x_wconf 91' lang='lat' dir='ltr'><strong>est,</strong></span> <span class='ocrx_word' id='word_1_224' title='bbox 1180 3394 1539 3484; x_wconf 76' lang='lat' dir='ltr'><strong>aut‘concupiscentia</strong></span> <span class='ocrx_word' id='word_1_225' title='bbox 1557 3397 1672 3468; x_wconf 89' lang='lat' dir='ltr'><strong>carnis</strong></span> <span class='ocrx_word' id='word_1_226' title='bbox 1686 3400 1749 3485; x_wconf 91' lang='lat' dir='ltr'><strong>est,</strong></span> 
     </span>
     <span class='ocr_line' id='line_1_23' title="bbox 206 3509 1747 3603; baseline 0.005 -23.512"><span class='ocrx_word' id='word_1_227' title='bbox 206 3516 259 3580; x_wconf 88' lang='lat' dir='ltr'><strong>aut</strong></span> <span class='ocrx_word' id='word_1_228' title='bbox 275 3510 462 3596; x_wconf 85' lang='lat' dir='ltr'><strong>oculorum,</strong></span> <span class='ocrx_word' id='word_1_229' title='bbox 482 3514 543 3580; x_wconf 85' lang='lat' dir='ltr'><strong>aut</strong></span> <span class='ocrx_word' id='word_1_230' title='bbox 561 3509 725 3598; x_wconf 88' lang='lat' dir='ltr'><strong>superbia</strong></span> <span class='ocrx_word' id='word_1_231' title='bbox 742 3509 850 3597; x_wconf 86' lang='lat' dir='ltr'><strong>ritae;</strong></span> <span class='ocrx_word' id='word_1_232' title='bbox 876 3509 925 3580; x_wconf 92' lang='lat' dir='ltr'><strong>ibi</strong></span> <span class='ocrx_word' id='word_1_233' title='bbox 945 3529 1045 3582; x_wconf 90' lang='lat' dir='ltr'><strong>omne</strong></span> <span class='ocrx_word' id='word_1_234' title='bbox 1063 3512 1156 3602; x_wconf 90' lang='lat' dir='ltr'><strong>quod</strong></span> <span class='ocrx_word' id='word_1_235' title='bbox 1172 3517 1235 3601; x_wconf 84' lang='lat' dir='ltr'><strong>est,</strong></span> <span class='ocrx_word' id='word_1_236' title='bbox 1250 3517 1312 3585; x_wconf 89' lang='lat' dir='ltr'><strong>ant</strong></span> <span class='ocrx_word' id='word_1_237' title='bbox 1331 3514 1559 3586; x_wconf 84' lang='lat' dir='ltr'><strong>sanctimonia</strong></span> <span class='ocrx_word' id='word_1_238' title='bbox 1574 3516 1666 3586; x_wconf 88' lang='lat' dir='ltr'><strong>vitae</strong></span> <span class='ocrx_word' id='word_1_239' title='bbox 1683 3522 1747 3603; x_wconf 90' lang='lat' dir='ltr'><strong>est,</strong></span> 
     </span>
     <span class='ocr_line' id='line_1_24' title="bbox 106 3628 1747 3726; baseline 0.005 -26"><span class='ocrx_word' id='word_1_240' title='bbox 106 3631 108 3662; x_wconf 82' lang='lat'><em>&#39;</em></span> <span class='ocrx_word' id='word_1_241' title='bbox 170 3664 172 3667; x_wconf 96' lang='lat'>·</span> <span class='ocrx_word' id='word_1_242' title='bbox 206 3638 259 3700; x_wconf 88' lang='lat' dir='ltr'><strong>aut</strong></span> <span class='ocrx_word' id='word_1_243' title='bbox 274 3631 449 3702; x_wconf 81' lang='lat' dir='ltr'><strong>abdicatio</strong></span> <span class='ocrx_word' id='word_1_244' title='bbox 468 3630 703 3720; x_wconf 82' lang='lat' dir='ltr'><strong>proprietatis,</strong></span> <span class='ocrx_word' id='word_1_245' title='bbox 717 3634 779 3700; x_wconf 90' lang='lat' dir='ltr'><strong>aut</strong></span> <span class='ocrx_word' id='word_1_246' title='bbox 795 3628 964 3720; x_wconf 79' lang='lat' dir='ltr'><strong>professio</strong></span> <span class='ocrx_word' id='word_1_247' title='bbox 979 3631 1195 3704; x_wconf 89' lang='lat' dir='ltr'><strong>humilitatis.</strong></span> <span class='ocrx_word' id='word_1_248' title='bbox 1213 3633 1395 3706; x_wconf 86' lang='lat' dir='ltr'><strong>inmundo</strong></span> <span class='ocrx_word' id='word_1_249' title='bbox 1408 3634 1569 3724; x_wconf 71' lang='lat' dir='ltr'><strong>equidem</strong></span> <span class='ocrx_word' id='word_1_250' title='bbox 1587 3636 1747 3726; x_wconf 85' lang='lat' dir='ltr'><strong>avaritia,</strong></span> 
     </span>
     <span class='ocr_line' id='line_1_25' title="bbox 106 3735 1749 3860; baseline 0.004 -39"><span class='ocrx_word' id='word_1_251' title='bbox 106 3735 108 3820; x_wconf 66' lang='grc' dir='ltr'>ζ</span> <span class='ocrx_word' id='word_1_252' title='bbox 206 3750 363 3822; x_wconf 91' lang='lat' dir='ltr'><strong>idolorum</strong></span> <span class='ocrx_word' id='word_1_253' title='bbox 380 3751 541 3840; x_wconf 86' lang='lat' dir='ltr'><strong>servitus,</strong></span> <span class='ocrx_word' id='word_1_254' title='bbox 556 3771 657 3841; x_wconf 87' lang='lat' dir='ltr'><strong>quam</strong></span> <span class='ocrx_word' id='word_1_255' title='bbox 673 3750 842 3822; x_wconf 86' lang='lat' dir='ltr'><strong>latissimo</strong></span> <span class='ocrx_word' id='word_1_256' title='bbox 861 3752 948 3842; x_wconf 90' lang='lat' dir='ltr'><strong>sinu,</strong></span> <span class='ocrx_word' id='word_1_257' title='bbox 962 3753 1078 3825; x_wconf 90' lang='lat' dir='ltr'><strong>omnia</strong></span> <span class='ocrx_word' id='word_1_258' title='bbox 1096 3753 1238 3841; x_wconf 89' lang='lat' dir='ltr'><strong>iuvasit;</strong></span> <span class='ocrx_word' id='word_1_259' title='bbox 1256 3753 1305 3824; x_wconf 92' lang='lat' dir='ltr'><strong>ibi</strong></span> <span class='ocrx_word' id='word_1_260' title='bbox 1319 3753 1461 3826; x_wconf 62' lang='lat' dir='ltr'><strong>caleam</strong></span> <span class='ocrx_word' id='word_1_261' title='bbox 1479 3755 1646 3860; x_wconf 86' lang='lat' dir='ltr'><strong>omnibus,</strong></span> <span class='ocrx_word' id='word_1_262' title='bbox 1660 3774 1749 3845; x_wconf 85' lang='lat' dir='ltr'><strong>quae</strong></span> 
     </span>
     <span class='ocr_line' id='line_1_26' title="bbox 207 3871 1747 3964; baseline 0.004 -23.631"><span class='ocrx_word' id='word_1_263' title='bbox 207 3872 313 3943; x_wconf 89' lang='lat' dir='ltr'><strong>mundi</strong></span> <span class='ocrx_word' id='word_1_264' title='bbox 332 3878 425 3960; x_wconf 79' lang='lat' dir='ltr'><strong>sunt,</strong></span> <span class='ocrx_word' id='word_1_265' title='bbox 445 3879 485 3942; x_wconf 91' lang='lat' dir='ltr'><strong>ut</strong></span> <span class='ocrx_word' id='word_1_266' title='bbox 502 3871 678 3943; x_wconf 78' lang='lat' dir='ltr'><strong>Christum</strong></span> <span class='ocrx_word' id='word_1_267' title='bbox 697 3871 922 3962; x_wconf 80' lang='lat' dir='ltr'><strong>lucrifaciant,</strong></span> <span class='ocrx_word' id='word_1_268' title='bbox 940 3871 1067 3944; x_wconf 90' lang='lat' dir='ltr'><strong>nudam</strong></span> <span class='ocrx_word' id='word_1_269' title='bbox 1085 3893 1220 3944; x_wconf 90' lang='lat' dir='ltr'><strong>crucem</strong></span> <span class='ocrx_word' id='word_1_270' title='bbox 1239 3873 1324 3944; x_wconf 90' lang='lat' dir='ltr'><strong>nudi</strong></span> <span class='ocrx_word' id='word_1_271' title='bbox 1341 3879 1548 3964; x_wconf 84' lang='lat' dir='ltr'><strong>sequuntur3</strong></span> <span class='ocrx_word' id='word_1_272' title='bbox 1565 3875 1601 3946; x_wconf 91' lang='lat' dir='ltr'><strong>in</strong></span> <span class='ocrx_word' id='word_1_273' title='bbox 1621 3875 1747 3946; x_wconf 90' lang='lat' dir='ltr'><strong>mundo</strong></span> 
     </span>
    </p>

    <p class='ocr_par' dir='ltr' id='par_1_7' title="bbox 106 3989 1747 4204">
     <span class='ocr_line' id='line_1_27' title="bbox 207 3989 1747 4085; baseline 0.002 -22"><span class='ocrx_word' id='word_1_274' title='bbox 207 3993 375 4081; x_wconf 84' lang='lat' dir='ltr'><strong>copnubia,</strong></span> <span class='ocrx_word' id='word_1_275' title='bbox 404 4001 443 4063; x_wconf 90' lang='lat' dir='ltr'><strong>ut</strong></span> <span class='ocrx_word' id='word_1_276' title='bbox 469 3993 626 4082; x_wconf 84' lang='lat' dir='ltr'><strong>repleant</strong></span> <span class='ocrx_word' id='word_1_277' title='bbox 652 3998 782 4063; x_wconf 90' lang='lat' dir='ltr'><strong>terram</strong></span> <span class='ocrx_word' id='word_1_278' title='bbox 810 4013 832 4065; x_wconf 90' lang='lat' dir='ltr'><strong>a</strong></span> <span class='ocrx_word' id='word_1_279' title='bbox 858 3991 939 4064; x_wconf 86' lang='lat' dir='ltr'><strong>liliis</strong></span> <span class='ocrx_word' id='word_1_280' title='bbox 965 3989 1162 4064; x_wconf 86' lang='lat' dir='ltr'><strong>hominihus</strong></span> <span class='ocrx_word' id='word_1_281' title='bbox 1189 3997 1402 4083; x_wconf 88' lang='lat' dir='ltr'><strong>repetuntur,</strong></span> <span class='ocrx_word' id='word_1_282' title='bbox 1429 3995 1478 4065; x_wconf 91' lang='lat' dir='ltr'><strong>ibi</strong></span> <span class='ocrx_word' id='word_1_283' title='bbox 1505 3997 1650 4067; x_wconf 84' lang='lat' dir='ltr'><strong>castrati</strong></span> <span class='ocrx_word' id='word_1_284' title='bbox 1667 4017 1747 4085; x_wconf 90' lang='lat' dir='ltr'><strong>pro-</strong></span> 
     </span>
     <span class='ocr_line' id='line_1_28' title="bbox 106 4091 1744 4204; baseline 0.002 -21"><span class='ocrx_word' id='word_1_285' title='bbox 106 4091 107 4098; x_wconf 25' lang='lat'>*</span> <span class='ocrx_word' id='word_1_286' title='bbox 203 4119 275 4201; x_wconf 86' lang='lat' dir='ltr'><strong>pter</strong></span> <span class='ocrx_word' id='word_1_287' title='bbox 310 4113 492 4185; x_wconf 84' lang='lat' dir='ltr'><strong>coelorum·</strong></span> <span class='ocrx_word' id='word_1_288' title='bbox 520 4097 694 4204; x_wconf 80' lang='lat' dir='ltr'><strong>regnum,</strong></span> <span class='ocrx_word' id='word_1_289' title='bbox 711 4113 873 4186; x_wconf 87' lang='lat' dir='ltr'><strong>castitate</strong></span> <span class='ocrx_word' id='word_1_290' title='bbox 900 4119 937 4184; x_wconf 89' lang='lat' dir='ltr'><strong>et</strong></span> <span class='ocrx_word' id='word_1_291' title='bbox 962 4113 1178 4189; x_wconf 89' lang='lat' dir='ltr'><strong>continentia</strong></span> <span class='ocrx_word' id='word_1_292' title='bbox 1202 4113 1341 4203; x_wconf 87' lang='lat' dir='ltr'><strong>replent</strong></span> <span class='ocrx_word' id='word_1_293' title='bbox 1367 4113 1509 4186; x_wconf 87' lang='lat' dir='ltr'><strong>coelum.</strong></span> <span class='ocrx_word' id='word_1_294' title='bbox 1549 4115 1590 4184; x_wconf 89' lang='lat' dir='ltr'><strong>ln</strong></span> <span class='ocrx_word' id='word_1_295' title='bbox 1616 4115 1744 4186; x_wconf 91' lang='lat' dir='ltr'><strong>mundo</strong></span> 
     </span>
    </p>
   </div>
   <div class='ocr_carea' id='block_1_7' title="bbox 106 4232 1747 4325">
    <p class='ocr_par' dir='ltr' id='par_1_8' title="bbox 106 4232 1747 4325">
     <span class='ocr_line' id='line_1_29' title="bbox 106 4232 1747 4325; baseline 0.002 -23"><span class='ocrx_word' id='word_1_296' title='bbox 106 4251 107 4280; x_wconf 52' lang='lat' dir='ltr'><strong>l</strong></span> <span class='ocrx_word' id='word_1_297' title='bbox 208 4238 310 4304; x_wconf 79' lang='lat' dir='ltr'><strong>mmor</strong></span> <span class='ocrx_word' id='word_1_298' title='bbox 336 4233 450 4305; x_wconf 88' lang='lat' dir='ltr'><strong>inanis</strong></span> <span class='ocrx_word' id='word_1_299' title='bbox 477 4235 609 4306; x_wconf 90' lang='lat' dir='ltr'><strong>animos</strong></span> <span class='ocrx_word' id='word_1_300' title='bbox 635 4234 748 4324; x_wconf 89' lang='lat' dir='ltr'><strong>ipsum</strong></span> <span class='ocrx_word' id='word_1_301' title='bbox 775 4233 939 4306; x_wconf 90' lang='lat' dir='ltr'><strong>mnndum</strong></span> <span class='ocrx_word' id='word_1_302' title='bbox 966 4233 1156 4304; x_wconf 87' lang='lat' dir='ltr'><strong>amantium</strong></span> <span class='ocrx_word' id='word_1_303' title='bbox 1182 4232 1333 4306; x_wconf 83' lang='lat' dir='ltr'><strong>futiliter</strong></span> <span class='ocrx_word' id='word_1_304' title='bbox 1349 4234 1465 4323; x_wconf 85' lang='lat' dir='ltr'><strong>indat3</strong></span> <span class='ocrx_word' id='word_1_305' title='bbox 1492 4234 1541 4306; x_wconf 93' lang='lat' dir='ltr'><strong>ibi</strong></span> <span class='ocrx_word' id='word_1_306' title='bbox 1558 4240 1747 4325; x_wconf 88' lang='lat' dir='ltr'><strong>perpetuae</strong></span> 
     </span>
    </p>
   </div>
   <div class='ocr_carea' id='block_1_8' title="bbox 106 4346 1821 4687">
    <p class='ocr_par' dir='ltr' id='par_1_9' title="bbox 106 4346 1821 4687">
     <span class='ocr_line' id='line_1_30' title="bbox 106 4346 1821 4470; baseline 0.001 -47"><span class='ocrx_word' id='word_1_307' title='bbox 106 4387 107 4400; x_wconf 41' lang='grc' dir='ltr'>ι</span> <span class='ocrx_word' id='word_1_308' title='bbox 208 4353 362 4442; x_wconf 76' lang='lat' dir='ltr'><strong>professio</strong></span> <span class='ocrx_word' id='word_1_309' title='bbox 389 4346 608 4426; x_wconf 87' lang='lat' dir='ltr'><strong>obedientiae</strong></span> <span class='ocrx_word' id='word_1_310' title='bbox 630 4353 778 4426; x_wconf 81' lang='lat' dir='ltr'><strong>feliciter</strong></span> <span class='ocrx_word' id='word_1_311' title='bbox 803 4355 983 4444; x_wconf 86' lang='lat' dir='ltr'><strong>perdurat.</strong></span> <span class='ocrx_word' id='word_1_312' title='bbox 1009 4353 1150 4444; x_wconf 72' lang='lat' dir='ltr'><strong>Triplex</strong></span> <span class='ocrx_word' id='word_1_313' title='bbox 1177 4355 1311 4426; x_wconf 91' lang='lat' dir='ltr'><strong>medius</strong></span> <span class='ocrx_word' id='word_1_314' title='bbox 1337 4355 1441 4426; x_wconf 89' lang='lat' dir='ltr'><strong>ddius</strong></span> <span class='ocrx_word' id='word_1_315' title='bbox 1466 4355 1657 4445; x_wconf 82' lang='lat' dir='ltr'><strong>iunicrrlus,</strong></span> <span class='ocrx_word' id='word_1_316' title='bbox 1687 4358 1746 4446; x_wconf 90' lang='lat' dir='ltr'><strong>qui</strong></span> <span class='ocrx_word' id='word_1_317' title='bbox 1817 4465 1821 4470; x_wconf 91' lang='lat'>.</span> 
     </span>
     <span class='ocr_line' id='line_1_31' title="bbox 210 4474 1748 4565; baseline 0.002 -23"><span class='ocrx_word' id='word_1_318' title='bbox 210 4479 240 4542; x_wconf 89' lang='lat' dir='ltr'><strong>et</strong></span> <span class='ocrx_word' id='word_1_319' title='bbox 270 4474 406 4546; x_wconf 87' lang='lat' dir='ltr'><strong>difficile</strong></span> <span class='ocrx_word' id='word_1_320' title='bbox 443 4477 614 4565; x_wconf 88' lang='lat' dir='ltr'><strong>rumpitur</strong></span> <span class='ocrx_word' id='word_1_321' title='bbox 646 4481 683 4546; x_wconf 90' lang='lat' dir='ltr'><strong>et</strong></span> <span class='ocrx_word' id='word_1_322' title='bbox 719 4475 850 4546; x_wconf 87' lang='lat' dir='ltr'><strong>animas</strong></span> <span class='ocrx_word' id='word_1_323' title='bbox 886 4476 1061 4547; x_wconf 88' lang='lat' dir='ltr'><strong>hominnm</strong></span> <span class='ocrx_word' id='word_1_324' title='bbox 1098 4475 1169 4547; x_wconf 90' lang='lat' dir='ltr'><strong>alto</strong></span> <span class='ocrx_word' id='word_1_325' title='bbox 1206 4481 1331 4565; x_wconf 88' lang='lat' dir='ltr'><strong>potens</strong></span> <span class='ocrx_word' id='word_1_326' title='bbox 1364 4482 1419 4548; x_wconf 89' lang='lat' dir='ltr'><strong>ast</strong></span> <span class='ocrx_word' id='word_1_327' title='bbox 1442 4476 1617 4548; x_wconf 86' lang='lat' dir='ltr'><strong>advehere</strong></span> <span class='ocrx_word' id='word_1_328' title='bbox 1643 4477 1748 4548; x_wconf 90' lang='lat' dir='ltr'><strong>coelo.</strong></span> 
     </span>
     <span class='ocr_line' id='line_1_32' title="bbox 210 4591 1742 4687; baseline 0.003 -23"><span class='ocrx_word' id='word_1_329' title='bbox 210 4591 352 4668; x_wconf 87' lang='lat' dir='ltr'><strong>Proinde</strong></span> <span class='ocrx_word' id='word_1_330' title='bbox 372 4617 436 4668; x_wconf 89' lang='lat' dir='ltr'><strong>nos</strong></span> <span class='ocrx_word' id='word_1_331' title='bbox 463 4595 694 4687; x_wconf 89' lang='lat' dir='ltr'><strong>Sbigneus</strong></span> <span class='ocrx_word' id='word_1_332' title='bbox 721 4602 932 4668; x_wconf 87' lang='lat' dir='ltr'><strong>memoratus</strong></span> <span class='ocrx_word' id='word_1_333' title='bbox 959 4596 1106 4667; x_wconf 87' lang='lat' dir='ltr'><strong>Sanctae</strong></span> <span class='ocrx_word' id='word_1_334' title='bbox 1124 4595 1265 4668; x_wconf 86' lang='lat' dir='ltr'><strong>Priscae</strong></span> <span class='ocrx_word' id='word_1_335' title='bbox 1282 4603 1422 4668; x_wconf 75' lang='lat' dir='ltr'><strong>suntme</strong></span> <span class='ocrx_word' id='word_1_336' title='bbox 1441 4597 1616 4670; x_wconf 86' lang='lat' dir='ltr'><strong>Romanae</strong></span> <span class='ocrx_word' id='word_1_337' title='bbox 1634 4598 1742 4670; x_wconf 86' lang='lat' dir='ltr'><strong>eccle-</strong></span> 
     </span>
    </p>
   </div>
   <div class='ocr_carea' id='block_1_9' title="bbox 213 4715 1871 4812">
    <p class='ocr_par' dir='ltr' id='par_1_10' title="bbox 213 4715 1871 4812">
     <span class='ocr_line' id='line_1_33' title="bbox 213 4715 1871 4812; baseline 0.004 -30"><span class='ocrx_word' id='word_1_338' title='bbox 213 4715 275 4787; x_wconf 85' lang='lat' dir='ltr'><strong>siae</strong></span> <span class='ocrx_word' id='word_1_339' title='bbox 299 4719 479 4809; x_wconf 83' lang='lat' dir='ltr'><strong>presbyter</strong></span> <span class='ocrx_word' id='word_1_340' title='bbox 506 4718 702 4807; x_wconf 89' lang='lat' dir='ltr'><strong>cardinalis,</strong></span> <span class='ocrx_word' id='word_1_341' title='bbox 730 4717 930 4808; x_wconf 87' lang='lat' dir='ltr'><strong>praemissis</strong></span> <span class='ocrx_word' id='word_1_342' title='bbox 958 4718 1137 4790; x_wconf 74' lang='lat' dir='ltr'><strong>stantfort</strong></span> <span class='ocrx_word' id='word_1_343' title='bbox 1165 4717 1442 4790; x_wconf 88' lang='lat' dir='ltr'><strong>consideratione</strong></span> <span class='ocrx_word' id='word_1_344' title='bbox 1463 4718 1610 4809; x_wconf 89' lang='lat' dir='ltr'><strong>libratis,</strong></span> <span class='ocrx_word' id='word_1_345' title='bbox 1628 4723 1747 4791; x_wconf 91' lang='lat' dir='ltr'><strong>netum</strong></span> <span class='ocrx_word' id='word_1_346' title='bbox 1814 4806 1819 4812; x_wconf 87' lang='lat'>.</span> <span class='ocrx_word' id='word_1_347' title='bbox 1867 4789 1871 4799; x_wconf 80' lang='grc'><strong>,</strong></span> 
     </span>
    </p>
   </div>
   <div class='ocr_carea' id='block_1_10' title="bbox 106 4837 1791 5778">
    <p class='ocr_par' dir='ltr' id='par_1_11' title="bbox 106 4837 1791 5778">
     <span class='ocr_line' id='line_1_34' title="bbox 213 4837 1749 4930; baseline 0.003 -25"><span class='ocrx_word' id='word_1_348' title='bbox 213 4855 277 4906; x_wconf 84' lang='lat' dir='ltr'><strong>esse</strong></span> <span class='ocrx_word' id='word_1_349' title='bbox 311 4841 465 4928; x_wconf 89' lang='lat' dir='ltr'><strong>cupimus</strong></span> <span class='ocrx_word' id='word_1_350' title='bbox 501 4839 660 4911; x_wconf 90' lang='lat' dir='ltr'><strong>omnibus</strong></span> <span class='ocrx_word' id='word_1_351' title='bbox 686 4846 723 4910; x_wconf 90' lang='lat' dir='ltr'><strong>et</strong></span> <span class='ocrx_word' id='word_1_352' title='bbox 749 4839 894 4928; x_wconf 90' lang='lat' dir='ltr'><strong>singulis</strong></span> <span class='ocrx_word' id='word_1_353' title='bbox 927 4839 1168 4928; x_wconf 87' lang='lat' dir='ltr'><strong>praesentibus</strong></span> <span class='ocrx_word' id='word_1_354' title='bbox 1195 4844 1231 4909; x_wconf 91' lang='lat' dir='ltr'><strong>et</strong></span> <span class='ocrx_word' id='word_1_355' title='bbox 1255 4837 1402 4929; x_wconf 88' lang='lat' dir='ltr'><strong>futuris,</strong></span> <span class='ocrx_word' id='word_1_356' title='bbox 1430 4839 1523 4930; x_wconf 89' lang='lat' dir='ltr'><strong>quod</strong></span> <span class='ocrx_word' id='word_1_357' title='bbox 1548 4845 1687 4912; x_wconf 90' lang='lat' dir='ltr'><strong>matura</strong></span> <span class='ocrx_word' id='word_1_358' title='bbox 1711 4846 1749 4911; x_wconf 91' lang='lat' dir='ltr'><strong>et</strong></span> 
     </span>
     <span class='ocr_line' id='line_1_35' title="bbox 106 4953 1747 5050; baseline 0.003 -25"><span class='ocrx_word' id='word_1_359' title='bbox 106 5005 107 5008; x_wconf 15' lang='grc' dir='ltr'>ι</span> <span class='ocrx_word' id='word_1_360' title='bbox 213 4953 353 5046; x_wconf 78' lang='lat' dir='ltr'><strong>diligenti</strong></span> <span class='ocrx_word' id='word_1_361' title='bbox 389 4959 638 5031; x_wconf 88' lang='lat' dir='ltr'><strong>deliberatione</strong></span> <span class='ocrx_word' id='word_1_362' title='bbox 675 4960 867 5031; x_wconf 84' lang='lat' dir='ltr'><strong>internos</strong></span> <span class='ocrx_word' id='word_1_363' title='bbox 902 4960 1052 5049; x_wconf 92' lang='lat' dir='ltr'><strong>primum</strong></span> <span class='ocrx_word' id='word_1_364' title='bbox 1091 4959 1204 5048; x_wconf 87' lang='lat' dir='ltr'><strong>facta,</strong></span> <span class='ocrx_word' id='word_1_365' title='bbox 1230 4966 1267 5031; x_wconf 88' lang='lat' dir='ltr'><strong>et</strong></span> <span class='ocrx_word' id='word_1_366' title='bbox 1302 4959 1439 5031; x_wconf 89' lang='lat' dir='ltr'><strong>demum</strong></span> <span class='ocrx_word' id='word_1_367' title='bbox 1466 4961 1502 5031; x_wconf 90' lang='lat' dir='ltr'><strong>in</strong></span> <span class='ocrx_word' id='word_1_368' title='bbox 1529 4960 1747 5050; x_wconf 80' lang='lat' dir='ltr'><strong>generalibus</strong></span> 
     </span>
     <span class='ocr_line' id='line_1_36' title="bbox 213 5078 1747 5171; baseline 0.002 -24"><span class='ocrx_word' id='word_1_369' title='bbox 213 5078 365 5170; x_wconf 79' lang='lat' dir='ltr'><strong>capitulis,</strong></span> <span class='ocrx_word' id='word_1_370' title='bbox 393 5099 469 5152; x_wconf 89' lang='lat' dir='ltr'><strong>cum</strong></span> <span class='ocrx_word' id='word_1_371' title='bbox 497 5079 753 5153; x_wconf 88' lang='lat' dir='ltr'><strong>venerabilibus</strong></span> <span class='ocrx_word' id='word_1_372' title='bbox 779 5079 947 5154; x_wconf 88' lang='lat' dir='ltr'><strong>fratribus</strong></span> <span class='ocrx_word' id='word_1_373' title='bbox 974 5080 1104 5152; x_wconf 89' lang='lat' dir='ltr'><strong>nostris</strong></span> <span class='ocrx_word' id='word_1_374' title='bbox 1132 5080 1276 5171; x_wconf 90' lang='lat' dir='ltr'><strong>capituli</strong></span> <span class='ocrx_word' id='word_1_375' title='bbox 1293 5079 1542 5170; x_wconf 79' lang='lat' dir='ltr'><strong>Oratoriensis,</strong></span> <span class='ocrx_word' id='word_1_376' title='bbox 1561 5087 1597 5151; x_wconf 91' lang='lat' dir='ltr'><strong>et</strong></span> <span class='ocrx_word' id='word_1_377' title='bbox 1614 5080 1747 5170; x_wconf 87' lang='lat' dir='ltr'><strong>magni-</strong></span> 
     </span>
     <span class='ocr_line' id='line_1_37' title="bbox 214 5195 1748 5293; baseline 0.003 -28"><span class='ocrx_word' id='word_1_378' title='bbox 214 5195 268 5266; x_wconf 86' lang='lat' dir='ltr'><strong>fico</strong></span> <span class='ocrx_word' id='word_1_379' title='bbox 292 5199 427 5271; x_wconf 91' lang='lat' dir='ltr'><strong>domino</strong></span> <span class='ocrx_word' id='word_1_380' title='bbox 454 5201 615 5273; x_wconf 83' lang='lat' dir='ltr'><strong>Johanne</strong></span> <span class='ocrx_word' id='word_1_381' title='bbox 650 5203 701 5273; x_wconf 87' lang='lat' dir='ltr'><strong>de</strong></span> <span class='ocrx_word' id='word_1_382' title='bbox 720 5201 1064 5293; x_wconf 82' lang='lat' dir='ltr'><strong>Olyeschnicza</strong></span> <span class='ocrx_word' id='word_1_383' title='bbox 1099 5202 1255 5291; x_wconf 88' lang='lat' dir='ltr'><strong>palatino</strong></span> <span class='ocrx_word' id='word_1_384' title='bbox 1283 5200 1554 5274; x_wconf 87' lang='lat' dir='ltr'><strong>Sandomiriensi</strong></span> <span class='ocrx_word' id='word_1_385' title='bbox 1581 5220 1748 5291; x_wconf 89' lang='lat' dir='ltr'><strong>germano</strong></span> 
     </span>
     <span class='ocr_line' id='line_1_38' title="bbox 214 5321 1750 5413; baseline 0.004 -28"><span class='ocrx_word' id='word_1_386' title='bbox 214 5323 318 5391; x_wconf 83' lang='lat' dir='ltr'><strong>nestro</strong></span> <span class='ocrx_word' id='word_1_387' title='bbox 331 5323 521 5394; x_wconf 86' lang='lat' dir='ltr'><strong>·carissimo</strong></span> <span class='ocrx_word' id='word_1_388' title='bbox 548 5323 707 5413; x_wconf 80' lang='lat' dir='ltr'><strong>repetita,</strong></span> <span class='ocrx_word' id='word_1_389' title='bbox 735 5324 873 5396; x_wconf 88' lang='lat' dir='ltr'><strong>habitis·</strong></span> <span class='ocrx_word' id='word_1_390' title='bbox 892 5323 1109 5412; x_wconf 85' lang='lat' dir='ltr'><strong>tractatibus,</strong></span> <span class='ocrx_word' id='word_1_391' title='bbox 1138 5321 1429 5412; x_wconf 88' lang='lat' dir='ltr'><strong>contemplatione</strong></span> <span class='ocrx_word' id='word_1_392' title='bbox 1454 5321 1569 5392; x_wconf 86' lang='lat' dir='ltr'><strong>laudis</strong></span> <span class='ocrx_word' id='word_1_393' title='bbox 1596 5321 1750 5409; x_wconf 73' lang='lat' dir='ltr'><strong>divinae,</strong></span> 
     </span>
     <span class='ocr_line' id='line_1_39' title="bbox 216 5441 1791 5547; baseline 0.004 -43"><span class='ocrx_word' id='word_1_394' title='bbox 216 5441 245 5506; x_wconf 87' lang='lat' dir='ltr'><strong>et</strong></span> <span class='ocrx_word' id='word_1_395' title='bbox 267 5445 307 5510; x_wconf 89' lang='lat' dir='ltr'><strong>ut·</strong></span> <span class='ocrx_word' id='word_1_396' title='bbox 325 5443 477 5515; x_wconf 85' lang='lat' dir='ltr'><strong>uberiori</strong></span> <span class='ocrx_word' id='word_1_397' title='bbox 493 5465 647 5547; x_wconf 28' lang='lat' dir='ltr'><strong>&#39;rrumero</strong></span> <span class='ocrx_word' id='word_1_398' title='bbox 671 5444 803 5514; x_wconf 85' lang='lat' dir='ltr'><strong>animas</strong></span> <span class='ocrx_word' id='word_1_399' title='bbox 834 5443 1090 5534; x_wconf 88' lang='lat' dir='ltr'><strong>preciosissimo</strong></span> <span class='ocrx_word' id='word_1_400' title='bbox 1123 5443 1289 5533; x_wconf 87' lang='lat' dir='ltr'><strong>sangvine</strong></span> <span class='ocrx_word' id='word_1_401' title='bbox 1319 5442 1512 5513; x_wconf 87' lang='lat' dir='ltr'><strong>Salvatoris</strong></span> <span class='ocrx_word' id='word_1_402' title='bbox 1547 5442 1658 5512; x_wconf 93' lang='lat' dir='ltr'><strong>nostri</strong></span> <span class='ocrx_word' id='word_1_403' title='bbox 1695 5459 1750 5511; x_wconf 91' lang='lat' dir='ltr'><strong>re·</strong></span> <span class='ocrx_word' id='word_1_404' title='bbox 1783 5451 1791 5510; x_wconf 90' lang='grc'><strong>’.</strong></span> 
     </span>
     <span class='ocr_line' id='line_1_40' title="bbox 106 5535 1750 5656; baseline 0.002 -27"><span class='ocrx_word' id='word_1_405' title='bbox 106 5535 108 5550; x_wconf 63' lang='grc'><strong>’</strong></span> <span class='ocrx_word' id='word_1_406' title='bbox 200 5549 355 5650; x_wconf 79' lang='lat' dir='ltr'><strong>&#39;demptas</strong></span> <span class='ocrx_word' id='word_1_407' title='bbox 390 5561 663 5654; x_wconf 87' lang='lat' dir='ltr'><strong>lucrifaciamus,</strong></span> <span class='ocrx_word' id='word_1_408' title='bbox 690 5587 753 5656; x_wconf 92' lang='lat' dir='ltr'><strong>pro</strong></span> <span class='ocrx_word' id='word_1_409' title='bbox 792 5571 930 5654; x_wconf 91' lang='lat' dir='ltr'><strong>nostro,</strong></span> <span class='ocrx_word' id='word_1_410' title='bbox 956 5564 1288 5655; x_wconf 83' lang='lat' dir='ltr'><strong>progenitorumque</strong></span> <span class='ocrx_word' id='word_1_411' title='bbox 1322 5565 1520 5634; x_wconf 89' lang='lat' dir='ltr'><strong>nostrorum</strong></span> <span class='ocrx_word' id='word_1_412' title='bbox 1546 5562 1750 5653; x_wconf 86' lang='lat' dir='ltr'><strong>praedeces-</strong></span> 
     </span>
     <span class='ocr_line' id='line_1_41' title="bbox 106 5671 1752 5778; baseline 0.005 -31"><span class='ocrx_word' id='word_1_413' title='bbox 106 5671 107 5722; x_wconf 38' lang='grc' dir='ltr'><strong>ἴ</strong></span> <span class='ocrx_word' id='word_1_414' title='bbox 218 5697 315 5753; x_wconf 88' lang='lat' dir='ltr'><strong>sorum</strong></span> <span class='ocrx_word' id='word_1_415' title='bbox 342 5684 492 5758; x_wconf 90' lang='lat' dir='ltr'><strong>remedio</strong></span> <span class='ocrx_word' id='word_1_416' title='bbox 520 5685 683 5777; x_wconf 88' lang='lat' dir='ltr'><strong>salutari,</strong></span> <span class='ocrx_word' id='word_1_417' title='bbox 710 5687 890 5760; x_wconf 87' lang='lat' dir='ltr'><strong>ecclesiam</strong></span> <span class='ocrx_word' id='word_1_418' title='bbox 917 5685 1149 5778; x_wconf 88' lang='lat' dir='ltr'><strong>parochialem</strong></span> <span class='ocrx_word' id='word_1_419' title='bbox 1184 5683 1303 5758; x_wconf 88' lang='lat' dir='ltr'><strong>Sancti</strong></span> <span class='ocrx_word' id='word_1_420' title='bbox 1329 5683 1502 5760; x_wconf 80' lang='lat' dir='ltr'><strong>lobannis</strong></span> <span class='ocrx_word' id='word_1_421' title='bbox 1529 5683 1698 5778; x_wconf 43' lang='lat' dir='ltr'><strong>Apostoli&gt;</strong></span> <span class='ocrx_word' id='word_1_422' title='bbox 1715 5689 1752 5756; x_wconf 92' lang='lat' dir='ltr'><strong>et</strong></span> 
     </span>
    </p>
   </div>
   <div class='ocr_carea' id='block_1_11' title="bbox 0 0 2270 6592">
    <p class='ocr_par' dir='ltr' id='par_1_12' title="bbox 0 0 2270 6592">
     <span class='ocr_line' id='line_1_42' title="bbox 0 0 2270 6592; baseline 0 0"><span class='ocrx_word' id='word_1_423' title='bbox 0 0 2270 6592; x_wconf 95' lang='lat' dir='ltr'><strong> </strong></span> 
     </span>
    </p>
   </div>
  </div>
 </body>
</html>
