4492 6592
512 719 584 791 358

379 921 384 928 “
453 911 457 918 ’
511 924 761 1017 possidendam,
789 925 866 994 dum
884 921 986 1012 pleno
1006 921 1159 992 dominio
1176 919 1339 1008 thelonei,
1356 890 1570 990 et'omnibns
1588 917 1794 1007 attinentiis,
1805 914 2058 1007 pertinentibus

427 1035 430 1046 ’
509 1048 616 1139 sylvis
643 1045 685 1117 ad
713 1045 867 1134 eandem,
894 1063 1003 1133 usque
1030 1043 1074 1114 ad
1101 1049 1211 1114 metas
1238 1040 1438 1131 Hungariae
1458 1053 1496 1112 se
1514 1040 1791 1129 extendentibus,
1808 1038 1940 1127 iinvbs,
1958 1039 2058 1127 pisca·

507 1169 608 1257 turis,
635 1166 787 1263 piscinis,
813 1165 978 1254 tabernis,
1007 1163 1221 1253 molendinis,
1248 1162 1370 1253 pratis,
1397 1163 1543 1252 pascois
1562 1168 1599 1233 et
1625 1161 1785 1232 omnibus
1811 1160 1897 1232 aliis
1915 1160 2056 1230 attineo

361 1357 366 1367 .
466 1350 469 1356 ,
508 1290 568 1362 tiis
583 1294 618 1360 et
631 1287 852 1379 pertinentiis
867 1287 1138 1376 quibuscumque
1157 1285 1353 1356 nominibus
1371 1287 1587 1372 censeantur,
1606 1283 1657 1354 ita
1675 1281 1767 1373 qnod
1784 1282 1921 1372 dictam
1939 1285 2057 1351 terram

507 1411 610 1482 liceat
637 1411 703 1482 sibi
730 1409 891 1497 vendere,
918 1413 1141 1497 commutare,
1168 1405 1308 1495 donare,
1334 1405 1461 1494 locare,
1488 1409 1524 1478 et
1550 1403 1707 1495 quolibet
1733 1403 1837 1474 modo
1866 1424 1891 1472 a
1917 1422 1957 1471 se
1983 1402 2057 1472 alie

508 1551 602 1606 nare.
629 1531 669 1602 In
697 1551 764 1622 qua
790 1535 886 1602 terra
913 1528 999 1600 nihil
1027 1527 1120 1598 aliud
1148 1528 1277 1598 nostris
1303 1525 1526 1597 succedaneis
1552 1525 1640 1596 iuris
1665 1525 1911 1615 relinquimus,
1930 1524 1996 1592 nisi
2012 1525 2057 1594 ius

508 1655 543 1724 in
571 1647 732 1724 solatium
760 1651 938 1742 praelatae
952 1652 1105 1720 'nostrae
1131 1648 1290 1736 coniugis
1325 1645 1559 1737 praedilectae
1584 1647 1763 1735 tuitionis,
1790 1643 2006 1716 defensionis
2029 1653 2057 1715 et

509 1773 797 1861 conservationis,
833 1777 872 1844 ut
907 1771 1080 1860 gratiosa¹
1097 1769 1252 1857 domina,
1286 1769 1316 1839 si
1352 1788 1416 1839 uos
1448 1767 1491 1839 de
1527 1768 1593 1838 boc
1619 1767 1798 1856 ergastulo
1825 1766 1947 1836 carnis
1973 1767 2058 1855 prins

509 1901 657 1968 vocante
683 1894 758 1965 Deo
794 1895 945 1982 migrare
981 1891 1183 1981 contigerit,
1210 1889 1344 1961 solatiis
1370 1889 1544 1979 delibuta,
1572 1909 1613 1959 ac
1639 1887 1814 1978 suffragiis
1844 1886 2005 1973 sunnin,
2028 1889 2058 1957 io

509 2036 697 2107 gravamen
734 2015 887 2106 ipsorum
924 2034 992 2103 quo
1020 2011 1172 2102 adiuvit,
1198 2017 1261 2081 ant
1286 2015 1366 2100 post
1392 2011 1523 2082 obitum
1552 2031 1652 2086 suom
1679 2016 1809 2081 terram
1839 2014 2089 2080 memoratam.

373 2119 380 2130 '
510 2137 655 2208 alterius
690 2137 804 2226 gentis
820 2193 822 2200 .
840 2155 907 2207 non
944 2131 1095 2224 applicet
1131 2132 1275 2224 popolo,
1303 2138 1365 2203 ant
1397 2130 1620 2210 aPolooica
1636 2133 1777 2217 natione
1803 2129 1958 2201 divellat
1980 2130 2057 2199 indi-

452 2269 457 2278 '
508 2265 632 2349 gnata,
659 2258 720 2330 sed
756 2275 891 2347 semper
926 2259 1083 2325 materno
1118 2252 1243 2324 allecto
1269 2273 1309 2323 ao
1327 2229 1404 2324 *fide
1431 2253 1583 2341 illibata,
1611 2262 1679 2343 qua
1706 2253 1793 2323 alias
1819 2272 1903 2323 oum
1930 2255 2055 2341 gentem

493 2379 742 2472 supradictam
781 2376 1046 2466 inviolabiliter,
1082 2374 1414 2464 immutabiliterque
1451 2374 1583 2463 nouit,
1618 2367 1728 2466 ipsam
1768 2377 1912 2462 gentem
1954 2371 2055 2442 conlo

509 2503 621 2576 vendo
648 2500 883 2574 indesinenter
909 2497 1024 2569 foveat
1049 2517 1146 2568 more
1172 2496 1296 2572 solitae
1322 2496 1474 2585 pietatis.
1500 2494 1550 2566 Ut
1576 2501 1690 2566 antem
1718 2496 1804 2566 llaec
1832 2500 1956 2565 nostra
1976 2495 2054 2579 irre

507 2624 678 2715 fragibiiis
705 2621 856 2710 donatio,
883 2619 952 2690 imo
981 2619 1098 2690 verius
1124 2608 1442 2707 incomparabiliter
1468 2617 1588 2687 minus
1609 2615 1783 2688 sufficiens
1809 2615 2052 2686 retributione

506 2742 799 2834 recompensatio,
826 2741 984 2812 obtineat
997 2739 1117 2810 robur
1143 2744 1332 2829 perpetuae
1359 2758 1400 2808 ac
1427 2737 1702 2809 inconcussibilis
1727 2737 1929 2825 firmitatis,
1955 2743 1990 2807 et
2013 2757 2049 2806 na

360 2889 363 2897 ’
505 2865 612 2957 aliqui
640 2864 826 2954 instigante
863 2862 987 2952 spiritu
1022 2860 1176 2932 malitiae
1212 2867 1248 2931 et
1274 2860 1469 2966 nequitiaej
1493 2859 1620 2930 timore
1646 2857 1713 2929 Dei
1740 2879 1889 2949 prorsus
1916 2859 2046 2946 abiecto,

507 2987 637 3078 pluries
664 2985 793 3056 dictam
820 2983 1003 3070 dominam,
1031 2981 1085 3052 vei
1113 2981 1389 3071 legitimos-'aius
1416 3000 1633 3051 successores
1660 2985 1889 3070 praesumant
1916 2978 2047 3065 iniuriis,

478 3109 563 3196 ,vel
591 3105 761 3178 molestiis
788 3103 1008 3194 quibuslibet,
1036 3102 1139 3174 modo
1162 3103 1321 3206 'quolibet
1348 3101 1502 3173 indebite
1528 3101 1704 3191 lacessire,
1730 3105 1954 3191 praesentem
1971 3100 2050 3189 pagi·

509 3249 589 3300 nam
616 3227 803 3317 superbis
830 3224 1016 3315 diligenter
1043 3223 1243 3314 coniectum,
1270 3223 1385 3314 sigillo
1412 3229 1534 3296 nostro
1560 3222 1704 3294 tonnus
1730 3221 1947 3294 communiri.
1974 3219 2049 3290 Acta

512 3354 593 3422 sunt
620 3350 706 3419 haec
741 3347 776 3418 in
795 3346 1010 3436 ‘Gorczyn
1047 3345 1131 3420 villa
1164 3351 1304 3436 nostra,
1332 3365 1421 3415 anno
1450 3346 1494 3415 ab
1520 3331 1758 3416 incarnatione
1784 3343 1928 3415 Domini
1959 3343 2048 3413 litt.

511 3477 610 3542 sexto
638 3467 757 3540 Nonas
784 3466 915 3558 Martii,
941 3467 1183 3557 praesentibus
1210 3467 1265 3537 bis
1293 3467 1444 3537 testibus
1471 3465 1684 3562 illustribus:
1711 3465 1946 3537 Oasimiro
1963 3463 2049 3566 (loia

471 3659 480 3668 .
511 3591 621 3664 viensi
657 3595 694 3660 et
728 3588 962 3677 Lanclcieusi,
998 3586 1235 3658 Zemovito
1271 3585 1485 3658 Mazoviensi
1521 3587 1683 3677 ducibus,
1719 3587 1946 3658 daonssio
1970 3583 2048 3655 Gne·

511 3713 629 3786 znensi
660 3709 858 3802 praeposito
895 3714 929 3780 et
965 3705 1172 3780 cancellario
1208 3688 1305 3779 ducis
1333 3707 1573 3800 casimiri,
1600 3708 1752 3789 Falcone
1778 3707 1995 3781 Gracovienai
2019 3709 2047 3774 et
2113 3762 2116 3771 .

341 3801 346 3818 ¹
403 3871 407 3877 ·
510 3832 782 3933 ¹Sandomiriensi
809 3821 1025 3925 cancellario,
1052 3849 1115 3919 per
1142 3830 1239 3900 ouius
1266 3848 1404 3931 manum
1432 3829 1744 3930 boc'privilegium
1770 3829 1891 3903 datum
1910 3835 1970 3918 est,
1987 3825 2045 3896 Ni·

511 3955 642 4028 colao
669 3949 904 4044 Craooviensi,
931 3951 1121 4042 Zegnevo
1149 3948 1435 4040 Sandomiriensi,
1464 3950 1695 4022 Abraham
1721 3951 1897 4042 palatinis,
1923 3950 2044 4037 Bogu-

375 4087 381 4094 “
512 4077 611 4148 slao
638 4073 919 4165 Sandomiriensi,
946 4073 1159 4146 Johanne
1187 4072 1232 4145 de
1258 4071 1457 4162 Geobor,
1484 4071 1735 4144 Bronissio
1762 4072 1805 4143 de
1834 4072 1977 4162 Byecz
2000 4089 2045 4137 ca·

511 4199 677 4288 atellanis,
705 4197 874 4269 Varsio
903 4193 1068 4286 dapifero,
1095 4193 1307 4266 Sulislao
1333 4214 1485 4285 aganone
1512 4193 1792 4284 Sandomiriensi,
1810 4200 1846 4266 et
1861 4189 1942 4264 'aliis
1958 4209 2043 4280 qoam

511 4319 669 4412 plurimis
697 4319 831 4392 clericis
858 4324 894 4391 et
921 4309 1019 4390 lalcis
1048 4317 1115 4388 ilde
1143 4315 1266 4406 dignis.
1592 4318 1595 4322 ’

568 4623 571 4630 .
618 4561 656 4634 in
687 4561 842 4635 nomine
882 4557 1034 4634 Domini
1071 4558 1193 4632 nostri
1230 4557 1326 4631 decu
1360 4553 1504 4631 christi
1542 4541 1679 4630 Arnen.
1711 4557 1922 4631 Abundante
1950 4554 2041 4628 bomi-

512 4703 593 4756 num
620 4683 772 4773 malitia,
799 4703 867 4755 oon
894 4687 1030 4754 tantum
1067 4701 1118 4771 ea,
1145 4691 1234 4772 quae
1259 4679 1302 4751 ad
1330 4679 1545 4752 commodum
1571 4680 1785 4770 mortalium,
1811 4676 2040 4751 verumetiam

512 4827 599 4898 quae
612 4805 670 4876 ad
698 4805 768 4876 vivi
796 4810 832 4874 et
859 4803 991 4875 aeterni
1019 4802 1084 4873 Dei
1112 4802 1199 4874 fiunt
1225 4801 1369 4892 gloriam
1397 4808 1433 4872 et
1460 4802 1627 4875 bonorem
1654 4801 1792 4891 saepius
1810 4801 2001 4886 infirmatur,
2015 4793 2039 4864 si

511 4949 580 4998 non
609 4927 740 5018 scripto
768 4926 913 5022 testium¹
938 4944 978 4995 ac
1004 4924 1204 4996 testimonio
1230 4923 1427 4994 litterarum
1455 4913 1679 5011 perhenniter
1705 4921 1851 5012 firmata
1878 4924 2037 5011 eapropter

511 5055 547 5121 et
574 5052 775 5140 praesentes
810 5047 971 5118 noverint
1008 5050 1044 5116 ot
1076 5042 1204 5133 loturi,
1240 5043 1321 5134 quia
1355 5063 1419 5114 nos
1454 5042 1760 5133 Kunegnndis
1786 5044 1909 5115 relicto
1933 5035 2037 5113 donini

390 5242 399 5252 ,
512 5169 723 5241 Boleslai
749 5167 858 5240 felicis
886 5154 1152 5255 recordationis,
1177 5165 1349 5256 quondam
1372 5164 1469 5235 ducis
1488 5163 1742 5254 cracoviae
1769 5172 1805 5236 et
1832 5140 2036 5236 Sandoni-

511 5291 611 5362 riae
638 5291 778 5363 domina
805 5295 840 5361 et
867 5289 1028 5380 princeps
1055 5287 1098 5358 de
1125 5286 1342 5375 Sandecz,
1360 5285 1438 5376 piae
1455 5268 1745 5357 considerationis
1762 5288 1933 5358 intuentes
1949 5279 2035 5365 ocula,

511 5419 701 5502 exactaque
729 5411 910 5501 diligentia
937 5396 1201 5500 perpendentee,
1227 5408 1313 5478 nibil
1342 5407 1428 5478 adeo
1455 5407 1622 5498 proficere
1646 5409 1682 5478 in
1700 5408 1759 5478 iiio
1777 5409 1957 5480 novissimo
1972 5421 2036 5473 era·

404 5565 409 5574 ¹
512 5533 602 5604 mine
631 5534 799 5622 districto,
825 5553 889 5604 nec
916 5551 1017 5621 posse
1044 5531 1216 5621 placatum
1242 5529 1356 5599 iacere
1375 5529 1472 5599 illum
1490 5529 1686 5600 districtum
1704 5530 1861 5620 indicem,
1879 5526 2034 5620 quiritem

513 5653 614 5724 iustis
650 5661 686 5724 et
722 5660 869 5726 mortem
896 5653 1011 5742 impiis
1038 5623 1323 5740 dat’aetemam,
1351 5656 1517 5741 quantum
1543 5671 1651 5739 opera
1677 5651 2033 5739 misericordiaeque
