4492 6592
345 710 348 716 ¹
480 773 556 847 464

479 971 755 1053 consiliariomm
783 980 1018 1069 variantibus,
1053 986 1090 1050 et
1116 980 1180 1051 lite
1208 980 1243 1051 in
1270 980 1411 1070 longum
1447 978 1514 1049 diei
1543 940 1716 1067 extracto,
1753 978 1899 1049 tandem
1934 976 2037 1047 unios

480 1102 629 1173 hominis
664 1100 846 1172 delirantis
882 1101 1071 1187 sententia,
1097 1123 1176 1191 -quo
1204 1097 1459 1170 Gasimirus
1496 1120 1559 1169 rex
1595 1120 1659 1189 pro
1697 1098 1831 1169 deliciis
1868 1104 2037 1186 tauquam

348 1244 352 1253 ⁴
481 1222 577 1293 iatuo
604 1222 775 1311 utebatur,
801 1228 946 1311 accepta
971 1226 1035 1310 est,
1062 1229 1100 1292 ut
1128 1220 1290 1293 videlicet
1317 1219 1353 1290 id
1379 1220 1627 1291 monasterium
1655 1220 1752 1309 prius
1778 1239 1852 1289 rem
1884 1218 2037 1288 divinam

479 1347 609 1433 agarum,
636 1342 801 1432 priusque
827 1348 969 1413 sonaret
994 1362 1177 1431 campana,
1193 1340 1298 1430 ¹(pund
1324 1341 1421 1429 prius
1447 1346 1484 1410 et
1512 1341 1623 1429 magis
1650 1345 1796 1411 mature·
1812 1339 2038 1432 surrexisset

481 1462 650 1534 adonius
677 1462 962 1534 consultationem
990 1468 1027 1533 et
1052 1464 1170 1553 regiae
1198 1461 1507 1557 interpretationis,
1535 1466 1571 1532 et
1598 1460 1874 1532 consiliariorum
1902 1459 2040 1530 directa

481 1589 537 1655 est
563 1583 763 1655 seutentia'
1946 1595 1948 1599 ’

587 1806 865 1879 monasterium
901 1805 1031 1880 Sancti
1064 1803 1281 1891 francisci,
1318 1808 1354 1877 iu
1390 1806 1612 1877 Gracoviensi
1648 1806 1735 1877 urbe
1762 1826 1783 1875 a
1810 1804 2039 1877 Boleslao

481 1926 655 1999 Pudico
681 1925 903 1999 Oracoriensi
928 1932 966 1999 et
992 1926 1263 1999 Saudomiriensi
1290 1926 1376 1997 duce
1402 1926 1583 1999 brodatum
1610 1932 1648 1997 et
1673 1930 1842 2014 erectum,
1869 1926 1906 1995 in
1936 1930 2039 2014 parte

458 2034 687 2119 'occidentali
713 2048 818 2121 situm
844 2055 908 2136 est,
934 2054 973 2120 et
996 2069 1100 2120 unam
1128 2047 1279 2137 plateam
1306 2048 1459 2119 civitatis
1486 2045 1726 2119 Oracoviensis
1741 2046 1820 2144 ,sihi
1838 2045 2040 2117 confronta-

488 2174 571 2256 tam,
597 2188 619 2239 a
644 2189 708 2239 suo
734 2168 872 2239 nomine
897 2166 1068 2255 braeaalro,
1095 2168 1204 2239 idest
1228 2168 1602 2256 bamumintitulavit3
1629 2174 1666 2239 et
1682 2168 1840 2257 quamvis
1857 2186 1923 2257 per
1942 2186 2041 2256 prae-

376 2343 380 2349 .
484 2288 593 2384 iatum
620 2288 886 2359 Boleslaom
922 2288 1139 2360 Pudicum
1175 2288 1298 2361 luisset
1333 2290 1368 2360 in
1395 2290 1504 2360 muris
1530 2294 1566 2359 et
1590 2289 1628 2359 in
1663 2288 1931 2360 beatitudinibus
1961 2308 2037 2358 con-

483 2414 709 2499 summatum,
736 2428 904 2499 campana
938 2415 1054 2481 tameo
1082 2430 1208 2512 magna
1234 2410 1325 2482 turri
1352 2410 1552 2483 monasterii
1580 2410 1760 2500 imposita,
1787 2415 1824 2480 et
1849 2409 1885 2479 in
1913 2408 2039 2480 diebus

374 2593 377 2597 Δ
485 2528 684 2600 solennibus
711 2505 859 2619 puisaia,
886 2528 973 2601 adeo
1000 2530 1181 2620 quatiebat
1207 2550 1323 2602 muros
1358 2530 1523 2602 eeclesiae
1550 2530 1618 2602 sibi
1644 2531 1797 2619 iunctos,
1823 2535 1865 2600 ut
1891 2550 1937 2601 ex
1967 2550 2036 2601 ma·

483 2650 576 2721 ximo
613 2654 711 2721 motu
742 2670 861 2721 ornnes
896 2651 1118 2722 testitudineo
1159 2651 1324 2723 caderent
1359 2672 1428 2721 una
1462 2657 1572 2723 nocte.
1617 2650 1766 2741 Propter
1801 2650 1894 2740 quod
1926 2650 2038 2721 veteri

481 2769 692 2840 monasterio
719 2771 754 2841 in
781 2790 908 2860 magna
942 2776 1042 2860 parte
1068 2771 1250 2861 demolito,
1276 2771 1431 2861 parietes
1457 2772 1561 2843 medii
1588 2778 1624 2842 et
1650 2772 1766 2861 paries
1794 2770 2031 2857 occidentalis,

483 2889 711 2981 eleemosynis
732 2889 891 2963 fidelium
917 2897 954 2963 et
978 2892 1185 2982 signanter.
1205 2946 1212 2961 .
1232 2946 1265 2961 ..
1292 2892 1526 2964 Klethnar
1553 2894 1756 2963 mercatoris
1783 2892 2035 2979 Gracomensis,

481 3011 573 3081 muri
599 3010 747 3100 praelati
773 3013 975 3109 monasterii
1001 3012 1045 3083 de
1072 3034 1162 3083 novo
1196 3012 1356 3085 fabricati
1384 3019 1483 3103 sunt,
1509 3019 1545 3085 et
1571 3013 1815 3085 monasterium
1843 3012 2035 3103 praelatum

459 3127 607 3220 'magna
632 3150 676 3204 ex
703 3137 805 3222 porte
831 3132 867 3203 iu
894 3133 967 3204 suis
993 3133 1249 3205 minationibus
1276 3132 1452 3205 relectum.

1000 3543 1503 3631 ZAWICHOS'l'ENSE.
1630 3635 1632 3641 ,

585 3764 811 3841 Secundum
841 3770 1118 3843 monasterium
1144 3768 1290 3867 ordinis
1311 3768 1503 3843 blinorum
1523 3772 1560 3843 in
1581 3770 1752 3843 dioecesi
1774 3768 2027 3845 Oracovisusi

478 3890 515 3959 iu
542 3888 670 3980 oppido
696 3891 1005 3961 sanctimonialium
1034 3891 1077 3962 de
1105 3890 1230 3962 Sancto
1258 3892 1399 3963 Andrca
1426 3892 1557 3963 ordinis
1585 3890 1731 3963 Sanctae
1758 3892 1882 3978 Clarae
1910 3894 1948 3963 in
1966 3892 2031 3963 Za-

337 4051 346 4057 -
479 4011 677 4082 wicbost
703 4012 828 4101 situm,
855 4012 946 4102 quod
974 4012 1077 4083 etiam
1107 4013 1356 4085 Bolcslaus
1383 4013 1585 4086 Pudicus
1612 4014 1853 4086 cracoviensis
1880 4020 1918 4085 et
1946 4014 2027 4085 San·

479 4131 699 4203 domiriensis
726 4133 814 4222 dux,
841 4139 878 4204 et
904 4134 1002 4224 regni
1030 4132 1195 4205 Poloniae
1230 4135 1416 4205 monarcha
1444 4156 1534 4207 annu
1562 4134 1701 4207 Domini
1734 4136 1831 4206 1257
1860 4136 1975 4207 erexit
2000 4140 2031 4205 et

478 4251 646 4342 fundavit,
674 4258 710 4323 et
737 4259 808 4323 tarn
829 4253 1016 4324 ecclesiam
1044 4254 1254 4345 monasterii,
1282 4276 1384 4345 quam
1412 4256 1657 4327 monasterium
1686 4262 1721 4326 et
1738 4277 1857 4327 omnes
1876 4254 2027 4327 officinas

480 4373 558 4443 eius
593 4395 635 4445 ex
664 4373 778 4445 coctili
814 4374 925 4446 latere
960 4358 1162 4464 fabricavit,
1191 4396 1278 4467 quae
1306 4378 1422 4447 omnia
1457 4376 1613 4449 videmus
1640 4377 1683 4448 ad
1710 4376 1846 4447 ruinam
1875 4396 2029 4467 magnam

478 4492 620 4564 redacta
646 4514 741 4582 esse3
767 4494 912 4566 fundato
931 4495 1102 4586 siquidem
1119 4502 1156 4567 et
1174 4495 1295 4567 dotato
1314 4496 1626 4568 sanctimonialium
1645 4496 1855 4583 monasterio
1875 4496 1910 4566 in
1930 4516 2023 4587 prae·
2138 4500 2140 4509 ’

442 4636 446 4651 ’
477 4615 555 4685 lato.
577 4614 705 4705 oppido
731 4615 1045 4706 Zawichosth,
1072 4621 1106 4688 et
1134 4616 1317 4689 aedificata
1352 4618 1511 4721 ecclesia
1533 4624 1570 4690 et
1596 4619 1806 4689 monasterio
1833 4639 1898 4708 pro
1916 4617 2025 4708 ,virgi-

477 4735 579 4807 nibus
615 4734 650 4806 iu
686 4734 851 4807 bonorem
889 4729 1036 4808 Sanctae
1071 4736 1297 4827 Helizabetb,
1334 4759 1474 4811 necesse
1511 4759 1647 4830 quoque
1683 4742 1760 4810 erat
1786 4738 1970 4811 aedificare
1995 4744 2027 4808 et

476 4861 681 4928 construere
708 4858 958 4929 monasterium
985 4858 1149 4949 riromm,
1176 4860 1321 4931 eandem
1356 4860 1511 4952 regulam
1538 4868 1574 4931 et
1601 4858 1756 4935 ordinem
1784 4860 2025 4957 professorum,

476 4980 535 5069 qui
563 4979 655 5068 apud
683 4998 821 5051 sorores
848 4985 885 5050 et
910 4979 1189 5053 sanctimoniales
1216 5002 1289 5052 rem
1317 4982 1467 5053 divinam
1501 4986 1663 5073 agerent,
1689 4988 1726 5053 et
1753 4981 2025 5053 sanctimoniales

475 5100 797 5173 Zawichostbenses
824 5101 860 5172 in
887 5122 971 5173 cura
997 5102 1187 5173 animarum
1216 5108 1251 5173 et
1277 5102 1578 5175 administratione
1606 5104 1839 5193 spiritualium
1869 5123 2024 5194 procura·

385 5271 388 5277 -
477 5228 575 5311 rent;
603 5244 692 5314 quae
719 5224 835 5295 omnia
870 5223 1024 5313 providit
1050 5222 1227 5313 praefatos
1263 5224 1512 5297 Bolcslaus
1540 5222 1761 5315 Pudicus‚
1789 5230 1825 5296 et
1852 5224 2024 5316 collegium

476 5344 655 5417 duodecim
682 5344 829 5416 fratrum
857 5344 989 5417 ordinis
1016 5344 1193 5417 Miuomm
1220 5346 1347 5418 ibidem
1375 5346 1537 5437 instituit,
1565 5352 1601 5418 et
1627 5352 1696 5417 tam
1717 5346 2021 5418 sanctimonialium

475 5467 732 5557 monasterium,
748 5470 864 5558 ‘quam
890 5466 1047 5556 fratrom,
1075 5468 1240 5541 calicibus
1258 5475 1295 5539 et
1312 5468 1536 5558 ornamentis,
1556 5468 1773 5558 caeterisque
1792 5466 1958 5541 clenodiis
1975 5488 2022 5537 ec·

475 5586 677 5659 clesiastiois
696 5589 860 5680 implevit.
879 5588 1050 5679 Quamdiu
1068 5596 1184 5661 autem
1203 5589 1325 5680 religio
1345 5590 1657 5662 sanctimonialium
1677 5590 1711 5660 in
1730 5588 1759 5660 Z
1769 5587 2021 5661 awicbostb

476 5705 626 5797 durarit,
652 5708 866 5799 praedictum
886 5732 1022 5803 quoqne
1040 5712 1286 5784 monasterium
1305 5712 1453 5784 fratrum
1473 5710 1648 5785 Miuomm
1667 5712 1703 5783 iu
1722 5711 1750 5782 Z
1760 5710 1906 5784 awicb
1917 5708 2020 5797 osth,
