4492 6592
410 683 664 762 .60'

468 891 569 966 uillas
596 910 714 964 omnes
740 889 815 962 eius
833 887 1032 962 describens
1059 907 1102 960 ex
1120 886 1269 978 nomine,
1296 887 1361 960 sub
1379 887 1580 978 praesentia
1606 883 1870 958 ttetbkonis
1897 877 2027 956 caste]-

467 1013 539 1085 lani
565 1011 821 1102 Saudeczensis,
848 985 1039 1100 Bogusa'li
1066 1008 1215 1101 dapiferi
1238 1008 1539 1098 Sandomiriensis,
1564 1006 1697 1080 Petri
1723 1006 1787 1078 tilii
1812 1006 2028 1078 Dirscbi·

467 1135 580 1225 kray
607 1133 850 1214 succamerarii
868 1130 1118 1222 Oracoviensis,
1145 1129 1381 1203 Sandonis
1407 1126 1875 1219 succamerarii,‘Kiliani
1903 1127 2028 1198 subin·

466 1255 567 1345 dicis,
593 1250 1378 1346 Przybyslai‘subdapiferi,Jobannis
1405 1251 1673 1341 subpincernae,
1699 1249 1933 1322 lobannis
1960 1246 2029 1318 tilii

466 1375 706 1466 Pacoslai,
732 1373 954 1446 Falconis
981 1373 1044 1444 filii
1070 1366 1344 1462 Michaelis,
1379 1371 1522 1462 speciali
1552 1370 1741 1462 privilegio
1764 1369 2028 1442 annoDomini

470 1490 585 1588 1254,
604 1496 711 1568 tertio
738 1491 907 1566 kalendas
932 1493 1029 1566 Junii
1048 1492 1230 1566 confirmat
1255 1499 1292 1564 et
1308 1493 1466 1581 libertat;
1492 1491 1549 1564 cui
1574 1491 1752 1564 Leszlro
1778 1490 1924 1580 Niger
1943 1488 2025 1560 dux

467 1599 725 1706 cracoviensis,
761 1614 1050 1687 Sandoniriensis
1086 1619 1123 1688 et
1157 1611 1367 1686 Siradiensis
1402 1613 1609 1703 succedens,
1653 1612 1951 1684 confirmationem
1987 1615 2028 1682 et

465 1739 662 1810 libertatem
689 1737 800 1827 ipsam
818 1734 976 1825 praefato
995 1735 1162 1807 coenobio
1189 1735 1225 1804 in
1243 1733 1471 1806 Gracovia
1497 1753 1620 1824 mens,
1646 1752 1738 1804 anno
1755 1731 1897 1804 Domini
1910 1731 2023 1802 1287

467 1860 628 1949 innovat,
663 1863 700 1929 et
727 1857 799 1929 suis
820 1833 953 1928 'litteris
980 1856 1178 1946 patentibus
1205 1854 1396 1928 confirmat
1436 1853 1654 1929 Nos-autem
1680 1855 1725 1928 ad
1751 1842 2026 1943 descriptionem

362 2071 367 2076 Ι
465 1979 626 2051 uillarum
659 1957 859 2050 reddituum
894 1983 1210 2068 proventuumque,
1246 1997 1335 2068 quas
1369 1982 1406 2048 et
1433 1997 1519 2068 quos
1546 1975 1741 2067 praefatum
1766 1973 2022 2046 monasterium

467 2087 726 2191 Swyerzinense
751 2100 788 2171 in
806 2120 870 2171 sua
896 2098 1009 2170 adbuc
1035 2098 1167 2170 ditione
1193 2098 1340 2188 retinet,
1365 2103 1407 2170 nt
1423 2097 1592 2189 efficatior
1617 2097 1755 2170 illorum
1782 2095 1874 2187 apud
1902 2099 2025 2185 poste·

466 2242 526 2292 ros
552 2221 664 2312 possit
688 2220 810 2292 haberi
838 2239 939 2309 cura,
966 2219 1119 2292 studium
1146 2224 1184 2291 et
1208 2219 1382 2315 provisio,
1408 2217 1618 2291 accedemus.

569 2341 851 2431 Zwuazrurncz,
877 2325 1127 2413 monasterium
1153 2340 1467 2414 sanctimonialium
1495 2339 1628 2411 ordinis
1654 2335 2023 2429 praemonstratensis,

466 2463 563 2532 iuxta
597 2459 738 2534 durium
774 2460 926 2551 Visla,
961 2461 1061 2532 iuxta
1095 2458 1368 2532 Gracouiam
1401 2458 1611 2532 Polonorum
1646 2459 1865 2550 metropolim
1902 2458 2023 2546 situm,

462 2582 581 2654 >coctili
608 2583 718 2654 latere
744 2602 807 2672 per
834 2581 908 2653 eiua
935 2581 1140 2672 primarium
1165 2579 1386 2653 fundatorem
1405 2635 1412 2651 .
1431 2634 1466 2651 ..
1496 2579 1714 2670 fabricatum,
1741 2586 1778 2651 et
1803 2570 1909 2668 rasis,
1936 2570 2024 2648 cali·

467 2704 574 2794 cibus,
601 2703 771 2792 crucibus,
799 2702 943 2792 casulis,
970 2701 1185 2792 caeterisque
1213 2701 1426 2774 ornamentis
1461 2701 1507 2772 ad
1533 2722 1608 2774 rem
1634 2702 1785 2774 dimnam
1812 2699 2034 2791 pertiuenti·‘

466 2825 531 2896 bus
558 2824 727 2914 dotatum,
753 2823 885 2894 babens
912 2821 1046 2912 aliquot
1072 2821 1183 2912 villas,
1210 2823 1275 2894 sub
1302 2843 1386 2894 cura
1411 2828 1449 2894 et
1465 2823 1634 2913 parocbia
1651 2844 1716 2896 sua
1733 2823 1811 2896 iure
1828 2820 2024 2912 parochiali

466 2945 510 3015 ad
537 2966 575 3016 se
603 2945 829 3035 pertinentes,
855 2943 989 3014 habens
1015 2943 1252 3033 praepositum
1280 2943 1414 3016 ordinis
1439 2945 1811 3034 praemonstratensis,
1836 2948 1879 3014 ut
1904 2946 2023 3030 caput,

440 3066 526 3156 'qui
560 3067 653 3155 gerit
689 3071 725 3135 et
761 3063 1072 3135 sanctimonialium
1105 3068 1143 3135 et
1176 3062 1325 3136 fratrum
1360 3071 1398 3136 et
1432 3066 1626 3138 animarum
1652 3066 1689 3138 iu
1715 3064 1958 3156 spiritualibus
1983 3067 2023 3132 et
2149 3154 2151 3160 A

466 3185 717 3275 temporalibus
744 3204 873 3273 curam,
900 3183 959 3274 qui
988 3183 1032 3256 ad
1059 3183 1239 3256 ecclesiam
1267 3186 1578 3258 sanctimonialium
1606 3170 1868 3258 atlracoriensi
1894 3183 2029 3256 eondr·'

467 3310 584 3375 matur
609 3309 646 3376 et
671 3305 859 3376 investitur
885 3305 1057 3395 episcopo,
1084 3309 1121 3378 et
1147 3325 1232 3376 cura
1256 3305 1307 3376 illi
1334 3306 1379 3377 ab
1405 3307 1527 3378 eodem
1553 3307 1781 3378 committitur
1807 3307 2021 3394 animarum;
2149 3310 2151 3323 '

383 3493 387 3500 ,
466 3425 572 3498 babet
607 3429 643 3496 et
678 3425 887 3497 abbatissam
924 3425 997 3496 sive
1032 3424 1253 3515 magistram,
1280 3445 1368 3516 quae
1394 3446 1513 3498 curam
1538 3427 1632 3518 gerit
1657 3447 1826 3499 sororum.
1843 3463 1850 3472 ·
1866 3426 2021 3498 Tenetur

435 3625 440 3634 ,
465 3551 579 3618 autem
607 3547 790 3637 opiscopus
817 3543 1057 3617 Oracoviensis
1084 3566 1148 3650 pro
1174 3550 1333 3637 tempore
1358 3567 1483 3620 curare
1508 3554 1547 3620 et
1572 3548 1765 3639 providere,
1791 3554 1833 3620 nt
1858 3549 1894 3618 in
1916 3568 2019 3637 prae-

466 3667 560 3742 dicto
595 3667 806 3738 monasterio
841 3686 941 3738 sacra
976 3668 1327 3756 praemonstratensis
1363 3675 1523 3745 serretur
1557 3675 1594 3740 et
1628 3669 1845 3740 custodiamr
1871 3667 2018 3758 religi03

465 3794 673 3878 teneturque
708 3808 751 3858 ex
786 3786 905 3859 debito
942 3787 996 3859 sui
1032 3785 1137 3860 officii
1171 3793 1244 3860 mm
1269 3787 1398 3861 iratres
1424 3809 1527 3880 quam
1554 3809 1693 3862 sorores
1719 3787 1869 3880 praefati
1894 3809 2015 3890 mona-

464 3909 563 3980 sterii
589 3909 767 3998 incapite
794 3913 831 3979 et
857 3909 892 3979 in
919 3909 1082 3981 membris
1109 3909 1263 4000 visitare,
1281 3915 1318 3982 et
1334 3909 1528 3984 deformata
1545 3911 1730 4000 corrigere.
1757 3909 2017 3983 circumdatum
2068 3978 2071 3982 s

464 4036 519 4101 est
554 4033 668 4102 summ
705 4029 798 4101 omni
835 4035 1005 4121 exparte
1031 4031 1282 4104 monasterium
1309 4031 1503 4122 praefatum
1528 4053 1648 4123 muro,
1674 4037 1712 4104 et
1737 4027 2017 4104 maetiumnialec

436 4151 750 4258 quemadmodum
785 4170 829 4222 ex
859 4151 981 4241 regula
1015 4156 1198 4242 tenentur,
1224 4151 1290 4225 sub
1326 4152 1487 4225 clausura
1511 4152 1661 4243 degunt,
1688 4153 1817 4226 babent
1843 4151 2018 4224 domicilia

346 4319 357 4328 a·
464 4272 579 4361 lignea
605 4277 642 4342 et
670 4269 833 4361 officinas,
861 4291 937 4342 cum
963 4277 1107 4363 possent
1133 4273 1256 4343 baberi
1282 4274 1428 4364 coctilia,
1455 4274 1596 4365 explent
1614 4295 1751 4366 qnoque
1777 4295 1862 4347 voce
1888 4294 2018 4371 sonpra

465 4397 501 4462 et
526 4407 613 4463 rem·
627 4392 778 4463 divium
805 4397 842 4462 et
868 4391 972 4462 boras
999 4391 1153 4482 singulas
1179 4397 1368 4484 nocturnas
1394 4401 1432 4466 et
1458 4395 1610 4468 diurnas.
1680 4467 1685 4475 ,
2062 4369 2069 4380 ’

462 4528 467 4538 ’
569 4511 886 4602 Zwrsmzrurscz,
922 4495 1006 4584 'villa
1040 4513 1104 4584 sub
1140 4514 1307 4603 parochia
1340 4516 1541 4588 monasterii
1575 4515 1845 4608 Swyerzineusis
1871 4516 2015 4588 situla

466 4653 535 4723 qua
560 4638 643 4704 sunt
668 4633 761 4704 lanei
788 4632 1030 4724 cmetbonales,
1057 4639 1094 4704 et
1121 4635 1268 4732 quilibet
1288 4635 1393 4708 solvit
1408 4657 1512 4710 unam
1530 4658 1607 4710 cum
1624 4637 1740 4710 media
1755 4657 1900 4710 marcas
1925 4636 2015 4709 Item

444 4753 720 4848 ‚ova-triginta,
747 4753 829 4826 item
856 4748 967 4842 gallos
994 4753 1100 4844 duos,
1126 4755 1210 4826 item
1237 4776 1356 4828 caseos
1382 4757 1488 4847 do0s3
1523 4759 1608 4831 item
1634 4759 1773 4830 laborat
1799 4759 1947 4850 quilibet
1971 4758 2016 4830 de

464 4875 564 4946 laneo
600 4894 705 4946 unum
741 4874 831 4946 diem
866 4873 1008 4964 proprio
1044 4893 1150 4946 curru
1184 4882 1246 4948 aut
1271 4883 1408 4970 aratro,
1433 4879 1518 4950 item
1537 4877 1741 4974 modom,
1766 4881 1850 4952 item
1877 4899 2016 4974 oaszyep

464 4997 605 5068 solvunt
631 4995 788 5087 siliginis,
815 4996 898 5067 item
925 4995 1074 5066 taberna
1100 4997 1194 5067 circa
1218 4991 1602 5090 Ostrriganszam
1628 5001 1760 5073 babens
1778 5000 2016 5090 agnoscebit

464 5116 550 5189 duas
577 5137 721 5196 marcas.
747 5117 834 5188 Item
861 5115 1082 5194 hortulaniae
1109 5121 1242 5207 septem
1260 5117 1428 5191 babentes
1445 5141 1559 5211 agros,
1577 5120 1724 5211 quilibet
1741 5121 1847 5192 solvit
1863 5121 2014 5192 mediam

457 5231 624 5310 marcam.
651 5238 738 5352 Item
764 5236 1008 5328 molendinum,
1035 5237 1128 5309 circa
1157 5240 1403 5311 monasterinm
1438 5241 1543 5313 solvit
1575 5247 1750 5313 metretas.
1789 5241 1879 5312 Item
1914 5261 2016 5332 prae-

465 5358 559 5429 dium
586 5365 642 5431 est
668 5358 880 5448 coenobiale,
903 5358 946 5429 de
973 5379 1042 5449 quo
1069 5359 1156 5430 nulli
1183 5359 1288 5432 datur
1317 5360 1451 5432 decima
1480 5340 1715 5452 manipularis,
1746 5362 1808 5434 sed
1839 5369 2014 5434 monaste

459 5479 555 5562 ¹rium
574 5499 650 5550 eam
672 5501 736 5569 pro
763 5503 801 5552 se
828 5479 931 5552 tollit.
957 5479 1045 5552 Item
1068 5501 1188 5554 omnes
1205 5482 1282 5570 agri
1300 5483 1403 5552 villae
1420 5482 1613 5555 solvnutet
1631 5481 1829 5554 conducunt
1845 5482 2014 5554 decimam
