4492 6592
1647 793 1653 802 ⁸
1682 809 1755 880 315

299 1002 514 1094 Kosszruo,
550 1005 633 1078 villa
660 1007 725 1078 sub
752 1007 916 1097 parochia
945 1007 1111 1078 ecclesiae
1139 1007 1218 1080 olim
1247 1007 1365 1080 Sancti
1392 1007 1566 1101 Mauritii,
1602 1033 1691 1084 nunc
1717 1014 1761 1085 de

179 1122 390 1196 Borowa
424 1111 467 1197 ad
502 1126 642 1197 fluvium
690 1125 894 1199 Tuczina
928 1128 1015 1216 sita,
1060 1133 1097 1198 et
1133 1149 1197 1217 ρετ
1232 1129 1498 1201 Boleslanm
1534 1129 1759 1205 Pudicum

179 1243 313 1315 dnoenr
345 1247 558 1318 monasterio
594 1246 710 1318 Sancti
739 1247 900 1350 hndreae
927 1247 1074 1336 donata,
1114 1248 1159 1319 ad
1186 1251 1282 1320 cuius
1309 1251 1559 1340 proprietatem
1586 1257 1623 1322 et
1648 1251 1759 1324 domi·
1871 1313 1882 1326 .
1989 1288 1994 1298 =

181 1364 284 1434 nium
316 1366 484 1454 pertinet.
506 1357 563 1437 'In
593 1387 660 1456 qna
697 1373 778 1438 snut
815 1369 964 1458 quinque
999 1368 1091 1439 lanei
1120 1368 1372 1459 cmethonales,
1410 1377 1446 1441 et
1472 1372 1621 1462 quilibet
1653 1374 1758 1445 subit

182 1503 250 1574 pro
291 1504 405 1558 censu
442 1507 547 1558 uuum
573 1485 762 1577 fertonem,
798 1489 946 1578 triginta
973 1509 1055 1576 ove,
1092 1487 1180 1560 duos
1204 1489 1334 1579 gallos,
1370 1491 1454 1561 item
1481 1498 1631 1581 quatuor
1657 1513 1757 1572 coros

182 1624 341 1694 avenae,
371 1613 445 1678 tres
464 1607 628 1696 siliginis,
656 1627 839 1679 mensurae
857 1607 1041 1680 confertae.
1077 1607 1165 1696 item
1184 1609 1382 1680 cmetboues
1406 1610 1568 1681 laborant
1585 1611 1758 1701 duplicem

176 1722 377 1816 pomabam
393 1745 458 1816 pro
477 1747 559 1798 vere
577 1734 612 1799 et
630 1732 772 1800 aestate.
800 1727 888 1799 Item
912 1734 966 1798 est
983 1728 1031 1798 ibi
1050 1728 1198 1799 taberna
1214 1729 1347 1799 habens
1364 1749 1486 1819 agros,
1513 1737 1549 1800 et
1566 1731 1673 1802 solvit
1690 1752 1755 1822 pro

184 1863 295 1914 censu
317 1863 427 1919 unam
455 1866 671 1935 sexagenum.
715 1847 803 1919 Item
823 1853 904 1919 sunt
921 1853 1071 1937 quatuor
1096 1847 1316 1934 hortulauiae
1333 1849 1502 1920 habentes
1528 1869 1642 1939 agros.
1667 1850 1757 1922 Item

185 1971 271 2034 sunt
299 1963 378 2036 duo
394 1965 590 2037 molendina
608 1967 643 2038 in
662 1967 801 2038 flumine
828 1966 999 2038 Thuczi
1010 1989 1032 2038 u
1043 1987 1081 2057 a,
1109 1967 1273 2038 babentia
1291 1987 1403 2058 agros,
1431 1975 1467 2041 et
1485 1990 1592 2056 upum
1609 1969 1754 2042 interius
1859 1969 1863 1976 '

186 2082 298 2154 solvit
339 2091 491 2174 quatuor
526 2105 678 2176 marcas,
714 2087 806 2178 quod
842 2087 972 2158 dicitur
1004 2086 1262 2177 Szgrzebni
1298 2088 1428 2178 mlin,
1466 2089 1560 2160 aliud
1588 2090 1757 2178 superius,

188 2204 283 2293 quod
313 2204 448 2278 dicitnr
474 2193 740 2297 Mniseh'eh,
765 2207 870 2280 solvit
896 2228 1000 2279 unam
1028 2227 1245 2298 sexagenum.
1285 2209 1373 2280 item
1402 2209 1584 2299 praedium
1612 2210 1660 2280 ibi
1688 2231 1756 2280 non
1846 2291 1850 2297 ⁴
1994 2195 2000 2204 ’

188 2330 243 2394 est
271 2325 429 2416 aliquod.
469 2325 555 2398 Item
574 2347 693 2400 omnes
712 2329 787 2418 agri
806 2329 1042 2423 ometbonum,
1069 2330 1251 2419 tabernae,
1278 2328 1554 2402 hortulaniarurn
1573 2334 1610 2400 et
1626 2330 1756 2407 molen-

190 2445 377 2536 dinorum,
405 2448 546 2519 solvunt
572 2447 738 2520 decimam
765 2449 1033 2539 manipularem,
1062 2455 1098 2521 et
1125 2469 1189 2539 per
1215 2456 1364 2539 quatuor
1390 2450 1528 2540 ierugas
1555 2450 1756 2540 cauapalem

190 2566 428 2639 scholastriae
453 2567 737 2660 Sandomiriensi,
760 2576 801 2651 ¹et
818 2575 982 2642 tenentur
1000 2569 1093 2641 illam
1112 2571 1264 2661 propriis
1287 2571 1446 2644 curribus
1464 2569 1591 2642 ducere
1617 2572 1654 2642 in
1671 2571 1755 2644 bor-

191 2708 290 2758 reum
321 2709 345 2759 a
374 2689 580 2762 scholastico
607 2690 803 2780 locandum,
830 2697 867 2763 et
893 2691 991 2762 valor
1018 2693 1224 2763 aestimatur
1249 2691 1293 2762 ad
1321 2711 1382 2769 sex
1409 2704 1575 2763 marcas'
1594 2689 1754 2770 mutuat

192 2827 269 2878 uum
299 2807 398 2880 villis
424 2808 651 2901 Mniszelr,
679 2808 1023 2901 Goscziradow,
1060 2811 1240 2900 Borow,
1267 2809 1420 2902 Opolra
1446 2818 1482 2882 et
1508 2809 1757 2884 Janiszow.

303 2928 522 3020 Tenemus,
562 2931 645 3002 villa
671 2932 735 3003 suh
763 2932 929 3022 parocbia
964 2929 997 3002 S.
1024 2929 1184 3004 Mauritii
1210 2931 1254 3002 de
1280 2931 1577 3003 Zawichosth
1613 2927 1700 3021 hta,
1736 2953 1758 3002 a

195 3047 298 3120 fluvio
327 3049 568 3123 'l'huczina
603 3052 701 3122 iuxta
729 3072 829 3142 quem
857 3053 926 3124 sita
953 3057 1024 3141 est,
1060 3053 1266 3160 uocabulum
1293 3053 1435 3141 sortita,
1471 3057 1508 3123 et
1533 3071 1597 3141 ρετ
1623 3051 1757 3122 ΒοΙε-

192 3168 342 3240 slanru
374 3169 592 3244 Pudicnm
620 3172 741 3243 ducem
768 3178 804 3244 et
831 3173 1054 3246 monarcham
1082 3159 1182 3263 requi
1209 3171 1376 3243 Poloniae
1403 3173 1616 3244 monasterio
1643 3169 1755 3242 Zaui·

198 3291 376 3362 chostensi
403 3293 555 3382 donata,
571 3291 614 3363 ad
642 3293 740 3364 cuius
767 3293 1015 3384 proprietatem
1044 3300 1080 3367 et
1107 3292 1295 3364 dominium
1323 3292 1486 3383 pertinet

300 3410 524 3485 Notandum
554 3419 679 3514 autem,
707 3412 800 3504 qnod
818 3414 902 3486 villa
919 3413 1075 3505 praelata
1102 3413 1361 3501 Thascius,
1389 3411 1470 3483 licet
1493 3411 1581 3482 alias
1600 3419 1638 3483 et
1655 3431 1757 3502 prae-

199 3531 316 3602 sertim
345 3539 430 3604 tnnc
457 3553 533 3604 cum
560 3532 626 3606 luit
652 3534 782 3605 donata
799 3536 1011 3606 monasterio
1029 3533 1309 3621 Zawichostensi,
1336 3538 1430 3604 esset
1449 3531 1571 3622 locata,
1598 3533 1759 3603 habitata

200 3658 234 3721 et
260 3651 366 3742 culta,
393 3673 457 3744 per
482 3651 681 3744 trequentes
708 3661 823 3726 tamen
849 3675 1004 3745 guerras
1031 3659 1067 3724 et
1093 3652 1308 3744 irruptiones
1331 3651 1564 3722 clandestinas
1590 3657 1627 3722 et
1653 3670 1754 3740 aper-

200 3777 252 3841 tas
278 3773 427 3880 hostiles
454 3780 490 3844 et
517 3774 727 3864 barbaricas,
753 3775 820 3848 luit
846 3775 881 3845 in
908 3779 1021 3845 totum
1048 3773 1236 3861 desertata,
1264 3778 1297 3841 et
1326 3771 1413 3842 adeo
1440 3770 1584 3842 redacta
1610 3771 1646 3840 in
1675 3769 1757 3841 soli·
1812 3815 1818 3827 ι

200 3892 373 3983 tudinem,
408 3899 447 3964 ut
474 3915 593 3965 omnes
620 3895 696 3984 agri
723 3893 849 3965 consiti
876 3893 991 3964 forent
1017 3893 1178 3964 maximis
1205 3891 1415 3981 quercubus,
1450 3909 1490 3959 ac
1516 3890 1552 3960 in
1578 3889 1665 3977 loco,
1692 3889 1753 3959 ubi

203 4013 372 4102 quondam
400 4014 458 4104 pia
485 4014 588 4085 villae
615 4015 781 4087 extabant
808 4007 973 4103 culmina,
1009 4012 1272 4084 heremitorium
1309 4009 1529 4097 conderetur,
1569 4009 1605 4078 in
1633 4027 1750 4098 quoa

204 4133 309 4204 servis
336 4134 403 4206 Dei
431 4133 501 4205 illic
527 4135 784 4225 habitantibus,
811 4135 907 4206 loeus
934 4123 1198 4223 Mnisobek,
1239 4131 1297 4221 qni
1325 4130 1369 4200 ab
1395 4129 1512 4201 accola
1537 4129 1669 4210 heremi
1697 4127 1749 4198 iu-

204 4252 428 4345 hnbitaretnr,
456 4255 600 4332 vocitari
619 4261 760 4346 coeptus
787 4261 850 4346 est,
877 4255 1083 4344 nomineque
1101 4250 1211 4343 priori
1229 4251 1416 4322 obliterato
1435 4255 1471 4320 et
1489 4249 1626 4338 amisso,
1644 4246 1756 4318 Mni-

205 4375 339 4446 achelr
369 4377 404 4446 in
432 4375 714 4466 praesentiarum
736 4381 898 4466 vocatur,
924 4376 1061 4466 iamque
1088 4374 1160 4445 illic
1185 4379 1332 4464 propter
1356 4369 1625 4442 foecunditatem
1654 4389 1755 4457 agro-

207 4513 286 4583 rum,
313 4498 350 4567 in
377 4497 472 4586 agris
499 4497 652 4588 antiquis
679 4501 716 4568 et
741 4497 777 4568 iu
804 4495 1040 4568 nova'radice
1066 4494 1212 4567 excultis
1239 4492 1322 4565 villa
1358 4489 1604 4562 Mnischeh
1642 4489 1757 4560 locata

209 4620 266 4703 est,
300 4616 342 4687 de
380 4617 510 4707 quain
538 4593 715 4707 praesenti
748 4617 899 4706 registro
935 4617 970 4686 in
998 4614 1220 4687 inferioribus
1255 4613 1360 4701 locis,
1394 4611 1554 4682 latiorem
1589 4608 1755 4680 iaciemus

209 4731 478 4828 descriptionem,
506 4757 608 4829 quam
637 4737 693 4808 hic
718 4736 834 4808 tacere
862 4737 1062 4810 omittimus.

307 4857 457 4930 Uersus
478 4913 614 4930 ......

307 4977 508 5069 Ouonrrow,
536 4979 619 5050 villa
636 4979 700 5080 suh
720 4979 885 5070 parochia
903 4976 945 5048 de
973 4978 1100 5068 Luny
1113 4997 1175 5060 ou
1200 4976 1237 5046 iu
1263 4976 1342 5065 ripa
1367 4974 1529 5046 Vislae
1556 4973 1633 5063 situ,
1659 4969 1755 5044 cuins

213 5099 397 5186 proprietas
425 5099 469 5170 ad
496 5099 776 5171 sanctimoniales
804 5098 922 5170 Sancti
952 5097 1114 5170 Andreae
1140 5097 1185 5167 de
1211 5094 1442 5167 Gracoria
1468 5094 1622 5184 pertinet
1639 5099 1676 5164 et
1694 5114 1757 5182 per

215 5211 472 5292 Boleslanm
500 5218 717 5316 Pudicam
744 5219 842 5309 regui
871 5217 1036 5290 Poloniae
1063 5218 1184 5290 ducem
1203 5215 1416 5286 monasterio
1443 5211 1754 5284 sanctimonialium
1869 5233 1898 5269 ’κ

186 5327 191 5334 ’
218 5332 532 5442 Zawichostensiuru
559 5341 706 5430 donata,
742 5341 777 5411 in
804 5340 1007 5438 inundatione
1034 5347 1070 5409 ct
1096 5337 1326 5408 translatione
1363 5333 1518 5405 eiusdem
1545 5333 1757 5405 monasterii.

217 5453 252 5524 lu
277 5479 341 5549 qua
367 5467 448 5534 suut
474 5463 565 5534 lanei
593 5462 826 5533 cmethonales
845 5513 1012 5547 .......
1039 5460 1122 5529 itern
1150 5457 1275 5546 gallos,
1302 5457 1386 5527 item
1413 5475 1488 5542 ova,
1515 5455 1598 5524 item
1626 5473 1756 5542 caseos3
1899 5507 1906 5517 .

219 5573 294 5648 item
317 5583 471 5673 taberna,
498 5585 581 5654 item
608 5582 794 5670 hortulani,
822 5583 905 5653 item
932 5579 1123 5669 praedium.
