4492 6592
1668 761 1749 842 351„

182 951 281 1030 Item'
306 958 474 1032 laborant
509 965 545 1030 et
570 965 673 1032 arant
699 981 801 1052 agros
828 961 1041 1052 praedieles,
1077 983 1142 1054 pro
1176 984 1257 1036 0000
1284 969 1321 1035 01
1347 965 1478 1054 hyeme.
1522 964 1611 1036 Item
1636 987 1743 1057 unum

181 1099 345 1170 grossum
374 1101 439 1170 pro
462 1101 566 1152 cnrrn
592 1080 773 1174 lignorum.
814 1083 902 1154 Item
929 1082 972 1154 de
991 1083 1149 1156 omnibns
1176 1084 1270 1174 agris
1297 1084 1445 1156 solvitur
1471 1084 1606 1158 decima
1631 1087 1742 1158 mani·

181 1199 334 1290 pularis,
373 1207 411 1274 et
436 1201 613 1274 inducitur
648 1202 1166 1295 0000010000000000010001,
1201 1204 1300 1276 cuius
1335 1203 1433 1276 valor
1466 1206 1672 1299 aestimatur
1697 1206 1744 1280 ad

183 1343 243 1394 sex
269 1341 421 1395 marcas.
461 1321 621 1396 Oonfimt
648 1344 725 1396 cum
753 1375 895 1395 ......

287 1440 552 1546 Sauerrione,
588 1443 689 1554 01110Ι
714 1445 779 1516 sub
814 1445 981 1535 parochia
1007 1445 1173 1517 ecclesiae
1200 1405 1245 1518 de
1269 1445 1629 1520 Jacnblronicze
1656 1449 1743 1538 sita,

184 1561 283 1633 culus
311 1563 514 1653 proprietas
540 1554 577 1636 et
599 1563 788 1636 dominium
815 1564 860 1636 ad
887 1565 1168 1640 sanctimoniales
1193 1567 1355 1656 pertinet.
1390 1566 1432 1638 In
1458 1586 1528 1658 qna
1553 1573 1635 1640 sunt
1660 1589 1744 1658 qna-

183 1687 262 1752 tuor
298 1681 396 1752 lanei
432 1684 681 1773 emethonoles,
716 1690 752 1756 et
788 1705 934 1776 quornm
971 1685 1076 1758 solvit
1111 1705 1200 1758 unus
1226 1685 1411 1776 fertonem,
1446 1692 1483 1758 et
1508 1687 1597 1782 alius
1623 1686 1743 1760 decern

184 1821 348 1891 grossos,
377 1803 461 1876 item
489 1802 576 1876 dnos
601 1803 730 1896 gallus,
765 1805 848 1878 item
875 1806 999 1896 viginti
1026 1826 1108 1896 000,
1144 1807 1228 1878 item
1259 1805 1346 1878 dnos
1372 1826 1511 1896 caseos,
1546 1808 1630 1878 item
1655 1807 1743 1879 nihil

106 1971 107 1978 κ
185 1923 360 2012 10100001,
389 1924 473 1996 item
498 1946 614 2020 ousaep
640 1925 743 2014 dant,
771 1923 918 2018 quilibet
945 1947 1049 1998 unam
1066 1926 1215 2018 siliginis
1241 1932 1279 1998 et
1295 1926 1381 2010 duas
1407 1947 1540 2002 avenae
1565 1947 1745 2000 mensuras

186 2042 385 2135 confertas,
420 2049 457 2116 01
484 2050 632 2136 quatuor
665 2027 820 2136 grossos,
855 2047 939 2120 item
975 2047 1151 2120 hortulani
1186 2052 1380 2138 nunaunt,
1415 2047 1498 2120 item
1525 2065 1594 2120 000
1620 2052 1676 2121 001
1696 2048 1747 2120 111

186 2164 335 2236 1010000
363 2165 531 2238 00000111.
571 2165 657 2238 Item
693 2171 747 2240 est
772 2167 822 2240 ibi
855 2188 945 2242 unus
981 2167 1166 2258 scultetus,
1204 2169 1337 2240 habens
1363 2187 1470 2243 uuum
1495 2163 1633 2240 laneum
1658 2168 1746 2240 libe·

188 2305 278 2374 rom,
305 2284 394 2356 item
421 2285 529 2358 hahet
563 2305 670 2358 unum
704 2286 947 2360 molendinum.
986 2287 1074 2360 Item
1110 2293 1165 2360 est
1187 2308 1260 2387 nna
1282 2289 1432 2360 taberna
1463 2287 1621 2378 scolteti,
1657 2307 1746 2379 quae

187 2405 290 2476 solvit
309 2459 481 2478 .......
499 2406 587 2478 Item
605 2428 711 2482 unum
737 2407 971 2482 molendinum
997 2409 1144 2481 scolteti
1182 2409 1270 2482 11010
1296 2408 1431 2482 decima
1454 2407 1682 2502 manipularis
1707 2413 1744 2479 et

188 2526 368 2618 canapelis
402 2527 550 2600 solvitur
584 2533 621 2618 et
655 2527 876 2628 conducitur,
912 2529 955 2602 de
994 2530 1153 2602 omnibus
1188 2530 1282 2620 agris
1318 2529 1440 2620 011100,
1483 2547 1549 2620 000
1582 2529 1745 2620 episcopo

191 2645 723 2738 (10000010001,01001000100
750 2649 954 2727 aestimatur
981 2649 1026 2722 ad
1053 2669 1114 2724 sex
1141 2669 1285 2722 marcas.
1398 2729 1404 2740 ,

106 2749 107 2752 ¹
292 2766 443 2840 Wonrn
470 2768 705 2860 Sensimus,
732 2770 816 2842 villa
841 2769 905 2844 snb
932 2771 1099 2866 parochia
1124 2770 1289 2844 ecclesiae
1316 2763 1748 2861 1010000100,ογ000

106 2934 107 2938 κ
193 2889 275 2977 sita,
312 2891 414 2960 ouius
448 2890 646 2980 proprietas
681 2889 726 2962 ad
753 2890 1031 2964 sanctimoniales
1066 2891 1228 2982 pertinet
1266 2890 1308 2962 In
1334 2909 1404 2980 qua
1436 2895 1520 2967 sunt
1554 2896 1629 2968 tres
1654 2889 1748 2964 lanei

194 3009 447 3100 emethonales,
483 3009 526 3082 de
553 3010 678 3102 quihus
714 3063 871 3100 .......
898 3011 980 3082 item
1007 3012 1132 3101 viginti
1158 3031 1238 3100 000,
1273 3011 1357 3081 item
1392 3009 1479 3087 duos
1504 3009 1635 3100 gallos,
1661 3011 1750 3082 item

194 3127 278 3200 duos
306 3151 442 3222 caseos,
469 3131 552 3202 item
580 3131 667 3204 nihil
693 3131 863 3206 laborant.
908 3132 996 3204 Item
1023 3153 1141 3227 oaeyep
1167 3131 1261 3220 dant,
1288 3130 1435 3222 quilibet
1460 3150 1564 3203 unam
1590 3129 1749 3235 siliginis,

195 3255 228 3320 et
246 3249 334 3322 duas
363 3271 493 3324 avenae
521 3271 701 3324 mensuras
729 3251 916 3342 confertas,
942 3258 978 3324 et
996 3258 1147 3343 quatuor
1171 3271 1323 3344 grossos.
1362 3251 1450 3324 Item
1475 3250 1653 3322 hortulani
1680 3270 1750 3321 nun

195 3377 289 3460 sunt,
322 3372 411 3445 item
435 3373 581 3476 taberna
614 3395 683 3444 non
718 3379 781 3444 est
820 3373 910 3446 Item
944 3373 1181 3446 molendinmn
1382 3371 1471 3444 Item
1497 3375 1552 3442 est
1577 3372 1627 3442 ibi
1654 3369 1748 3442 idem

197 3492 380 3582 scoltetnS,
416 3493 540 3584 quiet
573 3494 610 3564 10
646 3491 901 3566 Stanlrowa
941 3494 1029 3566 Item
1065 3494 1199 3566 decima
1232 3491 1457 3583 manipularis
1492 3496 1528 3564 et
1563 3491 1751 3583 smapolis,

199 3611 343 3686 solvitur
371 3619 407 3686 et
433 3613 637 3686 conducitur
663 3613 706 3686 de
733 3615 892 3687 omnibns
919 3615 1013 3706 agris
1040 3615 1144 3688 villae
1171 3668 1285 3684 .....
1326 3611 1488 3686 Gonfinat
1513 3632 1591 3684 cnm
1610 3665 1751 3681 ......
1900 3668 1904 3677 .

299 3721 585 3825 110Αο000000,
613 3735 695 3806 villa
721 3735 854 3808 habens
881 3735 916 3806 in
945 3755 982 3808 se
1000 3734 1234 3824 parochialem
1252 3733 1433 3809 ecclesiam
1460 3725 1625 3823 ligneam,
1652 3731 1750 3802 cuius

199 3855 395 3944 proprietas
431 3853 476 3926 ud
502 3855 781 3929 sanctimoniales
818 3841 1072 3927 Sandeozenses
1107 3853 1269 3944 pertinet
1309 3853 1350 3924 In
1386 3873 1455 3944 qua
1489 3857 1572 3924 sunt
1598 3855 1749 3941 quatuor

200 3973 285 4046 lanei
312 3975 566 4066 emethonales,
600 3980 637 4047 et
663 3975 808 4068 quilibet
835 3976 940 4050 solvit
965 3997 1029 4066 pro
1057 3995 1164 4048 censo
1188 3995 1295 4046 unum
1320 3972 1508 4062 fertonem,
1534 3972 1618 4044 item
1644 3989 1751 4042 nnnm

199 4094 334 4188 gallum,
361 4096 449 4168 duos
467 4117 603 4185 caseus,
630 4097 754 4186 viginti
772 4117 846 4168 000.
886 4096 975 4168 Item
993 4096 1156 4167 laborant
1174 4091 1361 4189 00001000
1378 4113 1443 4183 000
1460 4111 1544 4164 0000
1560 4097 1598 4164 01
1615 4091 1748 4183 hyeme.
1793 4137 1798 4148 ·

202 4211 285 4285 Item
304 4215 452 4307 quilibet
478 4237 542 4308 pro
562 4237 665 4288 curru
692 4217 865 4308 lignorum
892 4215 997 4320 solvit
1014 4236 1118 4288 onum
1135 4233 1306 4306 grossum
1345 4212 1432 4286 Item
1451 4211 1598 4304 quilibet
1615 4211 1752 4282 ratione

202 4357 334 4430 0000000
361 4337 466 4409 001011
493 4358 596 4409 onam
623 4337 770 4428 siliginis
797 4343 832 4410 et
858 4336 945 4410 duas
971 4356 1101 4408 avenae
1128 4355 1308 4409 mensuras
1334 4332 1521 4424 confertas,
1547 4334 1751 4428 etquattuor

203 4475 348 4543 grossos.
388 4457 476 4529 Item
511 4457 679 4549 plebanus
714 4459 820 4530 habet
854 4458 920 4554 ibi,
939 4477 1061 4548 agrum
1088 4456 1254 4546 liberum,
1289 4460 1325 4526 et
1350 4455 1533 4527 tabernam
1566 4453 1753 4529 habentem
1896 4533 1903 4542 ,

206 4593 321 4669 agros,
349 4584 385 4650 et
413 4578 518 4652 solvit
544 4633 658 4651 .....
702 4579 790 4650 Item
816 4578 944 4652 ibidem
972 4599 1041 4651 una
1067 4576 1267 4651 hortulanis
1292 4575 1441 4667 plebani
1480 4574 1568 4646 Item
1594 4572 1755 4646 scultetis

206 4706 367 4790 nonest,
402 4719 515 4790 neque
546 4698 788 4774 molendinum.
833 4698 923 4772 Item
946 4681 1068 4772 'omnes
1095 4697 1171 4788 agri
1197 4695 1301 4770 villae
1329 4695 1469 4780 solvunt
1493 4699 1530 4768 et
1556 4692 1754 4772 conducunt

208 4813 366 4890 decimam
395 4819 643 4910 manipularem
670 4823 707 4890 et
733 4818 932 4910 0000001000
959 4840 1023 4910 000
1051 4819 1215 4908 episcopo
1241 4815 1477 4909 Oracqviensi,
1503 4814 1654 4888 0100100
1680 4813 1755 4884 eius

210 4939 406 5012 aestimatur
432 4939 478 5012 ad
501 4941 656 5036 ¹quinque
682 4960 826 5012 mareas.
867 4938 1027 5012 Continet
1053 4959 1132 5048 cum
1162 4991 1298 5008 ......

304 5059 572 5150 Kosmczrnn,
607 5060 689 5131 villa
715 5059 779 5132 sub
806 5039 972 5151 00000110
1004 5059 1047 5130 de
1073 5057 1415 5150 Ugyanowicze
1441 5055 1523 5144 situ,
1550 5052 1648 5124 cnins
1673 5071 1754 5141 pro-

211 5175 332 5261 prietas
359 5181 403 5252 ad
431 5180 708 5254 sanctimoniales
735 5179 989 5253 Sandeczenses
1017 5179 1176 5270 pertinet.
1216 5177 1257 5249 In
1284 5195 1354 5268 qua
1380 5180 1462 5248 sunt
1488 5179 1637 5266 quatuor
1662 5170 1754 5244 lanei

112 5359 114 5368 .
212 5301 446 5402 emethonales,
473 5307 510 5372 et
527 5322 650 5373 census
669 5320 789 5374 eornm
815 5301 913 5372 iuxta
931 5300 1163 5392 quantitatem
1181 5317 1345 5390 agrorum
1372 5281 1637 5368 diversificatur.
1667 5291 1755 5364 Item
1891 5381 1896 5389 ‚

215 5416 343 5491 solvont
378 5441 483 5493 unum
518 5421 678 5520 gallum,¹
702 5421 789 5493 dnos
820 5441 977 5511 caseos,
992 5419 1117 5510 viginti
1153 5438 1227 5490 ova
1267 5416 1353 5487 Item
1380 5415 1543 5486 laborant
1570 5409 1755 5509 praeabum

214 5553 271 5622 000
288 5540 409 5632 hyeme
436 5548 472 5613 et
488 5563 552 5633 pro
571 5562 663 5614 vere.
703 5543 790 5614 Item
818 5541 964 5633 quilibet
989 5560 1055 5635 pru
1081 5559 1187 5612 curru
1204 5537 1376 5628 lignorum
1395 5535 1500 5607 solvit
1526 5554 1632 5628 upum
1657 5551 1756 5622 gros-

216 5674 291 5730 sum.
339 5661 426 5734 Item
466 5683 531 5755 pro
568 5684 705 5760 oasryep
747 5661 851 5733 solvit
890 5659 1038 5754 quilibet
1077 5679 1181 5734 unam
1223 5655 1390 5748 siliginis,
1429 5661 1467 5728 et
1506 5654 1592 5727 duas
1627 5671 1758 5726 000000
