4492 6592
1580 734 1582 739 ⁵
1692 785 1766 867 xrr

210 997 245 1063 et
262 987 411 1082 quilibet
436 990 575 1064 emetha
603 990 645 1064 de
664 989 765 1064 laneo
784 990 889 1066 solvit
911 1047 944 1082 .,
964 1047 972 1063 .
991 1047 998 1064 .
1017 1047 1025 1064 .
1045 1049 1069 1085 .,
1097 994 1181 1066 item
1199 994 1348 1086 triginta
1365 1015 1445 1088 ora,
1472 996 1554 1068 item
1581 994 1668 1068 duos
1694 996 1767 1088 gal-

209 1113 277 1203 los,
306 1115 398 1210 item¹
417 1114 505 1185 duos
533 1134 668 1203 case0s;
695 1115 778 1184 item
805 1115 967 1186 laborant
994 1137 1099 1186 unum
1130 1117 1219 1188 diem
1246 1118 1282 1188 in
1305 1118 1515 1206 septimana,
1543 1119 1626 1189 item
1645 1141 1767 1212 peteo·

184 1232 286 1332 ,tarn
314 1235 495 1326 laborant,
530 1237 614 1306 item
649 1255 796 1330 osazqep.
835 1235 922 1306 Item
950 1244 1004 1306 est
1026 1239 1076 1308 ibi
1112 1239 1260 1309 taberna
1286 1260 1356 1309 una
1381 1240 1514 1310 habens
1549 1261 1669 1331 agros,
1704 1241 1766 1311 sed
1807 1247 1810 1251 ’

208 1355 293 1424 haec
321 1340 368 1425 ad
399 1355 594 1426 Iohannem
622 1355 944 1448 Plesszouslry
971 1359 1133 1446 pertinet.
1168 1359 1258 1429 Item
1286 1360 1392 1430 etiam
1419 1381 1507 1432 nnus
1536 1361 1657 1431 laneus
1676 1383 1767 1432 cure-

206 1475 361 1546 tbonalis
381 1477 485 1547 etiam
505 1477 549 1546 ad
567 1475 761 1566 praefatum
780 1476 1113 1570 Pleschowsky
1139 1479 1333 1569 pertinens,
1361 1485 1397 1550 et
1423 1481 1466 1550 de
1492 1483 1641 1552 taberna
1666 1489 1704 1554 et
1721 1482 1765 1552 de

205 1619 272 1667 uno
308 1591 413 1668 laneo
448 1597 633 1688 praefatis,
670 1597 772 1669 datur
799 1598 931 1669 decima
967 1601 1195 1689 manipularis
1231 1601 1266 1670 in
1302 1600 1514 1691 Antiqua
1550 1603 1764 1674 Brzesko.

204 1717 288 1788 Item
316 1719 521 1790 hortulania
546 1739 616 1789 una
643 1720 774 1789 habens
801 1739 922 1809 agros,
959 1720 1063 1791 solvit
1090 1741 1151 1790 sex
1177 1741 1319 1810 grossm
1346 1727 1381 1791 et
1403 1721 1520 1818 unum'
1534 1723 1635 1794 diem.
1665 1723 1760 1796 ,Item

205 1844 257 1908 est
293 1839 346 1910 ibi
375 1839 556 1928 praedium
579 1840 809 1930 coenobiale,
846 1841 889 1910 de
916 1842 1013 1912 cuius
1049 1843 1144 1930 agris
1179 1841 1273 1912 tollit
1311 1842 1478 1912 decImam
1515 1846 1762 1916 monasterium

81 1987 83 1998 =
159 2063 162 2068 Ι
205 1961 237 2030 in
269 1959 483 2031 Brzesko.
523 1961 610 2031 Item
646 1981 765 2032 ornnes
801 1963 874 2051 agri
904 1962 1138 2033 emethonales
1174 1969 1212 2033 et
1248 1963 1521 2034 hortulaniarum
1559 1967 1762 2036 monasterii

206 2081 346 2152 solvunt
384 2090 419 2152 et
455 2081 650 2152 conducunt
686 2083 851 2152 decimam
887 2083 1138 2176 manipularem
1175 2090 1212 2153 et
1238 2085 1435 2173 canapalem
1469 2086 1763 2157 archidiaconatui

144 2267 147 2276 .
206 2187 459 2292 GracovIensi,
473 2209 510 2274 et
544 2203 640 2273 valor
676 2203 750 2274 eius
786 2204 829 2273 ad
857 2210 934 2274 octo
962 2225 1105 2296 marcas,
1149 2205 1238 2274 Item
1265 2211 1347 2276 sunt
1382 2207 1430 2277 ibi
1459 2207 1610 2297 quiuque
1646 2209 1763 2278 cumae
1867 2226 1871 2234 ·

205 2324 395 2413 nobilium,
430 2324 598 2395 habentes
635 2345 737 2414 agros
772 2325 986 2414 praedialeS,
1023 2326 1065 2396 de
1101 2327 1227 2415 quibus
1260 2326 1408 2397 solvitur
1444 2327 1580 2398 decima
1613 2329 1793 2418 plebano·
1908 2365 1915 2372 ·

205 2445 237 2514 in
273 2445 495 2518 Brzesko.
542 2446 630 2516 Item
658 2453 713 2516 est
745 2445 794 2516 ibi
830 2445 1062 2516 molendinum
1098 2447 1299 2518 coenobiale
1334 2447 1467 2519 habens
1500 2469 1626 2538 agros,
1669 2449 1761 2539 quod

204 2566 306 2638 solvit
335 2568 549 2639 monasterIo
585 2567 764 2639 duodecIm
793 2587 927 2637 marcas
963 2573 999 2637 et
1026 2567 1194 2637 decimam
1220 2569 1346 2639 reddit.
1390 2567 1551 2640 Gonfinat
1577 2591 1653 2640 cnm
1680 2571 1761 2641 Ko-

206 2688 363 2778 walye,
391 2687 618 2779 Pyekary,
645 2689 889 2760 Brzeszlro.
1473 2761 1476 2767 .

305 2807 628 2900 Lnnrrnuowicze,
643 2811 726 2881 villa
744 2811 808 2881 sub
826 2811 992 2900 parochia
1010 2810 1052 2880 de
1068 2809 1196 2916 ¹Nova
1214 2809 1449 2882 Brzeszlro
1475 2813 1553 2902 sita
1568 2813 1665 2884 cuius
1678 2835 1760 2903 pro·

81 2929 83 2996 3
206 2931 336 3020 prietas
375 2932 420 3002 ad
447 2933 694 3003 monasterium
722 2933 757 3002 in
784 2931 991 3004 Brzesko
1018 2933 1179 3022 pertinet
1218 2931 1260 3002 In
1288 2953 1356 3022 qua
1381 2939 1467 3004 sunt
1490 2940 1639 3025 quatuor
1666 2935 1758 3006 lanei

81 3129 83 3152 ἱ
206 3053 460 3143 emethonales,
487 3061 523 3124 et
559 3053 706 3144 quilibet
740 3073 804 3144 pro
840 3073 955 3124 annuo
991 3073 1095 3124 censu
1127 3054 1233 3124 solvit
1258 3073 1362 3124 unam
1388 3074 1556 3145 marcam,
1583 3056 1667 3127 item
1694 3077 1761 3127 ova
1844 3092 1848 3113 ι

206 3175 347 3264 viginti,
376 3176 459 3246 item
496 3175 625 3264 gallum
652 3193 776 3265 unum,
804 3175 887 3246 item
915 3195 1050 3245 caseum
1079 3195 1202 3264 unum,
1230 3175 1313 3244 item
1340 3154 1501 3246 laborant
1527 3197 1632 3246 unum
1659 3177 1760 3265 diem,

81 3355 82 3362 ,
206 3297 281 3365 item
309 3296 478 3366 laborant
496 3293 689 3390 ponebam,
718 3295 800 3372 item
829 3316 956 3390 osaycp,
984 3295 1066 3365 item
1095 3295 1243 3365 taberna
1268 3302 1340 3365 non
1356 3301 1418 3384 est,
1438 3297 1521 3366 item
1540 3297 1759 3368 hortulaniae

81 3429 83 3512 ᾗ
207 3415 289 3488 dnae
316 3418 491 3487 habentes
518 3437 631 3508 agros,
658 3421 694 3488 et
720 3417 897 3506 quaelibet
922 3416 1028 3502 solvit
1054 3436 1115 3488 sex
1140 3433 1282 3506 grossm
1309 3421 1345 3486 et
1370 3416 1508 3491 laborat
1534 3439 1640 3488 unum
1660 3418 1760 3488 diem.

181 3519 287 3608 'Item
329 3544 388 3609 est
423 3538 472 3611 ibi
507 3559 612 3610 unum
647 3539 825 3628 praedium
863 3537 1080 3640 coenobiale,
1109 3537 1153 3607 de
1188 3538 1287 3607 cuius
1323 3539 1418 3627 agris
1445 3538 1600 3609 solvitur
1628 3539 1762 3611 decima

81 3709 82 3774 1
207 3659 432 3764 manipularis
468 3660 678 3732 monasterio
723 3660 758 3730 in
795 3659 1011 3730 Brzesko.
1060 3658 1147 3728 Item
1182 3658 1415 3750 molendinum
1456 3680 1525 3729 non
1566 3666 1629 3730 est.
1669 3661 1757 3732 Item

81 3817 82 3824 κ
208 3786 281 3868 post
312 3801 436 3852 omnes
468 3801 571 3870 agros
608 3781 754 3852 solvitur
789 3785 826 3851 et
861 3777 1066 3852 conducitur
1101 3779 1236 3850 decima
1270 3779 1496 3869 manipularis
1522 3785 1558 3852 et
1584 3782 1760 3871 canapalis

208 3921 265 3990 pro
291 3903 508 3973 monasterio
544 3902 580 3972 in
608 3903 824 3973 Brzesko.
864 3901 1025 3972 Confinat
1051 3921 1127 3971 cum
1155 3900 1331 3990 Rudno,
1359 3899 1759 3994 Wawrzinczicze,

81 4021 97 4070 3'
211 4021 454 4095 Brzeszko.
564 4051 567 4056 ·

305 4143 510 4233 Qnanow,
537 4143 620 4215 villa
647 4145 711 4215 sub
729 4113 895 4234 parochia
913 4143 1078 4215 ecclesiae
1097 4142 1141 4212 de
1159 4142 1285 4212 Nova
1303 4141 1539 4214 Brzeszlro
1565 4144 1643 4233 sita,
1661 4144 1760 4214 culus

81 4315 83 4324 .
207 4267 414 4354 proprIetas·
429 4265 473 4335 ad
501 4266 749 4335 monasterium
777 4264 820 4335 de
847 4263 1053 4334 Brzesko
1081 4263 1243 4352 pertInet.
1278 4262 1319 4332 In
1347 4283 1415 4352 qna
1441 4269 1524 4334 sunt
1549 4262 1640 4350 lanei
1668 4283 1760 4334 cmc·
1861 4341 1877 4356 ,

81 4395 82 4452 1
209 4385 365 4457 thonales
394 4393 545 4476 septem,
572 4393 609 4455 et
636 4385 784 4476 quilibet
809 4406 873 4474 pro
901 4405 1005 4455 censu
1035 4385 1139 4455 solvit
1165 4391 1243 4454 octo
1269 4403 1428 4473 grossos,
1455 4385 1539 4454 item
1566 4405 1634 4456 ora
1660 4385 1760 4474 quin-

209 4506 331 4596 decim3
369 4508 453 4578 item
489 4507 600 4597 gallos
637 4529 705 4577 non
741 4505 895 4596 solvunt,
923 4505 1006 4576 item
1043 4525 1163 4576 caseos
1198 4526 1268 4575 non
1295 4505 1444 4576 solvunt.
1483 4506 1570 4576 Item
1597 4498 1760 4577 laborant

210 4630 328 4720 omnia,
358 4649 447 4719 quae
475 4629 518 4698 ad
545 4628 787 4698 necessitatem
816 4627 1018 4697 monasterii
1046 4626 1243 4716 pertinent,
1279 4630 1315 4696 et
1340 4632 1510 4697 vocantur
1535 4624 1759 4699 ammonicae

105 4770 108 4780 ·
209 4747 290 4829 Item
313 4749 499 4845 pomulam
533 4770 602 4820 non
629 4749 809 4838 laborant,
836 4747 918 4818 item
947 4769 1078 4842 osspep.
1097 4769 1165 4818 non
1192 4747 1341 4818 solvunt.
1380 4747 1468 4818 Item
1495 4749 1664 4820 tabernae
1691 4770 1759 4819 non

211 4877 294 4960 sunt,
321 4873 406 4942 item
433 4870 653 4942 hortulaniae
681 4891 749 4940 non
778 4875 868 4939 sunt.
908 4868 994 4938 Item
1023 4867 1254 4939 molendinum
1282 4869 1318 4938 in
1345 4867 1499 4958 Visla,
1527 4875 1564 4942 et
1589 4875 1759 4941 metretas

210 4991 317 5063 solvit.
358 4993 445 5063 Item
483 4998 537 5064 est
572 4992 620 5062 ibi
656 4992 793 5061 unicum
828 4982 1009 5080 praedium
1047 4989 1264 5080 coenobiale,
1291 4990 1335 5060 de
1362 4991 1459 5060 cuius
1486 4986 1581 5080 agris
1609 4992 1757 5062 solvitur

210 5110 337 5184 decima
362 5113 598 5203 manIpularis.
624 5111 712 5182 Item
739 5117 820 5201 post
846 5130 965 5182 omnes
992 5131 1096 5201 agros
1123 5111 1357 5182 cmethonales
1392 5112 1540 5183 solvitur
1565 5119 1602 5182 et
1628 5111 1756 5183 condu-
1890 5135 1900 5146 ·

211 5232 297 5304 citur
323 5235 457 5306 decIma
483 5233 708 5324 manipularIs
735 5233 945 5304 monasterio
973 5232 1007 5306 in
1036 5232 1281 5303 Brzeszko.

306 5355 519 5445 Danequn,
547 5354 630 5426 villa
656 5354 720 5424 sub
756 5353 921 5442 parochia
956 5352 1000 5422 de
1027 5335 1408 5460 Mikluszowicze
1435 5355 1521 5443 sita,
1549 5355 1647 5426 cuius
1673 5377 1754 5446 pro·

211 5473 335 5564 pristas
371 5474 689 5546 admonasterium
717 5473 759 5544 de
787 5472 994 5542 Brzesko
1022 5473 1183 5561 pertinet
1217 5472 1256 5541 In
1285 5495 1355 5562 qua
1380 5478 1462 5543 sunt
1487 5474 1639 5564 quinque
1663 5475 1756 5546 lanei

212 5595 393 5666 sanctuarii
428 5595 639 5666 monasterio
675 5593 832 5683 praefato
868 5595 902 5663 in
932 5593 1138 5662 Brzesko
1164 5593 1399 5664 deservientes
1427 5594 1495 5664 die·
1510 5604 1548 5666 et
1572 5601 1691 5687 nocte,
1720 5604 1757 5668 et
1896 5688 1899 5697 ¹

81 5753 85 5798 4
212 5711 343 5788 solvunt
367 5717 433 5807 pro‘
459 5715 669 5821 monasterio
696 5717 846 5806 quinque
873 5735 978 5784 urnas
1007 5714 1117 5784 mellis
1144 5713 1252 5784 crudi.
1279 5714 1366 5786 Ibem
1393 5737 1463 5787 nou
1480 5716 1654 5808 laborant,
1673 5719 1756 5789 item
