4492 6592
1684 742 1755 814 129

200 963 268 1018 non
295 949 353 1018 est
378 943 497 1036 aliqua
521 943 682 1032 neema,
709 943 793 1014 item
818 963 889 1017 aon
915 947 997 1030 sant
1021 941 1254 1034 hortulaniae,
1280 943 1364 1018 itan
1391 965 1460 1018 non
1485 950 1542 1016 ast
1567 946 1758 1036 praedium.

91 1131 94 1156 ,
198 1065 286 1138 Imm
321 1071 405 1156 past
439 1084 557 1136 omnes
584 1081 707 1154 agras,
740 1067 811 1136 tam
846 1063 1097 1153 cmetboaales,
1134 1070 1238 1154 quam
1269 1063 1573 1155 molendinatoris,
1608 1067 1757 1140 solvitur

198 1184 334 1258 damma
369 1183 595 1275 manipularis
630 1183 796 1258 ecclesiae
832 1188 869 1256 et
893 1184 1105 1258 monasterio
1131 1185 1168 1258 in
1195 1185 1500 1276 Bersabora,
1526 1190 1563 1257 et
1587 1187 1757 1260 inducunt

199 1325 274 1380 ιιιιι
301 1306 458 1397 propriis
484 1305 645 1378 curribus
670 1305 706 1378 in
726 1305 889 1378 horream
917 1305 1073 1396 aptium
1099 1305 1293 1396 locandum,
1319 1307 1417 1378 cuias
1436 1306 1535 1380 valon
1552 1307 1756 1382 aestimatur

198 1426 241 1501 ad
267 1446 377 1508 anam
403 1445 563 1500 marmur.

91 1629 93 1642 Ι
301 1546 428 1636 Baua,
455 1546 539 1618 villa
565 1547 630 1620 aab
649 1547 815 1637 parocbia
841 1545 1006 1636 ecclesiae
1033 1546 1077 1618 de
1103 1546 1306 1638 Gzyrnin
1332 1548 1419 1638 sita,
1445 1548 1542 1620 cuins
1560 1550 1755 1640 proprietas

201 1675 235 1740 at
260 1667 455 1741 dominium
482 1667 528 1740 nd
555 1666 730 1740 dominum
757 1667 941 1758 Aegidimn
977 1667 1020 1738 de
1049 1665 1208 1757 Sudoi‚
1245 1667 1396 1740 nobilem
1431 1667 1474 1740 de
1501 1669 1608 1742 armis
1643 1668 1755 1740 Hab-

91 1867 92 1870 ,
199 1789 375 1862 daucze
392 1789 563 1879 pertinet.
602 1787 643 1860 In
671 1809 740 1878 qua
766 1795 848 1861 sunt
874 1788 1026 1880 quinque
1053 1788 1145 1860 lanei
1171 1788 1423 1878 cmetbonnles3
1459 1789 1543 1860 item
1577 1811 1647 1862 non
1673 1796 1756 1862 sunt

199 1908 448 1998 normaniae,
463 1909 547 1982 item
565 1929 634 1982 non
652 1915 735 1982 sunt
761 1909 936 1998 tabernae,
962 1909 1046 1980 item
1064 1930 1134 1980 non
1160 1915 1215 1980 est
1240 1908 1430 1999 praedium.
1468 1910 1557 1982 Item
1584 1909 1627 1981 de
1644 1911 1754 1982 omni:

91 2031 92 2108 ζ
198 2030 260 2105 bas
286 2030 387 2119 agria
414 2029 561 2102 aoiritnr
586 2029 720 2104 dodana
755 2029 981 2120 manipularis
1007 2029 1174 2104 ecclesias
1200 2030 1238 2102 in
1264 2029 1567 2120 Banscbowa‚
1593 2035 1630 2101 et
1654 2029 1755 2102 indu·

91 2117 96 2180 ἶ
201 2155 279 2222 runt
306 2167 386 2222 eam
412 2151 614 2240 emetbones
649 2150 801 2240 propriis
837 2150 997 2224 curribus
1028 2151 1064 2222 in
1102 2151 1264 2225 borreum
1300 2172 1322 2222 a
1348 2152 1466 2241 priore
1492 2149 1692 2240 iocandum,
1718 2155 1755 2238 et

200 2269 295 2342 ralcr
322 2271 530 2344 aesbmatur
556 2270 600 2344 ad
627 2270 713 2344 duas
739 2291 884 2342 marcas.
1340 2298 1344 2302 ’

682 2701 1268 2875 ernanziczorrnass

93 2976 98 3099 Ἰ
245 2981 454 3084 Quartum
474 2925 791 3065 'monasterinm
825 2979 985 3065 ordint·
1019 2981 1135 3066 ΒιιιΙ
1161 2981 1273 3064 Pauli
1304 2916 1427 3084 ⁴priori
1461 2981 1706 3080 heremitae,

680 3139 719 3216 Ιιι
752 3136 944 3220 dirarari
985 3137 1276 3220 Oracorbnri.

299 3357 503 3450 Sbigneus
521 3355 565 3440 de
583 3355 852 3450 Olyesznicza
867 3377 996 3450 genere
1010 3357 1149 3448 nobilis,
1166 3357 1325 3430 dedomo
1339 3354 1754 3444 etfamiliaPoionorum,

204 3499 285 3570 quae
311 3499 352 3552 aa
372 3477 576 3552 Dambao
603 3477 769 3570 appellat,
795 3484 833 3557 et
856 3498 993 3551 crucem
1019 3478 1133 3550 albam
1160 3499 1239 3552 cnm
1256 3477 1501 3552 circumlatum
1517 3475 1662 3568 triplici,
1689 3477 1753 3568 sub
1785 3536 1789 3540 Α

205 3599 475 3674 interscinistm
494 3591 622 3690 crucis,
640 3599 675 3692 in
690 3620 811 3691 campo
829 3600 939 3672 rubeo
956 3621 1021 3692 pro
1039 3599 1168 3690 insigni
1186 3599 1308 3689 debrt,
1325 3600 1363 3672 iu
1381 3597 1645 3672 cracoviensem
1662 3597 1754 3688 epis·

93 3781 95 3834 3
204 3719 336 3812 copam,
358 3721 503 3794 Alberto
521 3720 544 3794 J
551 3721 858 3812 astrzambyecz
876 3721 912 3792 in
927 3719 1164 3796 Gneznensem
1179 3721 1365 3810 manslato,
1383 3741 1473 3793 anno
1487 3719 1627 3792 Domini
1645 3719 1753 3808 1423,

94 3839 95 3903 i
207 3841 387 3914 etdeinde
418 3843 463 3914 ob
489 3842 672 3931 virtutem,
709 3842 957 3932 praestantiam
993 3843 1029 3914 in
1060 3841 1208 3914 Sanctae
1242 3841 1421 3916 mamae
1456 3839 1622 3912 ecclesiae
1656 3839 1753 3910 tituli

205 3959 345 4036 macae
372 3961 513 4034 Priscae
539 3963 781 4054 presbyteram
809 3962 1019 4038 cardinalem
1047 3961 1406 4035 annodomini1439
1435 3966 1642 4051 assumptus,
1670 3960 1753 4032 sair:

207 4101 276 4172 pem
302 4088 341 4156 et
359 4083 497 4156 domum
515 4103 612 4156 suam
638 4077 936 4174 magnificaturus,
964 4088 1115 4166 castrum
1142 4082 1312 4155 etvillam
1339 4080 1680 4172 Pyandaiczorr,
1707 4080 1753 4152 ad

207 4201 340 4292 maium
360 4203 494 4294 Nida,
514 4225 598 4276 cam
621 4203 713 4276 villis
735 4203 1032 4296 Koporynya,
1059 4202 1416 4295 Wyerczyczow‚
1444 4200 1752 4307 Parscbiwka,

207 4329 239 4394 et
260 4324 453 4399 ammira
489 4325 576 4399 alias
603 4325 703 4398 villar
730 4322 767 4396 in
793 4325 920 4400 ridnic
955 4347 1020 4417 pro
1046 4325 1155 4398 iretre
1182 4345 1245 4398 auc
1271 4344 1438 4415 germano
1463 4321 1624 4396 solenne
1650 4320 1752 4396 Glo

93 4531 94 4534 Ἴ
210 4465 318 4520 racz
347 4446 390 4518 de
416 4444 760 4538 Olysscbniaza
786 4452 822 4518 et
840 4447 1097 4521 successoribus
1122 4448 1212 4538 saia,
1239 4467 1304 4538 pra
1322 4444 1603 4546 eertapecnniae
1621 4464 1754 4516 summa

93 4639 97 4661 Ι
208 4571 240 4636 et
263 4567 456 4658 quantitate
483 4568 627 4658 coemit,
659 4573 696 4640 et
712 4568 823 4642 veteri
850 4573 981 4659 omtro,
1009 4569 1171 4660 quoniam
1208 4568 1276 4640 sibi
1302 4565 1432 4640 bumile
1459 4571 1497 4638 et
1523 4567 1692 4639 rescisum
1718 4571 1754 4637 et

211 4684 401 4781 indecorum
436 4687 638 4778 ridebatur,
666 4689 702 4762 in
724 4694 837 4763 totum
863 4688 1046 4778 demolito,
1082 4689 1176 4762 alind
1203 4689 1394 4779 extensius,
1407 4708 1451 4761 er
1483 4687 1616 4779 quadro
1638 4687 1754 4777 lapide

94 4808 95 4820 '
208 4814 398 4899 sumptmso
434 4815 471 4884 et
496 4809 677 4901 magnifico
705 4830 824 4902 opere,
854 4789 932 4882 ¹tani
959 4809 1125 4884 nobiliter
1159 4830 1223 4900 per
1250 4831 1360 4884 annos
1386 4810 1535 4902 triginta
1560 4808 1754 4898 fabricarit,

208 4933 242 5002 ut
258 4949 317 5003 arx
344 4935 416 5002 tam
440 4931 666 5005 nobilissima.
682 4937 719 5003 et
735 4931 958 5008 ornatissima
983 4950 1101 5022 param
1128 4951 1199 5005 non
1225 4931 1355 5023 babeat
1380 4931 1417 5002 in
1434 4929 1599 5004 Poloniae
1625 4949 1753 5020 regno;

92 5085 93 5138 p
210 5048 248 5120 ad
272 5051 367 5126 cuins
393 5049 559 5126 fabricam
586 5058 623 5124 et
643 5059 824 5144 ornatum,
851 5058 977 5128 uttam
1002 5051 1164 5144 mandis,
1191 5057 1332 5144 amque
1358 5053 1504 5124 illustris
1530 5051 1752 5123 molescere

93 5172 94 5184 ¹
211 5177 317 5244 uostm
344 5179 463 5264 posset
493 5174 633 5264 extolli,
668 5181 705 5246 et
734 5175 885 5266 inopus
922 5173 1073 5272 amplum
1109 5173 1251 5265 deduci,
1286 5174 1436 5265 plurima
1468 5174 1682 5246 internorum
1716 5176 1754 5243 et

209 5293 466 5368 mebitactornm
501 5295 671 5378 sudarunt
704 5297 861 5388 ingenia²
895 5302 932 5370 et
967 5297 1002 5368 in
1035 5297 1109 5368 eius
1146 5302 1304 5387 sumptus
1338 5295 1432 5369 baud
1469 5297 1580 5384 pauca
1615 5293 1753 5384 argenti

211 5414 351 5499 madan
376 5421 543 5508 erogata
574 5403 629 5490 Ex
648 5417 725 5492 vico
743 5423 858 5492 autem
885 5417 1030 5510 ignobili
1057 5417 1222 5508 oppidum
1249 5418 1473 5506 excitaturus,
1500 5415 1584 5486 villa
1601 5413 1677 5507 Wy
1688 5436 1752 5488 er·

95 5633 96 5640 N
212 5552 402 5625 erycrow
429 5538 462 5610 ei
477 5539 661 5630 contigua,
687 5540 724 5612 in
742 5560 812 5631 qua
830 5539 999 5631 quadrato
1027 5558 1111 5612 saxo
1140 5539 1356 5610 crateribus
1383 5541 1583 5610 maranata
1608 5536 1755 5610 ecclesia

217 5651 320 5730 inerat
336 5657 504 5753 deposita,
530 5659 704 5734 natatem
722 5659 899 5752 brndarit,
916 5661 953 5732 in
970 5679 1039 5751 qua
1056 5665 1091 5730 et
1109 5658 1289 5733 ecclesiam
1305 5658 1523 5748 collegiatam
1541 5658 1748 5761 fundaturus

304 5825 351 5869 mo.
364 5827 509 5870 ausam.
1230 5867 1239 5877 ,
1560 5811 1594 5857 rr
1673 5787 1677 5798 '
