4492 6592
1705 768 1774 850 139

218 983 511 1076 praesentationis
537 991 574 1058 et
599 981 812 1081 fundationis
839 991 875 1056 et
901 982 1100 1076 dotationis,
1128 991 1314 1076 propterea
1340 986 1441 1058 uobis
1468 993 1503 1056 et
1520 985 1679 1076 praefato
1698 1007 1777 1077 ger-

217 1127 319 1178 mano
347 1115 480 1198 nostro,
508 1107 705 1198 seniorique
733 1127 774 1179 ex
802 1109 868 1178 hac
894 1112 1015 1179 nostra
1041 1107 1143 1179 domo
1168 1127 1233 1198 per
1251 1108 1376 1178 lineam
1396 1108 1618 1182 masculinam
1637 1108 1776 1180 descen-

217 1227 324 1318 denti,
352 1229 389 1299 in
416 1229 662 1320 sempiternam
690 1229 890 1300 memoriam
908 1247 1137 1320 reservamus,
1155 1234 1195 1300 ut
1213 1249 1417 1320 quocunque
1435 1235 1556 1302 nostra
1574 1235 1610 1300 et
1627 1229 1777 1320 praefati

216 1332 350 1420 donnini
384 1348 409 1420 J
418 1350 615 1420 ohannis
650 1349 797 1440 palatini
831 1350 1037 1440 posteritas,
1074 1349 1188 1421 nullas
1223 1350 1311 1422 alias
1347 1349 1533 1439 stationes,
1568 1340 1775 1439 exactiones,

217 1469 348 1541 audeat
376 1470 618 1561 quoquomodo
645 1477 765 1561 petere
792 1475 853 1542 ant
879 1470 1019 1561 erigere
1046 1489 1068 1541 a
1094 1471 1305 1542 monasterio
1332 1470 1520 1560 praedicto,
1544 1471 1606 1541 sed
1625 1471 1689 1542 bac
1705 1493 1777 1543 nna

85 1579 86 1582 ‘
216 1590 302 1664 dicti
340 1589 473 1662 ducalis
509 1589 644 1682 digerii·
670 1592 905 1683 assignatione
933 1596 969 1662 et
993 1591 1201 1663 limitatione
1228 1592 1275 1664 sit
1301 1597 1473 1664 contenta.
1513 1591 1601 1664 Item
1629 1591 1659 1663 si
1684 1593 1777 1664 bona

217 1711 303 1801 ipsa,
332 1711 496 1784 videlieet
522 1719 675 1784 castrum
702 1720 739 1785 et
766 1713 941 1785 ciuitatem
970 1711 1360 1804 Pyandzlozoniensem‚
1387 1713 1424 1783 in
1451 1713 1576 1802 quibus
1604 1719 1777 1784 monaste

216 1833 308 1903 num
346 1831 558 1924 praelatum,
591 1833 650 1904 nel
686 1833 730 1905 ad
767 1833 869 1905 aliam
906 1833 1062 1923 domum,
1090 1833 1145 1905 vel
1173 1833 1339 1904 ditionem
1364 1833 1497 1924 regiam
1525 1838 1586 1905 aut
1611 1833 1776 1923 ducalem,

86 1929 87 1990 7
219 1953 437 2044 venditione,
465 1951 696 2045 obligatione,
724 1956 1008 2046 commutatione,
1036 1953 1091 2026 vel
1118 1973 1182 2046 per
1208 1955 1335 2026 lineam
1360 1953 1539 2025 foeminini
1565 1975 1688 2045 senus,
1715 1976 1777 2026 seu

86 2113 87 2151 l
218 2095 434 2167 quacumque
461 2076 530 2147 alia
556 2075 775 2168 alienatione,
802 2095 1005 2168 quocunque
1031 2077 1170 2148 nomine
1197 2082 1234 2148 et
1260 2076 1428 2148 vocabulo
1455 2081 1647 2165 censeatur,
1674 2076 1777 2147 deve-

86 2181 87 2186 ’
220 2197 296 2268 nire
324 2197 512 2289 contingat,
540 2203 666 2269 extunc
693 2197 822 2289 seniori
849 2198 971 2270 domus
998 2203 1035 2270 et
1061 2197 1263 2288 genalogiae
1290 2201 1439 2288 nostrae,
1459 2198 1518 2288 qui
1537 2218 1600 2287 pro
1620 2203 1777 2288 tempore
1910 2270 1914 2275 ,

218 2317 334 2407 luerit,
353 2319 549 2391 huiusmodi
576 2319 759 2407 stationem
786 2319 1010 2391 nihilominus
1037 2318 1137 2390 reddi
1164 2319 1341 2408 volumus,
1367 2338 1430 2390 nec
1457 2339 1534 2390 cmn
1561 2318 1714 2390 dominio
1741 2324 1778 2390 et

220 2439 436 2529 proprietate
471 2441 767 2530 iurispatronatus
795 2439 877 2511 dicti
905 2440 1126 2530 monasterii,
1153 2445 1190 2511 et
1215 2439 1303 2511 haec
1330 2439 1524 2512 oblationes
1551 2440 1713 2511 stationis
1740 2444 1777 2510 et

86 2635 87 2640 ,
220 2561 315 2650 iura,
353 2581 442 2651 quae
478 2561 608 2632 seniori
642 2582 739 2632 meae
774 2563 915 2652 domus,
950 2562 1047 2653 prior
1083 2567 1119 2632 et
1154 2566 1345 2633 conventus
1380 2561 1593 2632 tenebuntur
1618 2560 1776 2652 reddere,
1880 2591 1884 2598 ·

220 2681 411 2752 transferre
447 2683 483 2752 in
519 2682 606 2754 alios
642 2683 803 2773 possint,
836 2683 989 2774 quinimo
1030 2687 1193 2754 teneatur
1227 2683 1325 2772 prior
1359 2688 1396 2753 et
1431 2688 1621 2754 conventus
1657 2702 1776 2752 mona-

85 2834 89 2869 »
221 2803 320 2873 sterii
348 2801 498 2893 praefati
526 2803 629 2874 etiam
658 2803 809 2874 dominio
837 2803 1022 2894 temporali
1049 2803 1209 2891 alienato,
1236 2803 1280 2874 ad
1298 2823 1516 2875 successores
1543 2803 1629 2873 dicti
1647 2802 1777 2874 domini

220 2922 243 2994 J
251 2924 453 2994 ohannis
479 2923 635 3014 palatini,
662 2944 726 3014 per
751 2925 878 2995 lineam
897 2924 1066 2998 duntaxat
1083 2923 1307 2996 masculinam
1326 2923 1582 3015 descendentes,
1601 2931 1775 2994 eteorum

221 3045 357 3136 stipite,
385 3045 477 3136 quod
513 3045 607 3117 Deus
643 3043 796 3136 auderat,
823 3047 858 3116 in
886 3049 998 3118 totum
1026 3045 1181 3135 sublata,
1208 3045 1253 3115 ad
1280 3045 1451 3115 seniorem
1478 3049 1618 3116 nostrae
1645 3044 1776 3135 domus,

221 3167 277 3257 qui
305 3187 369 3257 pro
398 3173 554 3257 tempore
581 3165 697 3258 fuerit,
724 3167 759 3237 in
788 3167 947 3240 omnibus
974 3167 1046 3238 suis
1073 3165 1340 3238 necessitatibus
1367 3172 1404 3237 et
1430 3165 1712 3256 oppressionibus
1740 3171 1777 3235 et

86 3373 87 3398 i
219 3289 373 3378 angariis
410 3288 540 3360 habere
574 3309 752 3360 recursum
790 3287 843 3360 vel
882 3286 1070 3379 refugium,
1098 3288 1234 3379 sibique
1270 3293 1306 3358 et
1341 3287 1428 3358 nulli
1463 3286 1564 3357 alteri
1600 3285 1776 3376 praelatas

218 3409 426 3498 oblationes,
455 3409 532 3480 lura
559 3415 595 3479 et
614 3409 783 3488 stationes
802 3408 958 3500 reddere,
976 3409 1120 3500 perinde
1139 3429 1180 3481 ac
1197 3408 1228 3480 ai
1246 3407 1434 3480 dominium
1453 3408 1646 3498 temporale
1665 3407 1777 3498 Pyan-

217 3531 457 3602 dziczoviense
494 3531 530 3600 in
566 3551 629 3620 sua
664 3538 758 3602 esset
784 3551 898 3621 manu,
924 3531 1141 3622 proprietate
1168 3535 1205 3602 et
1231 3529 1384 3602 dominio
1411 3530 1649 3602 constitutum.
1688 3529 1776 3599 Item

218 3653 403 3722 vacatione
439 3651 616 3742 prioratus
653 3651 854 3723 monasterii
889 3651 1077 3743 praedicti,
1104 3671 1148 3724 ex
1183 3651 1423 3742 qualicumque
1451 3671 1554 3721 causa
1581 3657 1775 3738 occurrente,

217 3771 379 3843 dominus
406 3771 429 3843 J
440 3773 644 3845 ohannes
672 3772 846 3864 palatinus
876 3773 1085 3863 praedictus,
1112 3772 1243 3864 filiique
1261 3773 1315 3843 ani
1334 3778 1370 3842 et
1388 3791 1603 3843 successores
1619 3765 1776 3859 legitimi,
1891 3799 1896 3804 ·

217 3901 279 3964 aut
315 3893 403 3964 alias
440 3893 548 3984 stirpe
584 3914 647 3964 sua
682 3893 885 3965 masculina'
907 3892 1106 3984 deficiente,
1143 3895 1262 3965 senior
1296 3893 1418 3964 domus
1445 3897 1603 3982 nostrae,
1629 3889 1774 3961 fratrem

86 4013 87 4106 3
217 4015 391 4106 idoneum,
420 3991 520 4106 quem
548 4015 774 4106 provincialis
801 4015 966 4086 Poloniae
993 4015 1126 4086 ordinis
1153 4013 1324 4105 praedicti
1351 4013 1496 4103 elegerit
1522 4019 1558 4085 et
1576 4013 1773 4084 nominave-

217 4136 282 4222 rit,
311 4142 349 4207 et
376 4135 534 4226 praelato
571 4136 709 4208 domino
745 4136 767 4208 J
777 4137 893 4208 ohan
906 4137 950 4206 ni
977 4135 1148 4226 palatino,
1175 4134 1327 4225 filiisque
1354 4135 1427 4204 suis
1454 4139 1490 4204 et
1516 4133 1774 4205 successoribus

217 4257 464 4348 reproduxerit
500 4263 536 4328 et
572 4259 884 4348 representauerlt,
914 4256 982 4328 loci
1018 4253 1195 4328 ordinario
1223 4255 1518 4346 investigandum,
1545 4255 1618 4326 suis
1643 4255 1774 4325 litteris

86 4445 87 4452 ,
217 4379 475 4470 praesentabit,
501 4379 607 4450 toties
630 4380 766 4470 quoties
793 4379 828 4450 id
855 4385 1018 4470 exposcet
1046 4379 1265 4469 oportunitas
1293 4377 1348 4450 vel
1375 4377 1573 4448 necessitas.
1605 4376 1661 4447 Ad
1687 4378 1774 4447 haec
1916 4423 1922 4434 ·

218 4507 334 4572 autem
365 4500 482 4570 omnia
507 4501 755 4590 suprascripta,
783 4501 1033 4572 venerabilium
1051 4497 1199 4571 fratrum
1218 4504 1416 4571 nostrorum
1435 4498 1652 4570 dominorum
1673 4519 1773 4588 prae-

218 4621 370 4693 latorum
408 4629 444 4692 et
479 4622 721 4692 canonicorum
759 4620 998 4695 Oracoviensis
1033 4621 1216 4712 ecclesiae,
1242 4621 1423 4692 videlicet:
1459 4619 1598 4691 Derslai
1626 4620 1669 4691 de
1697 4621 1774 4691 Bo-

220 4743 395 4814 rzinow
421 4741 665 4833 archidiaconi,
692 4741 814 4814 Jacobi
843 4743 885 4813 de
913 4741 1120 4814 Vislicia
1146 4743 1348 4834 praepositi,
1366 4741 1539 4813 Johannis
1558 4742 1601 4813 de
1620 4741 1775 4831 Elgoth
1847 4784 1850 4791 ·

86 4873 87 4954 j
219 4864 438 4935 decretorum
474 4863 626 4934 doctoris
662 4863 877 4954 scholastici,
913 4863 1049 4934 Nicolai
1085 4863 1344 4954 Spiczmeri
1372 4862 1590 4934 decretorum
1618 4862 1770 4932 doctoris

86 4969 87 5048 i
220 4985 380 5074 cantoris
408 4983 578 5056 Johannis
606 4981 934 5077 Grusozynshy
962 4984 1128 5076 custodis,
1156 4984 1255 5056 Adae
1282 4984 1326 5056 de
1354 4983 1584 5055 Bandlrou
1612 4983 1769 5054 decreto·
1803 5044 1807 5051 ,

86 5103 87 5182 ζ
220 5127 294 5177 rum
314 5107 479 5196 doctoris,
498 5105 630 5177 Petri
656 5105 849 5196 vexilliferi,
868 5105 1002 5178 Nicolai
1021 5105 1073 5178 (il
1085 5106 1362 5197 amboczsky
1389 5105 1624 5176 archidiaconi
1643 5105 1775 5175 Pozna·

220 5228 369 5317 niensis,
405 5225 543 5298 Derslai
584 5227 627 5298 de
668 5225 1043 5299 Grzizanowicze
1082 5227 1273 5318 praepositi
1308 5226 1531 5315 Vislicensis,
1568 5225 1690 5297 Jacobi
1731 5225 1774 5296 de

222 5347 483 5420 Zamborow
510 5347 728 5420 decretorum
757 5347 918 5438 doctoris,
946 5347 1134 5420 Clementis
1162 5347 1204 5419 de
1223 5347 1506 5440 Nawoyowa,
1525 5347 1712 5436 Raphaelis
1731 5347 1774 5417 de

86 5503 87 5533 l
222 5467 467 5560 Sozawyna
493 5468 650 5541 officialis
677 5470 868 5560 praepositi
894 5469 1133 5560 Kyelozensis,
1160 5468 1327 5565 stanislai
1353 5469 1401 5562 de
1423 5468 1647 5562 Sobnyow
1674 5490 1775 5559 prae-

223 5591 325 5679 positi
353 5589 566 5681 Tridentini,
594 5589 763 5662 Johannis
791 5591 833 5662 de
861 5589 1225 5661 Radochowicze
1252 5588 1378 5661 Sacrae
1405 5587 1614 5681 Theologiae
1642 5589 1774 5680 profes-

223 5713 326 5802 soris,
353 5710 526 5783 Johannis
563 5710 693 5782 Pella
729 5711 772 5784 de
808 5711 1053 5803 Nyccusch
1080 5709 1317 5783 archidiaconi
1335 5709 1577 5818 'Gneznensis,
1604 5711 1775 5783 Johannis
