4492 6592
1675 790 1748 863 eor
1799 883 1808 896 ,

178 992 413 1083 praescripta
440 1015 508 1066 non
540 955 688 1066 solvunt.
728 992 815 1066 Ibem
842 999 914 1066 tam
937 993 1108 1068 scoltetus
1136 1015 1238 1086 quam
1266 993 1484 1102 emethones,
1510 995 1752 1068 tabernatores

130 1149 133 1154 ·
178 1119 213 1185 et
240 1113 436 1186 hortulani
464 1115 566 1186 villae
585 1114 780 1226 praefatae,
808 1123 971 1188 tenentur
997 1117 1127 1187 molere
1155 1137 1273 1187 eorum
1301 1115 1476 1202 flumenta
1502 1118 1538 1186 in
1556 1117 1754 1188 molendino

178 1233 388 1304 coenobiali
416 1235 451 1304 in
480 1233 729 1326 Ozirnyow.
756 1234 842 1304 ltem
870 1235 905 1306 in
933 1234 1088 1326 praefata
1115 1235 1198 1306 villa
1224 1257 1293 1306 non
1321 1241 1376 1307 est
1402 1236 1581 1326 praedium
1600 1236 1752 1327 aliquod,
1896 1256 1907 1267 ·

178 1355 265 1424 item
295 1374 374 1424 non
404 1358 486 1426 sunt
512 1356 675 1444 piscinae,
694 1355 776 1426 item
796 1376 863 1426 non
883 1362 937 1426 est
954 1355 1199 1426 molendinum.
1224 1355 1312 1426 Item
1330 1355 1470 1428 solvunt
1487 1377 1591 1428 unum
1611 1372 1750 1428 caseum
1846 1375 1850 1380 ·

179 1477 215 1544 et
243 1493 316 1544 eva
346 1474 470 1546 decem
498 1475 541 1546 de
567 1475 679 1564 laneo,
706 1475 789 1546 item
817 1453 904 1546 duos
931 1475 1053 1565 gallos,
1079 1477 1162 1546 item
1190 1476 1296 1548 solvit
1321 1476 1468 1566 quilibet
1494 1476 1538 1547 de
1564 1477 1665 1548 laneo
1683 1498 1748 1566 pro

179 1593 273 1680 festo
302 1573 469 1666 Paschae
495 1615 598 1666 unam
625 1597 856 1686 coturnicem,
883 1595 918 1667 id
946 1601 1000 1668 est
1026 1605 1199 1685 eameram,
1225 1601 1419 1667 autunum
1446 1617 1621 1687 caponem.
1661 1596 1750 1668 Item

181 1713 359 1784 ecclesiae
389 1716 579 1804 parochiali
608 1717 642 1786 in
670 1699 1243 1788 Abrahamowiczesolvunt
1269 1697 1334 1806 pro
1361 1716 1615 1789 columbatione
1642 1738 1750 1788 unum
1835 1789 1843 1798 ,

181 1853 352 1922 grossum
385 1835 429 1906 de
456 1835 565 1906 laneo.
593 1835 680 1906 item
702 1833 885 1928 poscebam
912 1835 1082 1926 laborant,
1109 1857 1214 1908 unum
1242 1836 1332 1906 diem
1360 1857 1424 1926 pro
1451 1856 1542 1926 vere,
1561 1836 1666 1908 alium
1684 1857 1749 1926 pro

182 1955 321 2044 hyeme.
352 1954 444 2026 Item
472 1962 610 2045 pratum
638 1956 673 2026 in
701 1954 940 2048 Ozirnyow
966 1954 1188 2045 falcastrant,
1215 1962 1389 2044 rastraut,
1416 1955 1584 2046 colligunt
1610 1961 1646 2026 et
1672 1940 1752 2028 con-

149 2071 154 2076 “
185 2073 333 2144 ducunt.
364 2073 454 2146 Item
483 2075 565 2147 villa
592 2074 750 2166 praefata
776 2073 1013 2147 Krimieza
1040 2074 1192 2146 confinat
1208 2093 1285 2146 cum
1303 2075 1396 2148 villis
1414 2073 1755 2168 Wylczepolye,
1823 2082 1829 2094 “

184 2193 572 2284 Bistrzeowicae,
598 2195 773 2285 Zukow,
801 2194 1053 2288 Gzyrnyow
1080 2201 1116 2266 et
1143 2195 1273 2286 ubique
1298 2195 1431 2285 scopuli
1457 2196 1583 2286 sipati,
1610 2202 1753 2286 praeter

186 2313 371 2386 Zukow.
400 2315 488 2387 Item
516 2337 693 2412 opremam
719 2336 788 2389 non
816 2317 964 2412 solvunt.
991 2315 1079 2388 Item
1105 2315 1279 2388 mellificis
1305 2337 1374 2387 non
1402 2316 1543 2388 habent.

297 2431 460 2507 Laneus
489 2433 634 2509 Nicolei
663 2433 813 2509 Tlusto.
841 2436 928 2507 Item
957 2437 1020 2508 sub
1048 2455 1139 2507 anno
1165 2441 1203 2506 et
1228 2441 1386 2526 tempore
1404 2434 1618 2507 fundationis
1636 2441 1672 2507 et
1690 2435 1752 2508 do·

187 2555 335 2625 tationis
365 2557 571 2628 monasterii
596 2555 767 2653 praedicti
786 2556 950 2628 Nicolaus
969 2555 1136 2628 Tlusto
1163 2555 1356 2647 oppidanus
1374 2555 1595 2628 Lublincnsis
1612 2556 1755 2645 speciali

188 2673 382 2747 devotione
410 2675 544 2765 ductus,
571 2677 719 2748 contulit
746 2682 841 2748 motu
868 2678 1011 2768 proprio
1038 2675 1250 2748 monasterio
1277 2673 1435 2766 praefato
1454 2675 1602 2746 Sanctae
1621 2675 1753 2766 Brigit·

188 2799 245 2864 tae
272 2815 398 2877 unum,
413 2794 549 2866 laneum
578 2815 654 2866 cum
682 2797 753 2868 suis
781 2796 986 2886 attinentiis,
1014 2795 1082 2866 iuri
1101 2795 1195 2866 civili
1213 2795 1414 2884 subiectum,
1433 2813 1535 2884 quem
1554 2794 1753 2885 praedictus

105 3000 106 3007 Ν
192 2912 477 2986 vladislaus
504 2913 670 2988 Poloniae
695 2935 759 2988 rex
786 2917 830 2988 ab
857 2916 1015 3019 omnibus
1042 2915 1216 3005 oneribus,
1242 2915 1403 2987 censibus
1429 2915 1636 3005 attributis,
1653 2934 1763 3004 rege.

190 3033 282 3106 libus
309 3039 349 3106 et
376 3036 536 3108 civilibus
562 3035 758 3124 libertavit,
785 3036 846 3108 sed
873 3036 1121 3112 monasterium
1147 3056 1217 3132 non
1244 3035 1352 3106 babet
1376 3032 1524 3124 praefati
1550 3035 1642 3106 lanei
1669 3055 1751 3126 pos·

194 3173 405 3228 melonem.-

303 3271 515 3352 Ozwartslr
543 3275 772 3349 suburbium
802 3273 1049 3350 Lublinenee.
1085 3275 1174 3348 Item
1205 3274 1271 3346 sub
1297 3281 1455 3364 tempore
1480 3273 1694 3346 fundationis
1719 3279 1757 3345 et
1892 3267 1896 3279 '

195 3395 390 3468 dotationis
418 3395 619 3468 monasterii
646 3380 814 3487 praefati,
839 3395 1003 3470 videlicet
1028 3415 1121 3468 anno
1146 3395 1287 3466 Domini
1317 3395 1416 3465 1426
1445 3394 1650 3465 Vincentius
1668 3393 1755 3464 alias

197 3509 459 3605 Wyanczek
475 3527 480 3532 '
495 3516 714 3588 suburbanus
749 3515 991 3604 Lublinensis,
1018 3521 1055 3588 et
1089 3516 1126 3587 in
1162 3515 1330 3588 suburbio
1357 3520 1481 3586 vocato
1508 3512 1753 3586 czwareek

198 3636 404 3726 consistens,
430 3643 504 3708 tres
530 3637 650 3708 laneos
676 3615 929 3708 haereditarios
957 3655 1039 3708 suos
1065 3633 1224 3725 praefato
1251 3635 1428 3724 suburbio,
1455 3634 1531 3705 zelo
1557 3633 1754 3722 devotionis

198 3755 382 3845 incitatus,
420 3755 567 3828 mnemia
601 3761 698 3828 motu
734 3757 875 3845 proprio
911 3755 1122 3826 monasterio
1150 3753 1318 3844 praefato,
1344 3773 1421 3824 cum
1448 3753 1521 3826 suis
1546 3753 1753 3839 attinentiis,
1853 3851 1856 3861 Ι

201 3895 284 3966 pare
311 3881 459 3966 propter
493 3877 621 3966 Deum,
657 3877 693 3948 in
730 3895 877 3966 quorum
912 3875 1161 3946 monasterium
1188 3879 1244 3944 est
1278 3871 1423 3962 pacifica
1457 3871 1696 3967 possessione,
1719 3874 1780 3940 et‘

199 3993 300 4065 locati
335 4001 420 4066 sunt
455 3995 711 4085 emethonibus,
738 4001 775 4066 et
811 3995 957 4084 quilibet
991 3994 1096 4065 solvit
1123 3993 1167 4064 de
1192 3992 1294 4064 laneo
1320 4011 1424 4062 unam
1457 4009 1607 4062 marcam
1634 4009 1752 4060 mona·

202 4116 315 4204 sterio,
344 4117 390 4187 ab
419 4117 577 4188 omnibus
604 4122 721 4188 autem
738 4115 926 4206 laboribus,
954 4113 1107 4204 tributis,
1134 4111 1385 4200 exactionibus,
1411 4110 1519 4182 datiis
1539 4115 1622 4182 sunt
1640 4109 1752 4180 liberi.

305 4232 417 4308 Horti
457 4234 493 4306 in
530 4235 720 4318 suburbio
759 4232 992 4308 Lublinenel.
1033 4233 1123 4305 item
1159 4232 1196 4303 in
1222 4231 1318 4321 loco,
1345 4231 1381 4302 in
1408 4250 1477 4320 quo
1505 4229 1785 4304 monasterium.

191 4352 306 4424 situm
345 4361 382 4426 et
417 4353 595 4426 fundatum
632 4362 705 4444 est,
740 4362 776 4427 et
812 4357 847 4426 in
883 4355 958 4426 eius
988 4354 1154 4442 circuitu,
1181 4352 1354 4424 habentur
1388 4349 1484 4422 horti
1519 4348 1643 4438 viginti
1678 4352 1756 4419 octe
1818 4407 1820 4411 .

104 4465 105 4468 ’
205 4475 438 4564 coenobiales,
464 4475 508 4546 ad
534 4476 783 4547 monasterium
810 4474 958 4548 Sanctae
985 4474 1159 4564 Brigittae
1184 4477 1355 4562 perpetuo
1381 4470 1607 4561 pertinentes,
1634 4469 1755 4538 inscri-
1865 4531 1872 4542 .

132 4611 136 4622 ·
205 4593 254 4680 pti
280 4595 414 4667 civibus
442 4600 478 4668 et
504 4596 686 4686 oppidanis
713 4595 992 4685 Lublinensibus,
1019 4613 1083 4686 per
1104 4593 1261 4684 priorem
1288 4596 1325 4662 et
1342 4589 1590 4660 monasterium
1608 4587 1756 4659 Sanctae

201 4709 377 4803 srigittm
405 4717 439 4786 in
468 4715 730 4806 haereditatem,
757 4717 822 4787 sub
850 4736 964 4786 annuo
991 4719 1107 4786 tamen
1134 4733 1240 4784 censu
1266 4715 1303 4782 et
1320 4710 1475 4798 tributo;
1501 4708 1648 4799 quilibet
1665 4708 1757 4778 enim

208 4831 325 4904 hortus
351 4857 396 4906 ex
422 4834 611 4925 praedictis
639 4837 762 4924 viginti
789 4843 868 4907 octo
895 4837 1019 4925 hortis,
1046 4835 1153 4906 solvit
1178 4831 1391 4926 monasterio
1416 4829 1565 4902 Sanctae
1584 4827 1757 4916 Brigittae

209 4969 308 5024 unum
334 4954 504 5027 fertonem
541 4957 707 5046 pecuniae
743 4956 952 5045 communis,
978 4955 1074 5026 horti
1100 4958 1216 5026 eutem
1243 4950 1391 5064 praelati
1418 4951 1454 5020 in
1481 4948 1572 5018 areis
1598 4952 1636 5018 et
1661 4946 1757 5034 agris

210 5077 405 5148 monasterii
433 5083 515 5148 sunt
541 5077 655 5148 locati.
698 5170 700 5174 Ι
