4492 6592
272 759 346 838 χ
495 732 569 809 ne

497 946 571 1017 eius
598 946 642 1017 ab
669 947 816 1019 ecclesia
841 924 1047 1039 explendas,
1073 949 1244 1040 legendas,
1276 956 1313 1021 et
1340 952 1502 1040 canticas,
1529 951 1628 1022 suavi
1655 956 1690 1021 et
1704 950 2015 1041 ‘spectabili‘modu-

489 1066 628 1157 latione,
655 1069 902 1160 concinnaque·
917 1090 958 1141 ac
984 1070 1114 1141 diserta
1141 1072 1396 1162 descriptione,
1409 1072 1541 1167 primus
1568 1072 1759 1162 composuit
1785 1077 1821 1142 et
1848 1070 2016 1165 descripsit,

492 1192 528 1259 et
554 1187 735 1261 altissimis
759 1192 919 1263 cantibus
955 1197 991 1263 et
1016 1193 1211 1283 praeconiis
1239 1194 1330 1282 suis,
1358 1200 1479 1283 suapte
1507 1192 1711 1283 stupendam
1738 1198 1842 1283 atque
1869 1193 2016 1267 admiran-

371 1362 378 1370 .
494 1308 575 1380 dam
601 1311 785 1401 insigniter
811 1314 1019 1403 nobilitavit,
1046 1314 1225 1404 proprium
1262 1315 1367 1386 decus
1403 1314 1546 1386 cuilibet
1573 1313 1704 1403 officio,
1731 1314 1874 1386 cuilibet
1899 1336 2017 1406 respon-

492 1431 585 1503 sorio
613 1437 649 1503 et
675 1433 895 1524 antiphonae,
922 1434 1040 1507 divino
1067 1441 1107 1507 ut
1134 1456 1213 1508 reor
1241 1436 1367 1526 spiritu
1393 1436 1584 1525 inspiratus
1611 1436 1751 1525 adiecit,
1777 1435 1883 1526 adeo,
1908 1444 1944 1506 ut
1965 1460 2018 1509 uon

491 1555 626 1624 tantum
654 1553 755 1624 nobis
782 1574 825 1627 ex
852 1555 1057 1644 polonorum
1083 1578 1210 1646 genere
1239 1558 1334 1645 satis,
1362 1562 1398 1627 et
1425 1558 1484 1646 qui
1512 1554 1675 1627 Sanctum
1701 1554 1770 1627 Dei
1795 1558 2019 1649 magnacum,

490 1694 616 1764 magna
641 1676 875 1766 veneratione,
900 1676 994 1748 ultra
1019 1685 1176 1750 caeteros
1204 1679 1398 1768 obligamur
1425 1676 1601 1766 extollere,
1629 1676 1690 1748 sed
1716 1677 1821 1748 etiam
1849 1678 1970 1749 exteris
1985 1681 2021 1751 sit

341 1859 345 1870 .
493 1796 530 1865 in
557 1794 795 1871 admiratione.
832 1795 921 1869 Sunt
946 1803 1063 1870 autem
1090 1800 1126 1869 in
1153 1799 1304 1873 dioecesi
1339 1798 1562 1877 cracoviensi
1588 1796 1858 1869 mendicantium
1885 1798 2021 1872 ordinm
2109 1896 2110 1903 ἵ

372 1952 377 1961 -
492 1916 643 2007 quinque
668 1938 815 2008 genera,
842 1918 1004 1991 videlicet
1029 1941 1139 2009 genus
1166 1927 1202 1991 et
1229 1921 1314 1992 ordo
1346 1919 1640 2011 praedicatorum,
1665 1940 1775 2009 genus
1802 1924 1840 1991 et
1867 1919 1948 1991 ordo
1971 1922 2020 1991 mi-
2109 1910 2110 1945 ³

493 2058 626 2128 norum,
651 2060 761 2129 genus
788 2044 825 2111 et
851 2038 937 2112 ordo
963 2039 1110 2112 fratrum
1138 2042 1181 2113 de
1209 2042 1422 2132 poenitentia
1449 2042 1629 2112 beatorum
1658 2046 1863 2132 martyrum,
1882 2062 1981 2130 genus
1995 2049 2051 2114 et
2109 2040 2110 2125 ἶ

441 2210 446 2216 -
491 2160 577 2233 ordo
603 2158 750 2232 fratrum
777 2161 1046 2233 haeremitarum
1073 2165 1138 2235 sub
1165 2164 1287 2254 regula
1313 2163 1415 2235 Beati
1442 2161 1630 2253 Augustini
1656 2161 1861 2251 viventium,
1879 2167 1915 2252 et
1931 2183 2021 2251 genus

495 2288 532 2354 et
558 2281 644 2354 ordo
680 2281 828 2355 fratrum
862 2283 1133 2355 haeremitarum
1170 2284 1213 2355 de
1248 2288 1364 2355 monte
1399 2280 1619 2370 Carmeli,
1646 2280 1690 2353 de
1726 2282 1854 2372 quibus
1882 2282 2020 2355 omnibus
2109 2274 2110 2303 ³

490 2402 683 2475 adiuvante
710 2424 773 2475 nos
799 2404 963 2495 Domino,
989 2404 1257 2496 descriptionem
1284 2411 1439 2477 nostram
1467 2424 1543 2475 cum
1570 2407 1702 2493 quanta
1728 2402 1920 2493 poterimus
1944 2402 2018 2473 inte-

403 2607 405 2610 ,
490 2524 629 2616 gnitate,
655 2523 830 2616 faciemus,
855 2526 1084 2598 describendo
1111 2548 1230 2598 eorum
1258 2526 1479 2614 monasteria,
1505 2524 1581 2595 loca
1607 2530 1643 2595 et
1670 2530 1848 2613 tempora,
1877 2524 1939 2595 sub
1963 2526 2022 2614 qui·

488 2645 554 2717 bus
580 2645 616 2715 in
642 2644 793 2718 dioecesi
818 2632 1042 2719 Gracoviensi
1069 2646 1261 2719 introducti
1287 2651 1376 2737 sunt,
1403 2650 1438 2717 et
1464 2644 1586 2717 domus
1612 2648 1868 2735 eorum'atque
1895 2644 1972 2735 loca
1993 2648 2021 2717 et

490 2766 663 2857 aquibus
688 2768 848 2857 personis
873 2766 1018 2841 fundati.
1061 2752 1064 2760 ’
1159 2802 1161 2807 ·

592 2887 633 2957 ln
650 2886 887 2961 describendis
904 2893 1021 2961 autern
1038 2889 1259 2961 monasteriis
1277 2888 1562 2977 mendicantium,
1589 2885 1861 2977 descriptionem
1883 2892 2022 2988 ¹nostram

449 3104 457 3112 .
488 3006 666 3081 ordiemur
690 3008 839 3099 primam
870 3010 916 3081 ab
943 2985 1065 3082 ordine
1099 3010 1394 3100 praedicatorum,
1430 3009 1489 3099 qui
1523 3012 1559 3078 ct
1596 3010 1755 3095 tempore
1790 3006 1961 3078 vetustior
1982 3012 2024 3079 est

488 3150 592 3219 quam
618 3130 766 3221 caeteri,
791 3130 890 3203 etad
908 3129 1172 3203 Gracnriensem
1199 3132 1335 3221 urbem,
1361 3130 1471 3202 totius
1498 3128 1596 3218 regni
1619 3126 1785 3199 Poloniae
1811 3128 2024 3217 metropolim,
2109 3162 2110 3201 i

489 3251 655 3322 verticem
675 3257 717 3323 et
743 3258 865 3343 caput,
902 3254 999 3344 prior
1025 3276 1047 3325 a
1074 3255 1149 3326 siro
1176 3253 1358 3327 excellenti
1393 3257 1430 3324 ot
1451 3250 1600 3341 insigni,
1627 3252 1876 3340 spectataeque
1907 3249 2024 3321 videtis

488 3371 652 3461 pontifice
687 3371 910 3447 Gracoviensi
946 3376 1101 3449 Yrone
1137 3374 1181 3447 de
1208 3374 1395 3446 Konske
1435 3394 1478 3444 ex
1506 3370 1613 3443 nobili
1654 3370 1822 3461 prosapie
1860 3370 1977 3455 domui
1997 3376 2024 3441 ct
2109 3416 2110 3419 =

487 3491 638 3564 familiae
665 3490 864 3585 polonicaa,
890 3517 979 3587 quae
1005 3518 1043 3568 se
1067 3495 1383 3569 odrouafnscn
1409 3492 1581 3584 appellat,
1608 3498 1706 3579 orto,
1734 3490 1965 3588 introductus.
1997 3490 2023 3561 ls

487 3614 579 3685 enim
607 3636 684 3687 cum
710 3616 747 3687 in
764 3616 853 3688 urbe
877 3616 1036 3689 Romana
1060 3622 1199 3708 ageret,
1226 3624 1262 3689 et
1281 3616 1392 3689 Beato
1419 3616 1495 3687 viro
1521 3612 1763 3685 Dominico
1790 3612 1889 3702 patri
1915 3618 1950 3685 et
1964 3610 2024 3683 fun·

487 3735 603 3808 datori
631 3737 763 3809 ordinis
789 3738 1069 3828 praedicatorum
1096 3728 1279 3829 primario,
1307 3740 1342 3809 in
1371 3736 1467 3810 Urbe
1495 3734 1736 3824 commoranti,
1763 3740 1800 3805 et
1818 3733 2023 3805 declamatio

185 3834 216 3886 ⁸·
355 3942 359 3950 ⁴
486 3858 589 3929 uibus
616 3858 767 3932 assiduis
793 3859 837 3931 ad
864 3860 1029 3950 populum
1056 3861 1200 3948 nitenti,
1236 3860 1402 3949 singulari
1438 3857 1673 3929 familiaritate
1708 3854 1917 3929 coniunctus
1942 3858 2023 3939 esset

485 3997 563 4049 curn
590 3986 627 4051 st
643 3980 812 4053 miracula
838 3982 874 4052 in
892 3982 1159 4053 resuscitatione
1187 3987 1402 4054 mortuorum
1430 3978 1610 4069 stupenda,
1637 3982 1674 4048 et
1693 3976 1791 4047 varia
1817 3976 1892 4048 alia
1918 3974 2023 4047 sancti·

485 4100 570 4171 tatis
597 4122 705 4191 opera
739 4103 783 4173 ab
810 4124 852 4173 eo
878 4103 964 4192 fieri,
990 4103 1125 4174 carneis
1152 4103 1261 4175 oculis
1289 4102 1452 4191 vidisset,
1478 4099 1612 4171 ordinis
1638 4100 1744 4169 etiam
1767 4098 1887 4187 ipsius
1913 4096 2023 4168 Beatus
2065 4130 2071 4138 ·

485 4222 755 4296 Dominicus
780 4224 1095 4314 confirmationem,
1131 4246 1222 4296 anno
1250 4225 1389 4296 Domini
1421 4224 1516 4294 1217
1554 4240 1734 4291 asummo
1767 4217 1933 4311 pontifice
1958 4218 2023 4289 He
2109 4228 2110 4255 ³

349 4406 355 4418 .
484 4344 618 4415 norio
644 4365 736 4435 papa
762 4344 988 4436 obtinuisset,
1016 4345 1092 4417 deri
1123 4346 1191 4419 sibi
1219 4367 1241 4416 a
1265 4346 1377 4419 Beato
1404 4342 1649 4415 Dominico
1684 4345 1819 4413 certum
1858 4358 2021 4411 numemm

485 4464 653 4555 fratrum,
689 4487 776 4557 quos
802 4486 919 4539 secum
945 4468 994 4538 in-
1008 4466 1188 4540 Poloniam
1216 4467 1421 4566 deduceret,
1454 4471 1499 4550 et.
1516 4484 1579 4555 per
1606 4482 1693 4553 quos
1720 4460 1880 4532 ordinem
1907 4459 2024 4551 praedi-

486 4591 643 4658 catorum
669 4587 705 4657 in
732 4587 895 4661 Poloniae
922 4610 1049 4679 regno,
1083 4594 1120 4660 et
1146 4590 1356 4679 praesertim
1388 4589 1423 4658 in
1451 4586 1592 4657 ciuitate
1628 4582 1853 4663 Gracoviensi
1885 4581 2022 4654 ordinem

486 4706 677 4798 plantaret,
704 4710 910 4800 suppliciter
926 4711 1092 4800 expetit,
1109 4709 1160 4781 At
1178 4710 1232 4780 vir
1250 4709 1398 4781 Sanctus
1415 4692 1617 4780 Domiuidus
1643 4704 1770 4795 spiritu
1797 4703 1898 4775 illum
1923 4701 2023 4773 diuino

484 4829 643 4919 docente,
667 4830 891 4903 commatres
917 4832 987 4903 iam
1005 4832 1162 4904 ordinem
1189 4838 1226 4903 et
1244 4832 1398 4921 regulam
1422 4850 1519 4902 suam
1545 4826 1723 4919 professos
1750 4825 1802 4898 illi
1820 4824 1928 4915 dedit,
1954 4842 2023 4913 quos

484 4950 640 5041 pontifex
667 4951 760 5024 Yvo
795 4950 1037 5025 Oracomemis
1072 4972 1150 5024 eum
1178 4936 1392 5042 benignitate
1426 4956 1462 5022 et
1495 4946 1667 5040 profunda
1702 4947 1851 5018 caritate
1879 4944 2022 5033 suscepit

484 5073 520 5143 in
539 5070 722 5145 Poloniam
742 5092 859 5145 secum
876 5094 937 5146 eos
954 5073 1112 5163 deduxit,
1140 5073 1301 5145 videlicet
1317 5073 1462 5145 fratrem
1479 5071 1503 5144 J
1513 5071 1762 5142 aczkonem
1788 5068 1951 5159 polonum
1974 5085 2022 5135 ne

484 5194 588 5266 bilem
615 5192 781 5267 deterre
806 5193 1027 5286 Oppoliensi,
1062 5195 1312 5266 Henricum
1349 5192 1767 5267 ldoravinlector'em
1791 5190 1913 5263 ambos
1939 5206 2022 5279 prae

483 5315 657 5388 ditatores
684 5316 838 5388 eximios.
878 5316 918 5387 In
937 5316 1064 5388 itinere
1090 5322 1225 5407 antem,
1253 5338 1296 5388 ex
1323 5316 1419 5389 Urbe
1446 5316 1481 5387 in
1509 5313 1689 5386 Poloniam
1716 5310 1912 5417 redeundo,
1943 5308 2021 5379 Yvo
2109 5378 2110 5383 ,

326 5512 334 5523 ,
483 5435 637 5526 pontifex
672 5438 765 5529 apud
800 5436 1017 5511 carinthiam
1053 5438 1088 5509 in
1126 5438 1318 5510 Frisaco
1353 5438 1479 5528 oppido
1506 5437 1739 5523 constitutus,-
1771 5430 2021 5523 deposcentibus

421 5596 426 5607 ·
483 5558 665 5647 oppidanis
692 5561 728 5630 in
756 5560 951 5632 Frisaco
987 5566 1023 5631 et
1048 5561 1143 5632 clero
1178 5581 1219 5632 ac
1238 5560 1373 5651 ‘populo
1406 5558 1524 5651 oppidi
1552 5558 1724 5647 eiusdem,
1756 5562 1797 5628 ut
1823 5556 1895 5628 illis
1920 5571 2019 5627 seman

393 5772 397 5778 ι
479 5680 613 5751 ordinis
645 5680 926 5769 praedicatorum
961 5683 1194 5773 rehoqumet,
1230 5684 1287 5772 pia
1322 5682 1554 5773 benignitate,
1591 5681 1653 5754 sed
1689 5680 1826 5771 polonis
1864 5679 2018 5751 iniuriose
2109 5666 2110 5725 l
