4492 6592
478 743 526 815 88

475 949 542 1021 fnit
569 949 744 1022 celebrata
769 951 804 1021 in
832 950 1105 1022 Borzichow
1141 971 1231 1022 auno
1257 950 1508 1022 incarnationis
1534 949 1735 1021 Dominicae
1766 951 1874 1022 1210.
1919 947 2024 1023 (luins

470 1059 526 1141 ¹rei
561 1076 669 1142 testes
701 1077 798 1142 suut:
839 1071 1073 1143 Henricus
1110 1070 1420 1162 Archiepiscopus,
1457 1071 1740 1144 Vincentius
1774 1071 2025 1162 Crotoniensis,

475 1189 658 1264 Gethlro
685 1191 929 1283 Mazoviensis,
957 1193 1188 1264 Alnoldus
1214 1192 1471 1283 Poznaniensis,
1500 1174 1789 1264 Laurentius
1815 1191 2024 1264 Vratislari-

474 1315 576 1402 ensis,
604 1312 826 1402 Ogierius
854 1313 1087 1404 (lui'aviensis,
1128 1314 1420 1385 Laurentius
1447 1313 1681 1386 Lubuczeusis
1707 1314 1869 1404 episcopi,
1896 1312 2025 1404 Hugo

334 1448 338 1456 '
474 1433 688 1506 Gneznensis
716 1435 876 1525 decanus
904 1433 1166 1526 Gregorius
1193 1437 1427 1526 praepositus,
1464 1434 1631 1507 Petrus
1658 1434 1896 1506 Graooviensis
1922 1433 2026 1506 deca·

474 1576 548 1646 nus,
575 1555 879 1646 Boguphalus
907 1557 1143 1647 praepositus,
1180 1557 1346 1645 magister
1381 1556 1626 1647 Aegidius,
1660 1556 1829 1652 magister
1855 1555 2026 1626 Petrus

473 1681 509 1747 et
536 1676 624 1747 aliae
652 1677 899 1770 quamplures
927 1695 1096 1769 personae
1124 1679 1160 1748 in
1187 1679 1307 1749 eadem
1335 1678 1467 1768 synodo
1494 1678 1712 1766 assistentes,
1740 1677 1838 1749 cuius
1864 1676 2026 1748 donatio-

473 1799 527 1868 nis
555 1799 849 1870 confirmationem
876 1800 1069 1891 quicunque
1096 1804 1272 1872 attentare
1298 1800 1589 1891 praesumpserit,
1615 1799 1890 1891 indignationem
1915 1799 2027 1871 omni·

474 1921 628 2009 potentis
654 1920 721 1991 Dei
748 1941 786 1992 se
814 1921 952 1993 noverit
978 1922 1207 2013 incursurum.

582 2160 620 2234 ln
651 2163 807 2236 nomino
837 2143 988 2237 Domini
1018 2161 1156 2236 Amen.
1184 2163 1273 2254 Quia
1298 2163 1455 2253 mundus,
1485 2168 1522 2236 et
1542 2183 1586 2235 ea
1611 2183 1700 2254 quae
1725 2163 1845 2234 mnndi
1871 2169 1965 2253 sunt,
1991 2169 2029 2234 et

475 2283 591 2354 omnia
618 2284 791 2355 mundana
808 2285 843 2355 in
861 2285 1023 2377 abyssum
1043 2285 1227 2358 oblivionis
1245 2286 1460 2376 evolvuntur,
1487 2290 1675 2376 propterea
1700 2305 1765 2375 ego
1792 2283 2027 2380 Slarroscb

474 2425 550 2474 curn
588 2405 746 2477 omnibus
782 2406 1003 2496 pertinentiis
1030 2414 1066 2478 et
1093 2427 1170 2478 cum
1197 2407 1359 2497 ecclesia,
1394 2407 1607 2482 monasterio
1643 2405 1790 2477 Sanctae
1816 2405 1959 2477 Mariae
1981 2405 2026 2477 de

475 2525 657 2598 Buszko
685 2527 802 2618 offero,
830 2533 997 2619 perpetuo
1025 2528 1285 2617 haereditanda,
1312 2534 1348 2600 et
1365 2549 1409 2600 ne
1436 2529 1561 2619 aliquis
1578 2527 1614 2598 in
1631 2534 1807 2618 posterum
1834 2547 1942 2618 super
1958 2527 2026 2598 boc
2062 2531 2066 2537 '

474 2647 657 2738 malignari
684 2649 812 2738 possit,
854 2649 917 2721 sub
945 2649 1059 2740 sigillo
1088 2649 1218 2721 domini
1244 2649 1343 2720 ducis
1369 2649 1672 2739 Lesclreouis,
1708 2649 1744 2718 in
1771 2649 1847 2720 eius
1873 2649 2026 2719 baronc-

417 2864 422 2875 Χ
473 2789 549 2839 rum
577 2791 765 2861 congruum
802 2770 885 2842 duxi
913 2770 1119 2842 roboranda.
1164 2771 1286 2842 Testes
1312 2771 1415 2843 huius
1441 2762 1640 2842 donationis
1666 2771 1703 2841 bi
1729 2777 1828 2842 suut:
1863 2769 2025 2841 dominus

446 2889 543 2961 'dux
570 2890 794 2982 Lescboo,
822 2891 1076 2962 Pacoslaus
1104 2892 1296 2982 palatinus,
1323 2891 1557 2963 Osthasch
1585 2891 1801 2981 castellanus,
1837 2891 1917 2962 Ivo
1944 2911 2026 2962 ran·

472 3012 643 3104 cellarius,
669 3014 836 3104 magister
863 3012 1031 3085 Petrus
1059 3013 1331 3104 Streszcho,
1357 3020 1395 3085 et
1422 3013 1482 3085 alii
1508 3014 1626 3104 plnres
1653 3013 1721 3084 fide
1747 3012 1852 3104 digni.

579 3254 617 3327 ln
648 3255 804 3328 nomina
834 3255 986 3328 Domini
1015 3255 1153 3330 Amen.
1201 3255 1256 3328 Ad
1292 3264 1497 3348 perpetuam
1532 3233 1820 3328 rei‘menroriam.
1856 3256 2026 3346 Quamvis

473 3376 589 3466 regiae
625 3378 817 3450 maiestatis
853 3379 1047 3450 sublimitas
1083 3400 1125 3450 er
1153 3385 1332 3469 assumpto
1359 3378 1481 3469 officio,
1518 3378 1666 3470 quodam
1698 3378 1818 3450 debito
1853 3379 2026 3469 singulari

474 3503 645 3589 teneatur,
665 3497 804 3570 suorum
823 3499 1038 3572 intercedere
1057 3500 1245 3572 commodis
1263 3499 1490 3590 subditorum,
1517 3501 1656 3589 illorum
1672 3505 1789 3571 tainen
1807 3501 1919 3591 magis
1937 3499 2025 3573 late-

472 3625 531 3690 tur
558 3641 595 3690 se
622 3620 802 3710 debitara,
839 3642 923 3712 quos
950 3621 1068 3693 mundi
1096 3622 1209 3692 cernit
1234 3621 1396 3693 deserere
1432 3621 1655 3719 deliciasad
1682 3621 1803 3692 laudes
1830 3621 2024 3694 Salvatoris

471 3745 604 3812 mentes
640 3741 764 3832 dignae
801 3742 1102 3832 contemplationis
1139 3741 1323 3833 studiaque
1359 3742 1524 3814 relevare.
1577 3741 1728 3814 Proinde
1763 3761 1827 3813 uos
1865 3741 2024 3814 Vladi-

472 3862 602 3934 slaus
629 3862 695 3934 Dei
721 3863 838 3954 gratia
873 3885 934 3934 rex
961 3863 1126 3936 Poloniae
1153 3870 1217 3934 etc.
1261 3863 1503 3954 significamus
1530 3863 1655 3954 quibus
1682 3863 1824 3962 erpedit
1849 3864 2024 3936 universis

471 3989 540 4054 tam
569 3985 809 4073 praesentibus
846 4006 947 4076 quam
983 3985 1129 4074 futuris,
1167 3986 1401 4076 praesentium
1429 3986 1590 4056 notitiam
1622 3985 1814 4075 habituris,
1851 3985 2024 4074 quomodo

471 4105 688 4178 attendentes
716 4127 862 4197 maguae
889 4107 1084 4180 devotionis
1112 4108 1362 4196 constantiam,
1388 4108 1545 4178 stultae
1572 4107 1802 4195 sanctitatem,
1829 4107 1865 4176 in
1893 4107 2024 4177 sorori-

470 4227 535 4298 bus
562 4229 764 4299 monasterii
793 4228 963 4317 Btrslro,
998 4228 1343 4299 Imramowicze
1379 4234 1415 4299 et
1445 4227 1865 4318 Grzyzanowicze,
1889 4216 2023 4298 ordinis
2070 4213 2077 4222 ’

470 4349 839 4436 praemonstratensis,
876 4350 1006 4439 absque
1033 4349 1195 4420 clausura
1221 4349 1449 4438 manentibus,
1471 4350 1508 4420 in
1536 4349 1655 4438 patulo
1681 4349 1878 4438 potuissent
1914 4370 2024 4439 quan·

471 4469 584 4559 doque
611 4469 773 4541 scandala
799 4469 971 4542 sustinere
998 4470 1093 4561 ipsas
1120 4469 1164 4542 de
1190 4471 1331 4542 licentia
1357 4470 1451 4542 sedis
1470 4470 1705 4561 Apostolicae,
1730 4476 1767 4542 et
1794 4470 1938 4561 capituli
1963 4493 2023 4560 ge-

471 4591 598 4662 neralis
626 4592 749 4662 summi
776 4592 1136 4682 praemonstratensis,
1155 4613 1219 4683 per
1235 4592 1464 4664 reverendum
1482 4593 1518 4663 in
1536 4591 1676 4664 Christo
1693 4595 1828 4682 patrem
1846 4591 2024 4664 dominnm
2077 4663 2079 4667 ,
2160 4615 2163 4636 ¹

470 4712 712 4785 Albertum
748 4713 946 4803 episcopum
974 4711 1256 4804 Oracoviensem,
1292 4715 1391 4804 regni
1418 4715 1529 4785 nostri
1568 4713 1733 4786 Poloniae
1770 4713 2022 4804 cancellarium,

468 4839 508 4906 nt
533 4834 693 4906 abbatem
730 4833 991 4906 Vitboviensem
1020 4838 1055 4905 et
1081 4834 1368 4925 Brzescbensem,
1405 4842 1609 4907 executores
1635 4811 1689 4906 ad
1724 4835 1791 4906 boc
1821 4834 2022 4926 specialiter
2161 4835 2163 4876 ³

468 4955 663 5046 deputatae,
690 4955 728 5025 in'
753 4977 822 5026 uno
849 4956 1058 5027 monasterio
1085 4955 1293 5045 Buscheusi,
1321 4957 1385 5028 sub
1412 4957 1573 5028 clausura
1598 4961 1769 5047 perpetua
1794 4955 2021 5044 decrevimus,
2071 5038 2076 5047 ,
2161 4971 2163 4976 ·

458 5083 507 5155 „ut
534 5079 568 5148 in
597 5099 639 5149 ea
666 5065 899 5149 remanentes
919 5077 1134 5150 orationibus
1168 5079 1279 5149 tutius
1315 5099 1439 5150 vacare
1474 5078 1632 5168 valeant,
1654 5082 1708 5149 'et
1733 5077 1925 5150 Salvatoris
1952 5077 2022 5150 cle-

436 5201 629 5314 ⁸mantiam
657 5201 815 5272 devotius
842 5222 906 5306 pro
934 5200 1068 5271 delictis
1095 5201 1273 5272 hominum
1299 5221 1453 5272 exorare.
1480 5200 1647 5313 Volentes
1665 5204 1793 5296 antem,
1815 5205 1856 5272 ut
1873 5201 1937 5272 sub
1957 5201 2022 5270 bac
2090 5293 2093 5298 Ι

467 5323 628 5394 clausura
655 5321 782 5394 debitis
801 5321 1041 5394 alimentorum
1062 5327 1278 5394 sustentatae
1295 5321 1488 5412 stipendiis,
1516 5323 1632 5412 aptius
1650 5322 1787 5413 vulgari
1814 5322 2022 5394 inhaereant

468 5443 685 5535 disciplinae,
714 5451 749 5516 et
776 5467 839 5536 pro
868 5445 968 5516 nobis
1004 5444 1182 5517 ardentius
1213 5452 1249 5517 et
1276 5445 1436 5517 devotius
1471 5443 1672 5516 Creatorem
1708 5445 1859 5516 omniurn
1895 5442 2022 5534 depre·
2161 5533 2163 5538 .

359 5640 361 5646 ,
468 5571 598 5654 centur,
626 5567 711 5636 nihil
739 5568 873 5639 cautius
901 5565 1129 5658 arbitramus,
1168 5589 1269 5658 quam
1297 5574 1440 5639 terrena
1465 5588 1539 5656 pro,
1556 5561 1763 5637 caelestibus
1799 5565 1930 5637 caduca
1950 5587 2019 5656 pro
2156 5553 2163 5560 ’

467 5687 619 5761 aeternis
645 5685 793 5760 feliciter
812 5695 1033 5762 commutare.
1061 5689 1151 5762 Nam
1182 5691 1218 5761 in
1238 5695 1382 5761 aeterna
1407 5688 1623 5764 beatitudine
1640 5687 1843 5780 centuplum
1860 5689 2017 5781 recipere
