4492 6592
1744 777 1791 848 27

233 985 255 1057 J
266 1007 379 1057 acxo
409 987 464 1058 vir
490 987 600 1058 bonae
628 985 824 1074 memoriae,
852 984 1071 1055 Dominicum
1099 984 1213 1055 adiret
1239 983 1548 1074 Sepulchrum,‘ct
1566 985 1602 1053 in
1630 983 1715 1074 loco,
1733 984 1794 1057 ubi

234 1109 402 1180 steterint
426 1110 532 1199 pedes
559 1107 708 1196 Domini,
737 1107 908 1196 adoraret,
927 1106 1020 1178 inter
1046 1105 1115 1177 alia
1142 1106 1337 1177 devotionis
1365 1125 1449 1176 suae
1466 1105 1626 1195 insignia,
1644 1103 1793 1197 rogavit,

235 1235 274 1300 ut
309 1225 489 1301 Ecclesia
505 1229 622 1300 Sancti
659 1227 840 1319 Sepulchri
866 1237 980 1299 'unum
1018 1228 1060 1298 de
1088 1228 1262 1298 canonicis
1288 1228 1362 1299 suis
1391 1228 1520 1298 socium
1548 1227 1584 1298 iu
1612 1225 1791 1298 Poloniam

234 1351 410 1441 mitteret,
439 1355 608 1442 quatenus
636 1350 690 1421 ad·
708 1349 908 1421 solvendum
937 1329 1055 1420 votum
1083 1350 1175 1440 quod
1201 1348 1346 1438 fecerat,
1375 1369 1450 1419 cum
1478 1349 1682 1440 quibusdam
1710 1350 1793 1419 hae-

233 1472 446 1544 reditatibus
473 1472 665 1543 investiret.
694 1469 782 1560 Quia
809 1491 885 1542 cum
913 1477 1006 1542 esset
1033 1471 1087 1541 vir
1109 1469 1422 1554 christianissimus
1441 1476 1477 1539 et
1495 1471 1680 1560 praecipue
1699 1471 1791 1541 circa
1887 1455 1890 1461 ’

239 1592 472 1684 Sepulchrum
499 1583 717 1665 Dominicum
745 1593 899 1684 devotus,
928 1591 1107 1664 ecclesiam
1135 1597 1288 1662 nostram
1312 1591 1385 1662 suis
1412 1591 1526 1661 voluit
1544 1591 1665 1663 dotare
1684 1593 1793 1683 patri·

235 1716 371 1806 moniis,
399 1721 435 1786 et
461 1715 552 1806 apud
580 1709 731 1786 remotas
759 1715 852 1784 illius
879 1714 1078 1804 provinciae
1105 1705 1387 1804 gentes,·Christi
1406 1711 1651 1802 patrimonium
1671 1713 1792 1804 ampli-

237 1857 318 1925 are3
346 1843 387 1908 ut
414 1834 493 1907 dunt
522 1837 596 1907 eius
610 1836 862 1926 patrimonium
881 1834 1109 1925 amplificaret
1127 1835 1164 1905 in
1182 1819 1298 1924 tersia,
1316 1840 1479 1905 aetemae
1498 1835 1649 1905 civitatis
1667 1835 1792 1905 haeres

239 1956 429 2029 aGhristo
466 1958 704 2030 conscribatur
738 1957 774 2028 in
803 1957 917 2028 coelis.
958 1955 1044 2028 (ium
1061 1963 1154 2047 'crgo
1186 1956 1363 2047 quendam
1388 1955 1588 2027 canonicum
1616 1977 1731 2026 secum
1759 1957 1794 2025 in

237 2078 418 2152 Poloniam
437 2079 675 2169 perduxisset,
704 2077 835 2169 egregii
863 2078 992 2150 domini
1012 2078 1171 2149 Bolesl
1183 2077 1225 2149 ai
1253 2079 1350 2150 ducis
1369 2099 1545 2149 consensu·
1558 2098 1598 2148 ac
1617 2078 1795 2160 voluntate

127 2204 131 2220 ⁸
238 2200 454 2291 omnimoda,
480 2199 691 2290 tres-villas,
715 2199 880 2271 videlicet
919 2196 1169 2292 Myechou',
1207 2199 1487 2292 Zagorzycz,
1522 2197 1801 2300 Gomorouo,

176 2319 178 2322 ’
237 2322 272 2391 in
300 2326 505 2412 perpetuam
533 2323 784 2412 eleemosynam
811 2321 976 2392 canonico
1003 2325 1039 2392 et
1064 2322 1137 2392 suis
1164 2321 1422 2396 successorihus
1449 2321 1650 2410 assignavit.
1677 2319 1725 2390 Et
1752 2341 1795 2390 ne
1902 2359 1907 2368 ·

241 2442 368 2533 aliquis
404 2449 639 2515 successorum
677 2463 824 2514 snorum·
854 2442 1060 2514 donationes
1086 2443 1160 2514 eius
1187 2448 1307 2532 posset
1330 2443 1367 2512 in
1394 2442 1533 2513 irritum
1561 2441 1706 2542 ducere,
1734 2464 1796 2513 scu

240 2563 340 2634 villas
377 2555 656 2653 praenominatas
693 2585 714 2634 a
746 2562 1084 2655 Hyerosolimitanae
1110 2562 1288 2634 Ecclesiae
1316 2562 1467 2634 dominio
1494 2582 1676 2634 revocare:
1702 2561 1796 2634 futu·

245 2705 362 2755 rorum
398 2687 477 2775 paci
510 2683 697 2776 providens
733 2691 769 2756 et
785 2684 914 2775 -quieti,
940 2685 1156 2776 praedictum
1183 2685 1303 2756 ducem
1331 2683 1593 2755 Boleslaum
1620 2683 1796 2755 dominum

241 2827 339 2875 suum
375 2803 595 2877 familiariter
630 2807 735 2897 adiit,
770 2814 807 2877 et
842 2805 1239 2878 eius'coniirmaticnem
1264 2788 1427 2876 familiari
1463 2825 1604 2895 precum
1631 2805 1797 2875 instantia

241 2925 435 3016 requisivit.
475 2925 554 2997 Dux
590 2939 674 2997 'vero
700 2926 1021 3016 praestantissimus
1056 2923 1120 2996 has
1148 2943 1268 3015 preces
1295 2925 1440 2995 devotas
1467 2925 1677 3015 exaudiens,
1704 2923 1796 2996 villis

241 3047 284 3118 ab
320 3068 364 3121 eo
401 3045 539 3118 donatis
575 3069 673 3142 suam
710 3047 1003 3119 confirmationem
1039 3026 1215 3137 adhibuit,
1251 3052 1287 3118 et
1311 3046 1426 3118 >talem
1464 3048 1604 3137 insuper
1631 3046 1796 3117 ecclesiae

241 3173 383 3240 nostrae
398 3173 406 3198 ⁸
419 3168 635 3260 libertatem,
673 3175 709 3240 et
744 3174 933 3260 perpetuae
969 3168 1197 3240 immunitatis
1232 3169 1512 3259 praerogativam
1540 3168 1730 3258 concessit,
1756 3173 1796 3238 ut

244 3311 364 3361 omnes
384 3289 636 3381 haereditates,
665 3312 750 3382 quas
778 3289 1095 3382 Hyerosolimltana
1113 3288 1270 3362 Ecclesia
1287 3288 1338 3362 ibi
1354 3297 1472 3381 posset
1489 3291 1669 3381 acquirere
1686 3310 1797 3380 prop-

241 3417 295 3482 ter
327 3411 502 3486 Dominici
521 3410 719 3503 ‚Sepulchri
754 3411 1004 3503 reverentiam,
1041 3412 1084 3484 ab
1116 3412 1277 3484 omnibus
1313 3412 1459 3503 publicis
1494 3411 1732 3483 exactionibus
1759 3416 1795 3482 et

241 3531 410 3623 servitiiS,
427 3545 526 3624 ‘quae
553 3534 588 3603 in
616 3531 745 3604 ducatu
772 3532 936 3604 Poloniae
962 3527 1119 3623 luerint,
1137 3540 1254 3605 essent
1279 3534 1420 3624 penitus
1447 3533 1647 3622 absolutae3
1674 3533 1798 3604 statuit

241 3653 431 3744 siqnidem,
459 3653 551 3745 quod
587 3655 750 3748 homines,
780 3655 815 3726 in
853 3653 944 3725 villis
980 3655 1111 3726 nostris
1138 3646 1339 3727 habitantes
1359 3653 1418 3727 'ad
1445 3655 1701 3745 expeditionem
1727 3653 1798 3724 non

241 3781 341 3866 eant,
370 3781 522 3846 castrum
549 3797 617 3847 non
645 3777 846 3866 aedificent,
866 3773 1039 3870 porcellos
1064 3783 1101 3848 et
1126 3787 1259 3846 arcanc
1284 3797 1353 3847 non
1380 3775 1482 3867 dent,
1509 3776 1702 3848 monetario
1728 3796 1798 3845 nou

242 3895 417 3986 obediant,
437 3893 568 3992 pomos
585 3903 621 3968 et
635 3893 811 3992 'podwode
836 3919 904 3968 non
931 3897 1105 3988 tribuant3
1133 3892 1277 3988 propter
1301 3878 1396 3988 'quod
1414 3897 1560 3968 ecclesia
1578 3902 1706 3986 nostra,
1725 3903 1798 3966 tarn
1823 3930 1827 3939 ·

242 4037 330 4108 eum,
358 4038 461 4108 quam
488 4037 718 4095 successores·
732 4025 822 4109 suos,
850 4019 1045 4090 orationum
1073 4025 1109 4090 et
1135 4015 1395 4108 beneficiorum,
1417 4039 1506 4108 quae
1532 4018 1624 4108 apud
1644 4039 1706 4088 nos
1723 4015 1798 4087 fne-

243 4139 323 4230 rint,
351 4129 540 4240 participes
568 4149 644 4211 esse
680 4141 860 4214 concessit.
897 4139 961 4212 Oui
988 4161 1064 4211 cum
1093 4133 1269 4239 confrater
1304 4120 1429 4211 noster
1449 4138 1606 4210 Mesco
1633 4138 1799 4209 successit

243 4261 277 4330 in
305 4261 474 4332 honorem
510 4261 705 4352 regiminis,
732 4261 844 4333 iactus
876 4268 930 4334 est
956 4262 1132 4353 particeps
1158 4259 1318 4352 pietatis,
1345 4261 1426 4332 dum
1452 4259 1668 4351 libertatem,
1696 4280 1798 4352 quam

243 4382 341 4471 prior
364 4359 538 4473 'contulit‚
575 4401 723 4474 sequens
759 4383 982 4456 nihilominus
1011 4383 1236 4455 confirmavit.
1276 4370 1362 4453 Post
1386 4399 1467 4453 cum
1490 4381 1602 4453 irater
1627 4382 1702 4452 eius
1730 4381 1799 4452 dux

245 4501 516 4575 Kazimirns
540 4505 697 4606 priorum
725 4505 882 4596 exempla
909 4511 1056 4597 secutus,
1084 4505 1210 4576 donum
1237 4504 1412 4576 libertatis
1427 4525 1461 4574 a
1477 4503 1647 4576 iratribus
1671 4503 1802 4576 editum
1850 4526 1859 4543 *

243 4631 359 4695 ratum
396 4625 535 4715 habuit,
571 4633 608 4697 et
643 4619 728 4698 illud
757 4647 819 4698 suo
846 4627 1038 4718 privilegio
1056 4627 1253 4716 roboravit3
1279 4624 1373 4697 unde
1398 4624 1528 4698 factum
1555 4631 1627 4717 est,
1654 4631 1694 4697 ut
1720 4646 1800 4716 pro-

244 4765 343 4816 cessu
370 4747 537 4836 temporis
564 4747 664 4818 multi
692 4749 758 4820 viri
785 4749 918 4820 nobiles
945 4747 1183 4840 eleemosynas
1210 4769 1291 4818 suas
1308 4743 1486 4818 Ecclesiae
1505 4754 1646 4819 nostrae
1664 4745 1798 4818 confer-

245 4875 333 4958 rent,
361 4873 398 4937 et
425 4863 659 4940 haereditates
686 4889 727 4940 ac
754 4871 853 4940 villas
880 4859 946 4940 Dei
973 4869 1299 4960 intuitu-largirent,
1319 4889 1464 4960 qnorum
1483 4869 1622 4940 nomina
1640 4867 1800 4938 duximus

245 4985 473 5059 annectenda.
512 4989 674 5082 Inprimis
709 4989 867 5062 dominus
895 4987 1077 5062 Gethho
1105 4991 1314 5062 venerahilis
1342 4990 1583 5061 cracoviensis
1610 4991 1800 5079 episcopus,

245 5129 308 5199 pro
337 5093 544 5181 anima-sua
570 5118 607 5182 et
633 5131 872 5184 successorum
900 5129 1050 5202 suorum,
1078 5111 1176 5183 dedit
1202 5111 1379 5182 Ecclesiae
1411 5109 1530 5182 Sancti
1556 5103 1737 5200 Sepulchri
1763 5110 1800 5178 in

246 5230 500 5322 eleemosynam
528 5231 677 5304 decimas
713 5233 859 5307 istarum
889 5239 1039 5323 quatuor
1066 5233 1243 5322 villarum,
1262 5233 1405 5302 scilicet:
1441 5231 1481 5301 M
1489 5231 1699 5322 yechow,
1725 5229 1800 5300 Za-

244 5371 491 5443 gorzycze,
518 5351 781 5425 Gomorowu
817 5362 853 5424 et
874 5353 1096 5435 ¹(icczch'a.
1137 5353 1306 5424 Dominus
1333 5351 1677 5423 Svanthoslaus
1704 5351 1801 5422 dedit

80 5455 81 5464 ἵ
115 5537 119 5546 ,
223 5471 807 5546 Suc-achamlnlericrem.
825 5475 993 5546 Dominus
1012 5473 1409 5563 conresStephanus
1437 5470 1801 5550 deditGoczcham

236 5592 555 5682 Superiorem.
583 5590 705 5667 Comes
733 5595 957 5667 Nicolans
984 5595 1160 5684 palatinus
1187 5593 1284 5665 dedit
1302 5593 1388 5664 duas
1407 5593 1517 5683 villas,
1535 5592 1559 5664 J
1569 5615 1648 5664 acx
1659 5610 1737 5685 ycz
1765 5603 1801 5664 et

246 5713 528 5804 Raeplycze3
563 5715 673 5787 irater
700 5715 959 5788 Groc'olcha
986 5715 1081 5785 dedit
1106 5715 1233 5806 villam,
1261 5735 1349 5806 quae
1375 5721 1430 5785 est
1456 5715 1554 5786 iuxta
1581 5715 1801 5803 Mechov3
