4492 6592
476 783 554 856 404

473 996 633 1082 quatuor,
659 988 743 1059 item
770 1007 890 1059 caseos
916 986 1014 1061 dnos
1058 988 1148 1060 item
1174 986 1314 1061 laborat
1339 988 1493 1079 quilibet·
1514 1010 1617 1063 unam
1644 989 1735 1061 diem
1764 990 1798 1059 in
1826 990 2029 1079 septimana,

472 1111 613 1203 proprio
640 1130 745 1182 curru
771 1102 834 1181 ant
859 1115 990 1199 aratrm
1016 1110 1101 1181 item
1121 1107 1307 1204 potandam
1334 1110 1506 1200 duplicem
1533 1111 1705 1200 laborant,
1732 1132 1798 1201 pro
1826 1130 1909 1181 uere
1937 1110 2027 1183 scili·

450 1238 528 1304 -cet
553 1238 590 1303 et
615 1231 751 1325 hyeme3
776 1232 860 1306 item
887 1252 1004 1325 ooapep
1032 1231 1180 1321 solvunt,
1209 1236 1288 1303 octo
1315 1231 1440 1322 cboros
1467 1252 1596 1303 arenae
1615 1238 1653 1303 et
1669 1252 1730 1303 sex
1758 1232 1921 1321 siliginisq
1948 1231 2029 1301 item

472 1354 640 1425 tabernae
667 1374 735 1425 non
762 1358 863 1443 sunt,
898 1353 980 1423 item
1008 1352 1204 1442 hortulani,
1241 1352 1322 1423 item
1355 1352 1534 1443 praedium
1571 1353 1770 1425 coenobiale
1806 1374 1878 1425 non
1913 1352 2028 1423 estin

473 1476 595 1549 eadem
622 1475 723 1565 villa3
759 1475 840 1548 item
869 1472 1101 1546 molendinum
1129 1475 1247 1547 estin
1273 1474 1413 1547 flumine
1440 1474 1694 1565 Kamyona,
1731 1481 1769 1545 et
1793 1474 1902 1545 soluit
1928 1494 2029 1544 unam

473 1618 679 1689 sexagenum
707 1618 771 1687 pro
798 1617 913 1669 censu.
939 1596 1026 1669 Item
1053 1616 1173 1669 omnes
1200 1596 1277 1687 agri
1295 1596 1400 1669 villae
1427 1596 1568 1669 solvmrt
1585 1602 1621 1667 et
1638 1595 1836 1668 conducunt
1862 1594 2029 1667 decimam

474 1720 723 1811 manipularem
761 1725 797 1791 et
832 1718 1050 1810 canapalem,
1085 1738 1150 1808 pro
1186 1718 1333 1789 ecclesia
1368 1718 1559 1813 parochiali
1595 1726 1632 1789 et
1658 1718 1815 1807 plebano
1843 1719 1879 1789 in
1907 1714 2029 1787 Wan-

474 1842 721 1933 otoozsko,
748 1845 784 1912 et
810 1840 915 1928 valor,
935 1840 1011 1913 eius
1037 1841 1244 1913 aestimatur
1262 1840 1412 1913 adduas
1430 1860 1574 1930 marcas,
1601 1839 1786 1931 aliquando
1805 1838 1850 1911 ad
1869 1844 2029 1929 quatuor.

474 1966 562 2037 Item
589 1942 787 2037 emetbones
814 1962 917 2035 uillae
944 1962 1075 2035 ducunt
1105 1964 1197 2037 retia
1222 1963 1268 2035 ad
1294 1982 1463 2054 campum.
1508 1962 1594 2033 Item
1622 1962 1659 2033 in
1685 1960 1905 2033 haereditate
1932 1980 2030 2050 proc·

474 2086 546 2159 iata
572 2093 627 2159 est
651 2085 785 2157 lubrica
808 2083 895 2157 ferri
921 2085 957 2155 in
983 2083 1122 2157 llnmine
1148 2082 1415 2177 Kamyona,
1433 2090 1470 2157 et
1496 2083 1601 2156 soluit
1627 2064 1776 2174 triginta
1801 2100 1940 2155 marcas
1967 2100 2028 2171 pro

475 2229 590 2281 ceusu.
616 2204 779 2279 Confluat
805 2226 881 2277 cnm
901 2260 1016 2277 .....
1334 2236 1337 2241 ·
1365 2272 1388 2311 ,ἱ

578 2328 751 2419 Zusczm,
778 2327 862 2401 uilla
887 2328 952 2399 sub
979 2327 1147 2417 parocbia
1172 2326 1215 2399 de
1234 2372 1348 2397 .....
1376 2328 1453 2417 sita,
1481 2347 1584 2417 quam
1611 2326 1690 2399 lvo
1717 2324 1808 2397 lilius
1831 2323 1948 2396 Saulis
1975 2344 2029 2396 co-

475 2449 835 2525 mitisdeKonslre
862 2445 1364 2537 dedomoOdrovausclr,
1392 2447 1619 2523 cancellarius
1636 2446 1735 2519 ducis
1767 2444 2029 2517 Lertlronis

474 2572 715 2645 Gracoviensis
742 2571 868 2661 Albi,
908 2576 1033 2661 expost
1057 2569 1242 2661 episcopus
1269 2568 1521 2659 cracoviensis,
1547 2569 1695 2643 contudit
1722 2568 1946 2641 monasterio.
1990 2567 2030 2637 ln

333 2744 337 2752 ι
475 2717 544 2787 qua
571 2700 653 2766 sunt
679 2694 772 2765 lanei
798 2692 1045 2781 cmetbonales,
1071 2698 1106 2765 et
1134 2692 1239 2765 solvit
1266 2692 1413 2783 quilibet
1431 2746 1439 2762 .
1458 2746 1465 2763 .
1536 2738 1555 2781 ,·
1572 2692 1654 2763 item
1682 2711 1767 2781 ova,
1795 2692 1880 2763 item
1901 2689 2028 2779 gallos,

474 2818 557 2889 item
585 2836 714 2905 caseos3
741 2815 824 2887 item
851 2814 959 2902 labor,
986 2814 1069 2885 item
1094 2811 1250 2907 powodo,
1277 2812 1359 2885 item
1387 2834 1535 2907 omzycp,
1562 2813 1645 2885 item
1663 2814 1819 2900 taberna,
1847 2812 1930 2881 item
1949 2810 2030 2881 bor·

473 2937 595 3027 tulani,
623 2937 706 3007 item
732 2935 922 3027 praedium,
950 2936 1032 3005 item
1060 2934 1303 3007 molendinum.
1330 2934 1417 3007 Item
1446 2954 1564 3007 omnes
1588 2934 1667 3023 agri
1695 2933 1798 3005 villae
1825 2932 1968 3003 solvunt
1994 2936 2029 3001 et

460 3058 669 3135 mnducunt
694 3056 862 3131 decimam
889 3054 1139 3147 manipularem
1167 3062 1203 3127 et
1229 3055 1536 3147 canapariam...
1576 3053 1737 3127 Conlinat
1762 3074 1840 3125 cum
1859 3108 1978 3125 .....

578 3179 835 3268 Wunzsucza,
861 3176 944 3247 villa
979 3176 1110 3250 babens
1138 3176 1173 3246 in
1202 3196 1239 3247 se
1266 3175 1499 3267 parochialem
1524 3176 1707 3250 ecclesiam
1733 3174 1903 3265 ligneum,
1927 3194 2026 3263 quam

475 3305 591 3371 comes
617 3298 757 3372 Ottho
784 3304 821 3370 et
847 3296 1085 3369 cristinus
1110 3297 1204 3379 lilius
1231 3276 1594 3401 Pyotrkonisde
1622 3296 1789 3369 Skrzin
1815 3295 1928 3367 irater
1955 3296 2026 3367 eius

475 3420 697 3492 contulerunt
723 3420 949 3509 monasterio,
976 3425 1012 3491 et
1038 3417 1212 3491 Lestlro
1240 3418 1384 3491 Albus
1419 3419 1488 3491 dux
1517 3417 1758 3493 cracoviensis
1783 3418 1944 3509 pluribus
1970 3438 2026 3487 er·

474 3542 556 3613 tulit
582 3540 814 3631 libertatibus,
840 3547 876 3611 et
902 3541 980 3613 iura
1003 3542 1121 3613 omnia
1147 3538 1284 3613 ducello
1310 3540 1513 3631 attributa,
1541 3560 1629 3631 quse
1657 3541 1692 3611 in
1719 3560 1761 3611 ea
1787 3538 1930 3629 habnt,
1957 3560 2025 3611 mo
2141 3524 2143 3611 l

475 3664 629 3736 naslerio
665 3662 816 3734 donauit
856 3661 895 3734 ln
932 3682 1001 3754 qua
1036 3668 1120 3733 sunt
1154 3661 1301 3752 triginta
1335 3661 1404 3733 duo
1439 3660 1529 3733 lanei
1564 3662 1818 3751 cmetlronales,
1853 3666 1892 3731 et
1928 3660 2026 3733 solvit

475 3770 622 3877 quilibet
649 3804 753 3855 unum
779 3781 959 3873 fertonem,
986 3785 1069 3855 item
1097 3803 1164 3855 oua
1190 3783 1345 3874 triginta,
1373 3783 1456 3855 item
1482 3782 1594 3873 gallos
1613 3782 1781 3874 quatuor,
1808 3784 1892 3853 item
1912 3800 2025 3852 casem

475 3928 543 3977 non
571 3905 720 3977 solvunt
755 3904 844 3977 Item
870 3905 1032 3980 laborant
1058 3902 1149 3977 diem
1176 3925 1280 3977 uuam
1308 3924 1371 3995 pro
1401 3924 1499 3994 vere,
1526 3904 1629 3977 aliam
1657 3924 1721 3995 pro
1749 3905 1891 3994 hyeme,
1920 3906 2031 4003 mant,
2082 4008 2084 4013 Ι
2141 3886 2143 3969 l

474 4028 641 4120 aspirant,
667 4032 704 4098 et
729 4026 816 4099 duos
843 4026 917 4099 dies
944 4031 1097 4117 metunt3
1122 4027 1158 4099 iu
1186 4026 1380 4116 septimana
1406 4047 1474 4097 non
1502 4026 1663 4099 laborant
1680 4025 1780 4097 diem.
1809 4026 1896 4097 ltem
1909 4046 2026 4120 pomo·
2141 4016 2143 4097 l

473 4148 552 4245 bora
578 4156 762 4240 utramque
788 4148 959 4240 laborant,
986 4168 1093 4219 unum
1118 4146 1359 4221 tantummodo
1379 4147 1497 4237 dien,
1523 4168 1592 4221 nou
1619 4146 1752 4219 ducunt
1779 4166 1869 4237 quae
1898 4166 2026 4215 mesau-
2142 4210 2143 4219 r

475 4273 588 4361 erint3
616 4272 701 4343 item
728 4292 866 4367 omzpqr
892 4270 1048 4361 solvunt,
1085 4275 1164 4342 octo
1196 4270 1322 4347 cboros
1348 4290 1479 4343 avenae
1506 4276 1541 4343 et
1568 4276 1719 4360 quatuor
1745 4268 1906 4359 siliginis.
1945 4268 2027 4339 item
2142 4276 2143 4307 ³

269 4456 278 4469 .
354 4413 362 4428 ·
474 4394 641 4467 tabernae
669 4414 730 4463 sex
757 4392 970 4482 monasterii,
997 4392 1166 4463 babentes
1184 4412 1296 4493 agros,
1315 4398 1352 4463 et
1370 4391 1548 4482 quaelibet
1574 4391 1679 4463 solvit
1701 4390 1848 4465 mediam
1869 4410 2029 4461 mmmm.
2142 4376 2143 4455 Ϊ

477 4512 563 4585 Item
600 4513 819 4585 hortulaniae
857 4514 906 4585 ibi
938 4513 1062 4605 vig-inti
1090 4520 1258 4605 quatuor,
1285 4518 1321 4583 et
1347 4512 1524 4603 quaelibet
1559 4516 1632 4583 tres
1666 4502 1809 4602 grossos
1844 4510 1965 4600 soluit,
1996 4516 2031 4581 ct
2142 4498 2143 4593 J

477 4654 583 4704 unum
610 4633 700 4705 diem
728 4634 834 4725 pedes
870 4634 904 4705 in
932 4634 1126 4725 septimana
1162 4634 1306 4706 laborat.
1352 4634 1437 4705 ltem
1470 4634 1563 4707 ultra
1589 4634 1694 4724 baec,
1721 4654 1780 4705 sex
1809 4632 2029 4705 hortulanise

477 4754 646 4827 habentes
673 4771 786 4845 agrae,
813 4762 849 4827 et
876 4755 980 4827 soluit
1005 4755 1182 4846 quaelibet
1209 4755 1357 4827 mediam
1384 4775 1544 4827 marcam.
1584 4754 1672 4827 ltem
1699 4752 1880 4845 praedium
1909 4774 2031 4827 coeno

476 4876 568 4947 biale
596 4876 645 4948 ibi
673 4896 741 4949 non
769 4881 825 4947 est
850 4876 1000 4967 aliquod.
1027 4876 1113 4947 Item
1142 4876 1374 4950 molendinum
1403 4896 1470 4949 non
1499 4882 1560 4947 cst
1588 4876 1676 4949 Item
1695 4896 1815 4949 omres
1833 4876 1912 4965 agri
1933 4876 2032 4947 villae
2141 4870 2143 4947 ἶ

476 4998 617 5071 solvunt
653 4997 822 5069 decimam
857 4997 1107 5089 manipularem
1135 5005 1171 5069 et
1198 4997 1416 5089 canapalem,
1443 5003 1479 5067 et
1506 4998 1702 5079 conducunt
1728 5016 1792 5087 pro
1813 4996 2031 5067 monasterio

476 5118 771 5208 Wancboczensi,
797 5124 833 5189 et
861 5119 959 5191 valor
986 5120 1061 5191 eius
1087 5120 1293 5189 aestimatur
1319 5118 1362 5189 ad
1390 5118 1544 5209 triginta·
1564 5138 1709 5191 marcas.
1744 5118 1832 5189 llam
1861 5118 2030 5207 peamau
2142 5204 2143 5209 Ἰ

475 5240 581 5313 habet
607 5242 768 5333 proprios
795 5260 899 5332 agros
926 5245 962 5310 et
988 5260 1090 5311 unam
1118 5217 1309 5329 tabernam,
1338 5259 1425 5329 quae
1452 5239 1559 5311 habet
1586 5260 1699 5331 agros
1726 5245 1762 5310 et
1788 5237 1894 5311 solvit
1914 5239 2030 5328 pleba-

475 5384 520 5434 no
548 5363 697 5435 mediam
724 5382 885 5435 marcam
913 5360 999 5432 Item
1026 5360 1209 5433 advocatia
1236 5367 1290 5433 est
1317 5360 1365 5431 ibi
1392 5360 1524 5435 habeus
1551 5360 1638 5433 duos
1665 5360 1801 5449 laneae,
1827 5360 1929 5431 cuim
1958 5359 2028 5449 agri
2142 5378 2143 5383 ’

476 5484 649 5557 decimant
675 5484 841 5557 ecclesiae
867 5491 904 5555 et
930 5483 1078 5575 plebano
1105 5483 1141 5554 in
1170 5481 1440 5572 Wirzbicza,
1466 5489 1502 5554 et
1529 5482 1697 5556 habetde
1715 5500 1821 5561 ceusu
1839 5480 2027 5553 munium

477 5602 636 5680 munna
664 5626 741 5679 cum
768 5604 939 5695 Mirow,
966 5604 1142 5697 Rogow,
1169 5609 1314 5695 utraque
1341 5602 1676 5695 Lyepyenicaa,
1703 5602 1841 5692 Roda,
1869 5602 2027 5675 Raecz·
2142 5624 2143 5667 r

349 5764 356 5775 ’
477 5725 583 5817 keu,
609 5726 925 5817 Dambrowlra,
951 5726 1251 5819 Bnlrouyccz.
