4492 6592
531 794 607 866 42'4

528 1000 775 1072 monasterium
803 1000 995 1089 Mogileuse
1022 1002 1183 1091 pertinet.
1219 1002 1258 1073 In
1287 1024 1354 1091 qua
1380 1009 1462 1073 sunt
1489 1010 1619 1093 septem
1647 1005 1741 1075 lanei
1767 1004 2014 1095 cmethonales,
2036 1018 2062 1081 et

529 1122 675 1225 quilibet
701 1122 806 1192 solvit
832 1144 934 1193 uriam
962 1145 1123 1229 marcam,
1151 1124 1233 1193 item
1261 1145 1326 1194 ova
1352 1126 1551 1214 sexaginta,
1578 1126 1671 1194 item.
1687 1126 1815 1215 gallos,
1846 1127 1931 1196 item
1959 1100 2062 1201 caseos

529 1243 618 1313 Item
644 1220 790 1313 taberna
816 1243 949 1314 habens
977 1266 1089 1335 agros,
1117 1251 1153 1315 et
1181 1245 1284 1315 solvit
1312 1266 1374 1334 pro
1403 1266 1508 1315 censu
1535 1252 1608 1316 tres
1637 1267 1779 1317 marcas.
1820 1247 1915 1317 Item
1942 1248 2063 1321 taberna

530 1364 599 1435 alia
626 1364 725 1434 iuxta
752 1370 891 1453 pontem
919 1366 1051 1435 habens
1079 1386 1192 1455 agros,
1220 1366 1324 1436 solvit
1350 1386 1414 1457 pro
1442 1388 1545 1437 censu
1573 1366 1751 1438 duodecim
1771 1389 1931 1457 marcas,
1949 1370 2062 1441 etduo-

526 1486 637 1556 decim
666 1505 823 1575 capones.
850 1485 937 1555 Item
966 1508 1084 1557 omnes
1111 1487 1310 1557 cmethones
1338 1486 1440 1559 villae
1469 1488 1608 1558 solvunt
1634 1493 1670 1558 et
1698 1488 1902 1559 conducunt
1921 1486 2062 1563 decimam

527 1608 777 1699 manipularem
805 1612 842 1678 et
868 1584 1066 1697 canapalem
1093 1628 1157 1697 pro
1185 1610 1395 1679 monasterio
1423 1609 1459 1679 iri
1487 1608 1671 1699 Mogila,
1699 1615 1735 1680 et
1762 1610 1863 1681 valor
1892 1610 1966 1680 eius
1982 1614 2064 1681 aesti-

506 1712 644 1799 'matur
670 1728 715 1800 ad
743 1734 821 1799 octo
849 1749 990 1799 marcas,

635 1847 738 1923 Fons
767 1848 868 1921 Salis
904 1850 940 1919 in
973 1849 1138 1939 Magno
1176 1850 1296 1939 Sale,
1325 1850 1358 1921 id
1395 1856 1449 1922 est
1486 1850 1521 1921 in
1549 1848 1820 1941 Wyeliczha
1850 1850 1996 1941 oppido,
2020 1854 2063 1923 obi

528 1970 620 2041 sales
646 1970 865 2041 effodiuntur.
901 1969 980 2040 Non
1006 1970 1119 2041 hahet
1141 1977 1254 2041 autem
1294 1972 1537 2042 monasterium
1566 1970 1759 2060 Mogilense
1787 1992 1808 2041 a
1837 1970 1959 2041 multis
1984 1974 2063 2046 anuis
2125 1988 2126 1991 ’

528 2090 724 2162 huiusmodi
758 2090 888 2162 sontem
920 2091 1020 2180 sahs,
1047 2090 1176 2162 dudum
1211 2094 1254 2162 ab
1291 2112 1332 2163 eo
1367 2092 1563 2163 alienatum.
1604 2091 1722 2162 Habet
1749 2096 1868 2161 tamen
1898 2092 1933 2162 in
1961 2094 2063 2183 oppido

528 2210 574 2280 W
581 2210 807 2303 yelyczka
834 2217 984 2302 quatuor
1008 2212 1150 2301 macella
1177 2214 1388 2303 carnificum,
1416 2234 1503 2304 quae
1530 2212 1621 2283 forte
1649 2212 1684 2282 in
1712 2232 1976 2301 recompensam
2000 2214 2064 2285 salis

527 2333 576 2402 ibi
612 2332 741 2421 habiti,
777 2334 988 2405 monasterio
1024 2334 1228 2424 consignata
1264 2342 1353 2405 sunt.
1393 2336 1480 2406 Item
1517 2334 1624 2405 habet
1660 2340 1820 2423 quatuor¹
1848 2333 1976 2405 bancos
2000 2336 2064 2405 salis

526 2453 658 2543 grossi,
686 2459 723 2524 et
749 2452 929 2535 duodecim
965 2476 1146 2527 mensuras
1173 2456 1316 2545 minuti,
1344 2476 1432 2547 quae
1459 2460 1616 2546 utraque.
1641 2452 1856 2525 monasterio
1885 2452 1954 2525 Mo
1962 2454 2063 2545 gilae

526 2572 807 2646 Vladislaus
826 2630 833 2644 .
854 2630 861 2644 .
880 2630 887 2645 .
906 2574 1072 2648 Poloniae
1099 2598 1161 2647 rex
1188 2578 1224 2647 in
1252 2576 1503 2669 eleemosynam
1531 2580 1700 2666 perpetuo
1720 2574 1878 2644 donavit.

634 2697 886 2787 Psanooczrrq
914 2698 998 2769 villa
1023 2698 1257 2788 parochialem
1285 2698 1463 2769 ecclesiam
1481 2697 1595 2788 lapide
1614 2694 1745 2786 quadro
1765 2700 1800 2765 et
1818 2714 1928 2784 opere
1946 2701 2060 2766 vetusto

528 2820 730 2891 fabricatam
766 2819 897 2891 habehs
933 2820 968 2889 in
996 2839 1042 2889 se.
1078 2818 1118 2890 In
1147 2840 1214 2909 qua
1250 2819 1422 2909 quondam
1459 2838 1572 2889 comes
1609 2815 1889 2886 Praudotha
1916 2814 2062 2887 dedomo
2093 2892 2126 2912 „

527 2939 842 3012 Odrowansch
869 2941 1115 3016 monasterium
1144 2940 1425 3012 Cisterciensium
1453 2939 1676 3011 inchoaverat
1701 2936 1861 3027 fundare,
1881 2939 1975 3007 cuius
1998 2958 2060 3027 pro

526 3063 657 3152 prietas
683 3083 726 3132 ex
754 3060 941 3133 donatione
967 3062 1127 3133 lvonis
1155 3062 1199 3133 ad
1226 3062 1472 3133 monasterium
1492 3060 1661 3133 Clarae
1690 3056 1894 3128 Tambae
1922 3058 2059 3147 pertinet
2091 3070 2095 3077 '

527 3182 566 3253 ln
594 3204 662 3273 qua
689 3190 770 3254 sunt
797 3184 1047 3274 quinquaginta
1073 3184 1166 3254 lanei
1194 3182 1437 3286 emethonaleS,
1464 3186 1500 3252 et
1519 3180 1622 3252 solvit
1641 3179 1787 3270 quilibet
1805 3178 1984 3250 duodecim
2001 3200 2057 3250 can

527 3303 640 3374 medio
667 3310 799 3376 scottos
825 3324 1025 3395 grossorum
1051 3304 1326 3393 bohemicalium,
1354 3304 1437 3374 item
1457 3324 1522 3375 ova
1542 3302 1742 3392 sexaginta,
1770 3300 1855 3371 item
1877 3320 1992 3371 caseos
2007 3322 2057 3370 non

527 3422 623 3509 dant,
650 3425 732 3495 item
758 3424 869 3515 gallos
897 3445 958 3496 seu
984 3444 1133 3516 capones
1160 3444 1229 3497 non
1256 3426 1404 3497 solvunt.
1431 3425 1519 3495 Item
1546 3423 1708 3494 laborant
1735 3441 1795 3491 sex
1825 3420 1903 3491 dies
1930 3421 1963 3491 ln
1987 3440 2056 3491 anm

526 3565 590 3634 pro
617 3546 837 3617 monasterio.
865 3546 953 3616 Item
972 3544 1158 3640 pomobam
1184 3568 1252 3617 non
1280 3546 1450 3637 laborant,
1479 3545 1539 3615 sed
1568 3566 1710 3638 maqowe,
1737 3542 1787 3612 ita
1815 3541 1911 3632 quod
1938 3542 2056 3632 quilibet

526 3666 652 3757 hospes
679 3666 722 3737 de
749 3667 889 3737 minimo
917 3687 1002 3758 agro
1020 3673 1161 3739 tenetur
1178 3672 1308 3739 metere
1328 3668 1478 3757 qumque
1496 3666 1618 3737 dlebus
1636 3665 1672 3735 in
1691 3682 1811 3734 messe.
1838 3662 1929 3734 Item
1946 3684 2056 3756 osaapqi

527 3795 676 3878 quatuor
702 3810 881 3860 mensuras
918 3790 1048 3881 tr'Itici,
1074 3794 1224 3879 quatuor
1261 3808 1440 3860 mensuras
1468 3787 1633 3877 siliginis,
1661 3790 1696 3856 et
1725 3774 1878 3875 quatuor
1906 3803 2055 3855 mensuras

527 3930 668 3999 avenae,
696 3932 783 4000 quae
812 3911 855 3982 ad
883 3911 1130 3982 monasterium
1159 3910 1287 3981 debent
1314 3909 1446 3980 deduci.
1487 3909 1574 3979 Item
1602 3908 1769 3979 tabernae
1798 3905 1889 3977 duae
1916 3906 2055 3975 habentes

526 4051 639 4122 agrOS,
666 4052 736 4102 una
763 4032 866 4102 solvit
893 4032 1045 4121 quinque
1072 4052 1219 4121 marcas,
1248 4030 1316 4101 alia
1342 4036 1415 4102 tres
1443 4050 1587 4118 marcas,
1615 4032 1693 4099 octo
1721 4031 1874 4115 scottos,
1903 4033 1937 4097 et
1961 4025 2053 4116 pleba·

527 4172 591 4221 nus
618 4150 712 4251 tollit
739 4172 802 4243 pro
830 4153 958 4224 lumine
985 4153 1142 4243 paschali
1169 4153 1311 4223 tertium
1340 4152 1528 4241 denarium,
1556 4148 1717 4243 uidelicet
1744 4168 1847 4218 unam
1878 4168 2012 4218 marcam
2027 4151 2053 4214 et

526 4272 674 4344 sedecim
701 4279 841 4345 scottos.
869 4274 954 4344 Item
983 4274 1159 4365 quaelibet
1186 4274 1332 4345 taberna
1359 4294 1462 4344 unum
1492 4272 1639 4362 lapidem
1668 4270 1751 4360 sepi.
1778 4268 1867 4340 Item
1896 4265 2051 4340 hortulani.

525 4396 612 4466 Item
648 4394 827 4485 praedIum
863 4416 987 4485 unum,
1024 4394 1067 4466 de
1102 4396 1200 4466 cuius
1237 4396 1330 4485 agris
1367 4394 1432 4465 soli
1460 4394 1587 4465 tollunt
1614 4414 1656 4463 ex
1685 4388 1846 4462 scoltetia
1875 4390 2051 4473 ordinatum,

526 4536 627 4607 quam
664 4515 888 4588 N'icolaus
922 4517 1054 4607 prinms
1089 4517 1198 4588 abbas
1232 4538 1296 4607 pro
1333 4515 1595 4607 quadringentis
1631 4513 1741 4583 decim
1778 4512 1905 4582 marcis
1930 4511 2051 4581 latorum

524 4656 725 4726 grossorum
753 4639 845 4726 emit,
873 4638 1093 4709 aestimatum
1117 4638 1161 4708 ad
1181 4638 1439 4729 quatuordecIm
1458 4638 1585 4708 laneos.
1613 4635 1700 4706 Item
1719 4630 1959 4704 molendinum.
1982 4630 2048 4699 Item

416 4851 420 4860 .
525 4756 568 4827 de
597 4758 755 4828 omnibus
782 4759 876 4848 agris
904 4758 1005 4829 villae
1032 4759 1179 4830 solvitur
1205 4766 1241 4830 et
1268 4760 1471 4831 conducitur
1498 4758 1631 4829 decima
1657 4754 1885 4845 manipularis
1911 4760 1944 4824 et
1968 4768 2046 4822 cana·

524 4878 613 4968 palis
648 4899 713 4968 pro
750 4878 959 4951 monasterio
995 4878 1186 4969 Mogila,
1215 4887 1250 4951 et
1285 4881 1383 4950 valor
1419 4880 1492 4950 eius
1524 4878 1729 4949 aestimatur
1756 4874 1800 4945 ad
1828 4871 2048 4965 quinquaginta
2108 4890 2112 4899 ’

408 5058 411 5065 .
523 5020 666 5071 marcas.
693 5000 780 5071 Item
808 5000 975 5091 plebanus
1003 5000 1108 5071 habet
1135 5001 1183 5072 ibi
1210 5020 1313 5091 agros
1342 5001 1499 5090 proprios
1519 4998 1721 5089 praedialeS,
1741 4995 1903 5069 videlicet
1920 4990 2044 5067 medium

523 5121 670 5193 laneum.
696 5122 785 5194 Item
812 5122 972 5196 scoltetia
998 5127 1053 5192 est
1079 5122 1137 5213 ibi,
1165 5123 1296 5194 habens
1315 5122 1451 5192 laneum
1471 5142 1576 5191 unum
1594 5120 1750 5191 liberum.
1778 5116 1866 5189 Item
1886 5122 1957 5188 octo
1973 5108 2043 5182 lanei

391 5334 397 5343 Ι
523 5242 625 5314 liberi
653 5243 739 5314 alias
767 5240 898 5339 wolny,
926 5251 961 5314 et
988 5242 1135 5334 quilibet
1162 5244 1266 5316 solvit
1294 5266 1356 5335 pro
1385 5264 1490 5314 censu
1517 5242 1603 5314 duas
1630 5262 1773 5312 marcas.
1814 5240 1900 5310 Item
1927 5239 2044 5327 quatuor

523 5364 624 5450 lanei,
652 5365 710 5455 qui
737 5370 906 5437 vocantur
934 5364 1196 5457 Powoszny‚
1224 5372 1259 5436 et
1286 5367 1433 5457 quilibet
1460 5364 1564 5436 solvit
1592 5384 1694 5433 unam
1721 5380 1880 5433 marcam.
1907 5360 1983 5430 Item
2000 5350 2043 5423 alii
2095 5384 2104 5391 ·

523 5486 784 5575 quatuordecim
811 5508 888 5558 cum
916 5486 1028 5558 medio
1056 5486 1338 5577 Oblowsczy,
1362 5492 1401 5583 et
1429 5486 1574 5577 quilibet
1602 5485 1706 5556 solvit
1734 5506 1837 5555 unam
1857 5494 2041 5572 sexagenum.

524 5606 684 5677 Confluat
710 5627 787 5679 cum
814 5606 1051 5677 Kaczicze.
1233 5612 1236 5619 '

626 5724 832 5817 Kacnczn,
860 5726 943 5798 villa
969 5727 1034 5799 sub
1060 5726 1226 5816 parochia
1253 5724 1295 5797 de
1323 5726 1615 5801 Prandoczin
1643 5728 1729 5819 sita,
1757 5704 1855 5799 cuius
1881 5722 2040 5817 proprietas
