4492 6592
368 809 380 832 s
498 747 574 818 274

498 957 580 1024 sunt
605 949 730 1038 viginti
756 947 848 1018 lanei
875 945 1130 1032 emethonales3
1156 945 1333 1034 perceptio
1360 947 1476 1015 autem
1503 942 1660 1014 decimae
1685 941 1956 1032 diversificatur,
1977 967 2035 1018 ona

497 1072 586 1141 enim
614 1089 696 1159 pars
724 1067 837 1138 minor
863 1065 907 1136 de
934 1065 1027 1154 agris
1054 1084 1177 1136 versus
1203 1064 1321 1135 villam
1348 1062 1436 1152 sitis,
1464 1062 1557 1134 cedit
1583 1063 1850 1153 praepositurae
1876 1061 2034 1136 Sandoni-

496 1190 625 1278 r-iensi,
653 1194 689 1259 et
716 1187 820 1260 solvit
855 1206 917 1276 par
944 1189 1095 1276 quatuor
1122 1185 1262 1276 ierugas
1289 1179 1414 1274 canapi
1440 1189 1478 1254 et
1503 1184 1673 1256 inducunt
1699 1184 1736 1254 iu
1761 1166 1930 1255 horreum
1952 1205 2034 1275 prae·

496 1299 618 1400 positi,‘
642 1309 739 1380 cuius
766 1308 864 1380 valor
891 1307 935 1378 ad
962 1305 1144 1378 duodecim
1170 1325 1305 1376 marcas
1323 1305 1551 1393 aestimatur;
1576 1304 1729 1377 secunda
1746 1324 1832 1394 pars
1850 1304 1957 1378 maior
1972 1317 2037 1395 post

498 1453 601 1522 agros
629 1431 764 1520 aliquos
792 1428 884 1500 cedit
910 1427 1030 1500 abbati
1065 1425 1387 1516 Szeczechoviensi,
1414 1431 1451 1496 et
1476 1425 1602 1497 fluvius
1628 1425 1790 1516 Dunay
1818 1424 1944 1496 diuidit
1966 1425 2036 1498 alias

398 1550 400 1558 '
498 1552 643 1642 Polya
669 1549 1034 1640 Myelczouslra;
1071 1548 1114 1618 da
1142 1547 1250 1620 tertia
1275 1566 1359 1618 vero
1386 1552 1488 1636 parte
1513 1546 1608 1618 cadit
1634 1545 1768 1616 decima
1793 1545 1927 1616 decem
1950 1545 2037 1635 Kyel-

500 1673 614 1744 czensi
640 1675 724 1765 post
747 1669 901 1741 modicos
936 1689 1093 1760 campen,
1120 1668 1180 1759 qui
1206 1671 1375 1739 vocantur
1394 1664 1640 1762 przymparky.
1676 1667 1767 1738 Item
1792 1670 1851 1738 est
1876 1665 1926 1738 ihi
1949 1689 2038 1739 unum

462 1875 466 1882 ,
500 1792 679 1883 praedium
707 1789 858 1862 militare
884 1796 922 1862 et
948 1790 1101 1880 quinque
1126 1787 1355 1878 hortulaniae‚
1383 1789 1427 1860 de
1453 1798 1600 1878 'qnorum
1627 1787 1723 1878 agris
1749 1787 1901 1860 soluitur
1926 1785 2039 1860 decima

500 1915 535 1984 in
563 1913 741 1983 Zakrzo
754 1933 793 1982 w.
829 1911 917 1982 Item
954 1915 1037 1982 sunt
1072 1909 1179 1981 etiam
1206 1909 1243 1980 in
1270 1909 1390 1981 malem
1417 1908 1501 1979 villa
1526 1914 1601 1980 tres
1627 1909 1814 1998 tabernae,
1843 1907 1888 1980 de
1913 1929 2039 2000 quorun

503 2034 598 2124 angs
625 2033 730 2104 datur
757 2032 890 2104 decima
916 2031 952 2102 in
979 2031 1209 2106 Zakrzou.
1652 2097 1658 2104 .
1784 2045 1789 2052 '

606 2153 907 2241 annzrszow‚
934 2151 1017 2222 villa
1050 2152 1120 2223 suh
1134 2151 1319 2242 parochia
1353 2149 1521 2222 acclesiae
1556 2150 1600 2223 de
1626 2149 1820 2244 Moyselr
1848 2151 1935 2241 sita,
1959 2151 2041 2224 cuns

502 2275 697 2364 proprietas
725 2273 770 2346 ad
796 2272 1043 2346 monasterium
1070 2271 1351 2344 Wanchoczense
1378 2272 1541 2362 pertinet
1567 2271 1609 2342 In
1636 2293 1706 2362 qua
1722 2277 1804 2344 sunt
1823 2272 1948 2362 viginti
1963 2272 2038 2342 lanei
2106 2265 2111 2272 “

502 2394 754 2482 emethonales,
782 2393 825 2464 de
852 2387 977 2482 quibus
1012 2392 1172 2464 omnibus
1207 2392 1355 2464 solvitur
1381 2397 1418 2464 et
1443 2392 1648 2464 conducitur
1674 2392 1809 2466 decima
1835 2391 2041 2483 mampulmr's

502 2520 538 2585 et
563 2514 747 2604 canapalis,
775 2533 839 2602 pro
866 2511 1014 2584 ecclesia
1040 2519 1077 2584 et
1102 2514 1312 2586 monastario
1339 2513 1650 2602 Szeczechoviensi,
1676 2517 1712 2584 et
1737 2512 1838 2584 valor
1865 2512 1939 2584 eius
1954 2512 2041 2584 aesti-

505 2639 619 2706 matur
647 2635 691 2705 ad
718 2632 900 2705 duodecim
935 2653 1089 2724 marcas,
1116 2632 1303 2724 aliquando
1330 2633 1375 2704 ad
1402 2632 1617 2723 quindecim,
1644 2633 1830 2724 aliquando
1858 2633 1904 2704 ad
1930 2631 2041 2722 viginti

503 2757 590 2828 Item
618 2756 785 2826 tabernae
813 2741 902 2824 duae
929 2753 1100 2826 habentes
1125 2773 1240 2843 agros,
1267 2753 1312 2826 de
1338 2753 1465 2843 quihus
1490 2753 1684 2824 decimatur
1710 2754 1880 2826 ecciesiae
1898 2754 1934 2826 in
1949 2752 2039 2824 Mni-

505 2877 622 2948 szek.
659 2877 746 2946 Item
773 2873 959 2946 hortulani.
994 2875 1082 2946 Item
1109 2880 1165 2945 est
1191 2873 1227 2944 iu
1254 2873 1375 2945 eadem
1400 2874 1486 2945 villa
1518 2874 1699 2964 praedium
1725 2875 1929 2946 monasterii
1952 2873 2040 2944 Wan-

504 2998 713 3087 ehamensis,
741 2995 784 3066 de
811 3015 879 3084 quo
906 2995 992 3067 nulli
1019 2995 1187 3066 decimam
1209 2986 1464 3085 manipularem
1491 2994 1596 3066 solvit
1621 2993 1683 3066 sed
1709 3015 1785 3066 earn
1811 3015 1879 3085 pro
1903 3015 1942 3066 sa
1958 2993 2041 3080 tollit,

504 3123 541 3190 et
566 3119 603 3190 in
630 3118 794 3189 horreum
822 3137 923 3188 suum
950 3115 1091 3188 inducit.

609 3238 757 3309 Woara
783 3237 1178 3326 anazuscuoweun,
1205 3236 1376 3309 Rooowa
1401 3235 1548 3309 Wourn
1574 3236 1679 3310 hodie
1704 3242 1862 3328 vocatur,
1888 3236 1968 3309 villa
1990 3235 2041 3304 sni

503 3339 672 3449 parochia
698 3357 864 3430 ecclesiae
895 3357 939 3428 de
966 3356 1150 3428 Mnisek
1177 3358 1265 3446 sita,
1292 3358 1389 3430 cuius
1415 3359 1612 3449 proprietas
1638 3364 1676 3430 et
1701 3357 1893 3432 dominium
1919 3356 1961 3430 ad
1983 3375 2041 3426 no

505 3479 697 3552 hasterium
734 3477 1014 3552 Wanchoczense
1049 3479 1212 3569 pertinet.
1250 3479 1291 3550 In
1318 3499 1387 3569 qua
1413 3486 1495 3552 suut
1530 3478 1599 3550 duo
1613 3480 1715 3572 ‚lanei
1740 3471 1986 3566 emethonales‚
2008 3475 2042 3546 de

507 3600 632 3692 quibus
661 3599 819 3671 omnihus
856 3599 1004 3672 solvitur
1030 3599 1165 3672 decima
1190 3600 1435 3690 manipularis,
1462 3605 1500 3672 et
1525 3621 1589 3690 per
1616 3606 1767 3690 quatuor
1793 3602 1933 3691 ierugas
1958 3617 2041 3670 caua

506 3721 595 3812 palis
622 3721 833 3792 monasterio
861 3720 1182 3810 Szeczechoviensi‚
1209 3726 1246 3792 et
1272 3721 1370 3793 valor
1397 3721 1472 3792 eius
1499 3723 1707 3794 aestimatur
1732 3722 1777 3794 ad
1804 3722 1894 3794 duas
1919 3737 2041 3792 marcas.

506 3843 593 3914 Item
621 3863 690 3912 non
718 3847 772 3914 est
799 3841 988 3932 praedium.
1015 3843 1102 3914 Item
1130 3842 1279 3915 taberna
1306 3863 1383 3914 una.
1410 3843 1497 3916 Item
1524 3844 1725 3916 hortulania
1750 3863 1828 3916 una

510 3964 515 3972 '
611 3961 759 4054 Gunrun
786 3955 1054 4052 Knsszow'sun,
1082 3962 1166 4036 villa
1193 3964 1257 4036 sub
1284 3963 1452 4054 parochia
1477 3964 1642 4036 ecclesiae
1669 3964 1712 4036 de
1739 3965 1956 4036 Zakrzou
1979 3960 2040 4047 sita,

506 4084 604 4155 cuius
630 4084 754 4155 haeres
780 4083 958 4156 lohannes
994 4084 1307 4175 Kasszowshy
1342 4085 1468 4157 nobIIIs
1495 4085 1538 4156 de
1564 4087 1671 4157 armis
1696 4085 1720 4158 J
1729 4107 1783 4158 au
1793 4107 1893 4177 yna.
1926 4084 1964 4154 ln
1987 4099 2042 4170 qua

507 4211 589 4276 sunt
615 4205 706 4276 lanei
733 4206 986 4296 emethonales‚
1013 4206 1057 4278 de
1084 4206 1210 4296 quihus
1236 4206 1414 4295 omnihus,
1441 4205 1590 4280 solvitur
1615 4206 1750 4278 decima
1775 4204 1993 4299 manipularis
2013 4207 2041 4270 et

358 4341 362 4348 ·
507 4327 682 4416 casopolis
718 4327 929 4398 monasterio
967 4327 1278 4399 Szeczechoviensi.
1319 4328 1406 4399 Item
1434 4328 1590 4400 taberna.
1630 4329 1717 4400 Item
1744 4329 1931 4402 hortulani.
1967 4327 2038 4398 lton

506 4447 686 4537 praedium
722 4448 860 4520 unicum
896 4447 1064 4539 militare,
1091 4448 1136 4520 de
1162 4449 1259 4520 cuins
1286 4449 1381 4539 agris
1408 4449 1556 4522 soluitur
1582 4449 1717 4520 decima
1742 4445 1966 4541 manipularis
1988 4466 2039 4537 pro

508 4567 655 4638 ecclesia
681 4568 871 4657 parochiali
898 4569 933 4639 in
961 4567 1192 4640 Zakrzow.
1462 4649 1467 4654 ,

613 4686 772 4758 Guurun
800 4687 1022 4779 Gonnum,
1049 4690 1134 4762 villa
1169 4691 1233 4763 suh
1271 4690 1438 4781 parochia
1473 4691 1639 4764 ecclesiae
1666 4691 1710 4763 de
1735 4691 1955 4766 Zakrzou
1978 4689 2038 4774 sita

508 4809 605 4880 cuius
632 4809 757 4881 haeres
783 4809 963 4882 Iohannes
990 4809 1222 4902 Gulinslry
1249 4812 1376 4886 nobilis
1404 4812 1448 4885 de
1475 4813 1576 4884 domo
1602 4811 1782 4884 Janina.
1817 4813 1858 4884 In
1885 4835 1953 4904 qua
1975 4814 2040 4881 sunt

506 4931 597 5002 lanei
624 4930 868 5021 cmethonales,
896 4931 938 5002 de
966 4952 1112 5021 quorum
1140 4933 1235 5023 agris
1262 4933 1409 5006 solvitur
1435 4933 1570 5006 decima
1595 4934 1832 5025 manipularis²
1860 4941 1896 5006 et
1921 4954 1977 5025 per
1992 4985 1999 4999 .
2013 4983 2039 4998 ..

507 5053 646 5142 ierugas
673 5052 858 5142 campalis,
886 5053 1098 5124 monasterio
1126 5051 1436 5128 Szeczechoviensi.
1463 5055 1552 5126 Item
1579 5060 1635 5125 est
1659 5055 1709 5126 ihi
1727 5055 1867 5127 unicum
1884 5052 2039 5146 praediun

506 5173 668 5263 miIItare,
695 5173 738 5244 de
765 5173 863 5246 cuius
890 5173 985 5263 agris
1012 5173 1158 5246 soletur
1184 5173 1318 5270 decima
1343 5174 1570 5265 manipularis
1596 5175 1762 5248 ecclesiae
1779 5175 1816 5246 in
1833 5176 2039 5248 Zakrzou.

506 5293 593 5366 Item
619 5295 775 5398 taberna.
802 5295 890 5365 Item
917 5293 1104 5365 hortulani.

611 5414 723 5486 Nova
751 5413 977 5506 Gzrnnrrnw,
1003 5415 1087 5488 villa
1122 5416 1254 5488 hahens
1291 5417 1328 5488 in
1364 5437 1401 5489 se
1437 5417 1615 5489 ecclesiam
1643 5417 1878 5508 parochialem
1904 5418 2039 5508 ligneam,

508 5535 605 5604 cuins
631 5536 755 5608 haeres
782 5537 947 5610 Nicolans
973 5537 1111 5629 Dzylr,
1140 5537 1268 5610 nobilis
1293 5538 1338 5609 de
1364 5538 1467 5611 domo
1495 5539 1692 5630 Dolywa.
1718 5538 1848 5630 inqua
1864 5539 1955 5612 lanei
1969 5551 2038 5607 cnc-

508 5653 685 5746 thonales,
713 5656 756 5729 de
792 5657 918 5748 quibus
952 5660 1110 5734 omnibus
1147 5659 1296 5732 solvitur
1331 5665 1368 5732 et
1394 5659 1571 5734 inducitur
1607 5659 1740 5732 decima
1765 5659 1996 5753 manipularis,
2013 5657 2040 5726 et
