<?xml version="1.0" encoding="UTF-8"?>
<!DOCTYPE html PUBLIC "-//W3C//DTD XHTML 1.0 Transitional//EN"
    "http://www.w3.org/TR/xhtml1/DTD/xhtml1-transitional.dtd">
<html xmlns="http://www.w3.org/1999/xhtml" xml:lang="en" lang="en">
 <head>
  <title>
</title>
<meta http-equiv="Content-Type" content="text/html;charset=utf-8" />
  <meta name='ocr-system' content='tesseract 3.04.00' />
  <meta name='ocr-capabilities' content='ocr_page ocr_carea ocr_par ocr_line ocrx_word'/>
</head>
<body>
  <div class='ocr_page' id='page_1' title='image "./operaomnia00paulgoog_0478.png"; bbox 0 0 4492 6592; ppageno 0'>
   <div class='ocr_carea' id='block_1_1' title="bbox 1698 772 1772 843">
    <p class='ocr_par' dir='ltr' id='par_1_1' title="bbox 1698 772 1772 843">
     <span class='ocr_line' id='line_1_1' title="bbox 1698 772 1772 843; baseline -0.027 0"><span class='ocrx_word' id='word_1_1' title='bbox 1698 772 1772 843; x_wconf 83' lang='lat'><strong>453</strong></span> 
     </span>
    </p>
   </div>
   <div class='ocr_carea' id='block_1_2' title="bbox 112 964 2014 4810">
    <p class='ocr_par' dir='ltr' id='par_1_2' title="bbox 217 964 1942 1545">
     <span class='ocr_line' id='line_1_2' title="bbox 323 964 1816 1065; baseline 0.007 -26"><span class='ocrx_word' id='word_1_2' title='bbox 323 967 452 1041; x_wconf 82' lang='lat' dir='ltr'><strong>Frater</strong></span> <span class='ocrx_word' id='word_1_3' title='bbox 467 967 618 1064; x_wconf 88' lang='lat' dir='ltr'><strong>Petrus</strong></span> <span class='ocrx_word' id='word_1_4' title='bbox 646 968 887 1043; x_wconf 87' lang='lat' dir='ltr'><strong>Wassirahe</strong></span> <span class='ocrx_word' id='word_1_5' title='bbox 914 970 957 1041; x_wconf 94' lang='lat' dir='ltr'><strong>de</strong></span> <span class='ocrx_word' id='word_1_6' title='bbox 975 969 1141 1043; x_wconf 83' lang='lat' dir='ltr'><strong>Oulmen</strong></span> <span class='ocrx_word' id='word_1_7' title='bbox 1160 971 1384 1045; x_wconf 87' lang='lat' dir='ltr'><strong>theutonicus</strong></span> <span class='ocrx_word' id='word_1_8' title='bbox 1412 972 1551 1065; x_wconf 87' lang='lat' dir='ltr'><strong>electus,</strong></span> <span class='ocrx_word' id='word_1_9' title='bbox 1579 980 1659 1065; x_wconf 90' lang='lat' dir='ltr'><strong>post</strong></span> <span class='ocrx_word' id='word_1_10' title='bbox 1676 978 1774 1049; x_wconf 91' lang='lat' dir='ltr'><strong>cuius</strong></span> <span class='ocrx_word' id='word_1_11' title='bbox 1809 964 1816 972; x_wconf 63' lang='grc'><strong>’</strong></span> 
     </span>
     <span class='ocr_line' id='line_1_3' title="bbox 220 1091 1773 1180; baseline 0.006 -19"><span class='ocrx_word' id='word_1_12' title='bbox 220 1096 368 1161; x_wconf 90' lang='lat' dir='ltr'><strong>mortem</strong></span> <span class='ocrx_word' id='word_1_13' title='bbox 402 1091 528 1162; x_wconf 86' lang='lat' dir='ltr'><strong>divisio</strong></span> <span class='ocrx_word' id='word_1_14' title='bbox 555 1092 591 1163; x_wconf 93' lang='lat' dir='ltr'><strong>in</strong></span> <span class='ocrx_word' id='word_1_15' title='bbox 616 1092 797 1180; x_wconf 87' lang='lat' dir='ltr'><strong>provincia</strong></span> <span class='ocrx_word' id='word_1_16' title='bbox 835 1092 928 1163; x_wconf 88' lang='lat' dir='ltr'><strong>inter</strong></span> <span class='ocrx_word' id='word_1_17' title='bbox 954 1092 1105 1164; x_wconf 91' lang='lat' dir='ltr'><strong>Polonos</strong></span> <span class='ocrx_word' id='word_1_18' title='bbox 1132 1099 1169 1163; x_wconf 92' lang='lat' dir='ltr'><strong>et</strong></span> <span class='ocrx_word' id='word_1_19' title='bbox 1195 1093 1370 1165; x_wconf 89' lang='lat' dir='ltr'><strong>Almanos·</strong></span> <span class='ocrx_word' id='word_1_20' title='bbox 1397 1094 1490 1167; x_wconf 88' lang='lat' dir='ltr'><strong>facta</strong></span> <span class='ocrx_word' id='word_1_21' title='bbox 1524 1101 1588 1167; x_wconf 90' lang='lat' dir='ltr'><strong>est.</strong></span> <span class='ocrx_word' id='word_1_22' title='bbox 1629 1097 1773 1171; x_wconf 82' lang='lat' dir='ltr'><strong>Fratres</strong></span> 
     </span>
     <span class='ocr_line' id='line_1_4' title="bbox 218 1210 1887 1308; baseline 0.004 -27"><span class='ocrx_word' id='word_1_23' title='bbox 218 1212 310 1281; x_wconf 88' lang='lat' dir='ltr'><strong>enirn</strong></span> <span class='ocrx_word' id='word_1_24' title='bbox 339 1211 463 1283; x_wconf 93' lang='lat' dir='ltr'><strong>Poloni</strong></span> <span class='ocrx_word' id='word_1_25' title='bbox 500 1210 712 1283; x_wconf 81' lang='lat' dir='ltr'><strong>Nicolaum</strong></span> <span class='ocrx_word' id='word_1_26' title='bbox 739 1212 783 1283; x_wconf 92' lang='lat' dir='ltr'><strong>de</strong></span> <span class='ocrx_word' id='word_1_27' title='bbox 809 1211 958 1283; x_wconf 91' lang='lat' dir='ltr'><strong>Bresth</strong></span> <span class='ocrx_word' id='word_1_28' title='bbox 985 1213 1021 1284; x_wconf 96' lang='lat' dir='ltr'><strong>in</strong></span> <span class='ocrx_word' id='word_1_29' title='bbox 1047 1213 1295 1303; x_wconf 85' lang='lat' dir='ltr'><strong>provincialem</strong></span> <span class='ocrx_word' id='word_1_30' title='bbox 1332 1214 1528 1305; x_wconf 79' lang='lat' dir='ltr'>elegerant,</span> <span class='ocrx_word' id='word_1_31' title='bbox 1565 1218 1625 1307; x_wconf 91' lang='lat' dir='ltr'><strong>qui</strong></span> <span class='ocrx_word' id='word_1_32' title='bbox 1652 1224 1774 1308; x_wconf 83' lang='lat' dir='ltr'><strong>expost</strong></span> <span class='ocrx_word' id='word_1_33' title='bbox 1881 1276 1887 1288; x_wconf 83' lang='grc'>,</span> 
     </span>
     <span class='ocr_line' id='line_1_5' title="bbox 218 1313 1942 1425; baseline 0.005 -23"><span class='ocrx_word' id='word_1_34' title='bbox 218 1333 252 1402; x_wconf 89' lang='grc'><strong>10</strong></span> <span class='ocrx_word' id='word_1_35' title='bbox 279 1338 454 1403; x_wconf 83' lang='lat' dir='ltr'><strong>conventu</strong></span> <span class='ocrx_word' id='word_1_36' title='bbox 480 1330 702 1404; x_wconf 71' lang='lat' dir='ltr'>cracoviensi</span> <span class='ocrx_word' id='word_1_37' title='bbox 728 1331 842 1403; x_wconf 85' lang='lat' dir='ltr'><strong>luerat</strong></span> <span class='ocrx_word' id='word_1_38' title='bbox 867 1332 1089 1423; x_wconf 89' lang='lat' dir='ltr'><strong>praedicator</strong></span> <span class='ocrx_word' id='word_1_39' title='bbox 1114 1334 1284 1424; x_wconf 89' lang='lat' dir='ltr'><strong>egregius,</strong></span> <span class='ocrx_word' id='word_1_40' title='bbox 1311 1340 1347 1405; x_wconf 88' lang='lat' dir='ltr'><strong>et</strong></span> <span class='ocrx_word' id='word_1_41' title='bbox 1365 1335 1551 1425; x_wconf 86' lang='lat' dir='ltr'><strong>inquisitor</strong></span> <span class='ocrx_word' id='word_1_42' title='bbox 1577 1337 1772 1409; x_wconf 80' lang='lat' dir='ltr'><strong>haereticae</strong></span> <span class='ocrx_word' id='word_1_43' title='bbox 1939 1313 1942 1321; x_wconf 46' lang='grc'><em>’</em></span> 
     </span>
     <span class='ocr_line' id='line_1_6' title="bbox 217 1451 1824 1545; baseline 0.006 -23"><span class='ocrx_word' id='word_1_44' title='bbox 217 1453 423 1542; x_wconf 87' lang='lat' dir='ltr'><strong>pravitatis,</strong></span> <span class='ocrx_word' id='word_1_45' title='bbox 457 1451 585 1525; x_wconf 81' lang='lat' dir='ltr'><strong>iratres</strong></span> <span class='ocrx_word' id='word_1_46' title='bbox 621 1461 736 1525; x_wconf 89' lang='lat' dir='ltr'><strong>autem</strong></span> <span class='ocrx_word' id='word_1_47' title='bbox 763 1460 800 1524; x_wconf 87' lang='lat' dir='ltr'><strong>et</strong></span> <span class='ocrx_word' id='word_1_48' title='bbox 826 1454 961 1543; x_wconf 80' lang='lat' dir='ltr'><strong>priores</strong></span> <span class='ocrx_word' id='word_1_49' title='bbox 987 1452 1127 1525; x_wconf 83' lang='lat' dir='ltr'><strong>Almani</strong></span> <span class='ocrx_word' id='word_1_50' title='bbox 1163 1454 1343 1545; x_wconf 88' lang='lat' dir='ltr'><strong>elegerunt</strong></span> <span class='ocrx_word' id='word_1_51' title='bbox 1378 1454 1520 1529; x_wconf 86' lang='grc'>11011011</span> <span class='ocrx_word' id='word_1_52' title='bbox 1557 1458 1771 1531; x_wconf 84' lang='lat' dir='ltr'><strong>Nicolaum</strong></span> <span class='ocrx_word' id='word_1_53' title='bbox 1820 1467 1824 1476; x_wconf 77' lang='lat'><strong><em>‘</em></strong></span> 
     </span>
    </p>

    <p class='ocr_par' dir='ltr' id='par_1_3' title="bbox 112 1572 722 1667">
     <span class='ocr_line' id='line_1_7' title="bbox 112 1572 722 1667; baseline 0.003 -25"><span class='ocrx_word' id='word_1_54' title='bbox 112 1599 113 1602; x_wconf 42' lang='lat'>¹</span> <span class='ocrx_word' id='word_1_55' title='bbox 219 1574 299 1643; x_wconf 88' lang='lat' dir='ltr'><strong>Bar</strong></span> <span class='ocrx_word' id='word_1_56' title='bbox 326 1574 371 1644; x_wconf 93' lang='lat' dir='ltr'><strong>de</strong></span> <span class='ocrx_word' id='word_1_57' title='bbox 398 1572 722 1667; x_wconf 86' lang='lat' dir='ltr'><strong>Osszwyanczin.</strong></span> 
     </span>
    </p>

    <p class='ocr_par' dir='ltr' id='par_1_4' title="bbox 135 1694 1914 2998">
     <span class='ocr_line' id='line_1_8' title="bbox 135 1694 1770 1793; baseline 0.004 -29"><span class='ocrx_word' id='word_1_58' title='bbox 135 1782 145 1793; x_wconf 77' lang='lat'><strong>,</strong></span> <span class='ocrx_word' id='word_1_59' title='bbox 320 1694 449 1767; x_wconf 84' lang='lat' dir='ltr'><strong>Frater</strong></span> <span class='ocrx_word' id='word_1_60' title='bbox 483 1694 508 1767; x_wconf 87' lang='lat' dir='ltr'>J</span> <span class='ocrx_word' id='word_1_61' title='bbox 513 1696 692 1786; x_wconf 84' lang='lat' dir='ltr'><strong>ohannes</strong></span> <span class='ocrx_word' id='word_1_62' title='bbox 728 1696 929 1766; x_wconf 90' lang='lat' dir='ltr'><strong>monasterii</strong></span> <span class='ocrx_word' id='word_1_63' title='bbox 957 1695 1001 1767; x_wconf 91' lang='lat' dir='ltr'><strong>de</strong></span> <span class='ocrx_word' id='word_1_64' title='bbox 1027 1695 1359 1788; x_wconf 81' lang='lat' dir='ltr'><strong>Oppathouyeoz</strong></span> <span class='ocrx_word' id='word_1_65' title='bbox 1395 1696 1521 1770; x_wconf 89' lang='lat' dir='ltr'><strong>Sacrae</strong></span> <span class='ocrx_word' id='word_1_66' title='bbox 1558 1698 1770 1791; x_wconf 86' lang='lat' dir='ltr'><strong>Theologiae</strong></span> 
     </span>
     <span class='ocr_line' id='line_1_9' title="bbox 216 1814 1771 1910; baseline 0.005 -24"><span class='ocrx_word' id='word_1_67' title='bbox 216 1814 414 1905; x_wconf 83' lang='lat' dir='ltr'><strong>professor,</strong></span> <span class='ocrx_word' id='word_1_68' title='bbox 450 1823 594 1888; x_wconf 88' lang='lat' dir='ltr'><strong>vocatos</strong></span> <span class='ocrx_word' id='word_1_69' title='bbox 620 1817 928 1906; x_wconf 88' lang='lat' dir='ltr'><strong>Episcopellus,</strong></span> <span class='ocrx_word' id='word_1_70' title='bbox 964 1837 1040 1889; x_wconf 90' lang='lat' dir='ltr'><strong>eum</strong></span> <span class='ocrx_word' id='word_1_71' title='bbox 1068 1818 1169 1889; x_wconf 92' lang='lat' dir='ltr'><strong>annis</strong></span> <span class='ocrx_word' id='word_1_72' title='bbox 1197 1835 1257 1891; x_wconf 88' lang='lat' dir='ltr'><strong>sex</strong></span> <span class='ocrx_word' id='word_1_73' title='bbox 1284 1819 1479 1910; x_wconf 89' lang='lat' dir='ltr'><strong>prioratum</strong></span> <span class='ocrx_word' id='word_1_74' title='bbox 1506 1817 1771 1893; x_wconf 71' lang='lat' dir='ltr'><strong>cracoviensem</strong></span> 
     </span>
     <span class='ocr_line' id='line_1_10' title="bbox 216 1928 1914 2031; baseline 0.004 -26"><span class='ocrx_word' id='word_1_75' title='bbox 216 1936 377 2025; x_wconf 80' lang='lat' dir='ltr'><strong>rexisset,</strong></span> <span class='ocrx_word' id='word_1_76' title='bbox 404 1957 495 2007; x_wconf 91' lang='lat' dir='ltr'><strong>anno</strong></span> <span class='ocrx_word' id='word_1_77' title='bbox 522 1936 663 2007; x_wconf 88' lang='lat' dir='ltr'><strong>Domini</strong></span> <span class='ocrx_word' id='word_1_78' title='bbox 693 1939 789 2007; x_wconf 88' lang='grc'>1411</span> <span class='ocrx_word' id='word_1_79' title='bbox 819 1938 855 2007; x_wconf 91' lang='grc'><strong>10</strong></span> <span class='ocrx_word' id='word_1_80' title='bbox 883 1936 1034 2027; x_wconf 88' lang='lat' dir='ltr'><strong>capitulo</strong></span> <span class='ocrx_word' id='word_1_81' title='bbox 1061 1935 1264 2028; x_wconf 88' lang='lat' dir='ltr'><strong>Syradiae</strong></span> <span class='ocrx_word' id='word_1_82' title='bbox 1291 1938 1486 2029; x_wconf 88' lang='lat' dir='ltr'><strong>celebrato,</strong></span> <span class='ocrx_word' id='word_1_83' title='bbox 1513 1928 1603 2010; x_wconf 84' lang='lat' dir='ltr'><strong>inira</strong></span> <span class='ocrx_word' id='word_1_84' title='bbox 1629 1946 1771 2013; x_wconf 85' lang='lat' dir='ltr'><strong>octavas</strong></span> <span class='ocrx_word' id='word_1_85' title='bbox 1905 2018 1914 2031; x_wconf 21' lang='grc' dir='ltr'><strong>Ι,</strong></span> 
     </span>
     <span class='ocr_line' id='line_1_11' title="bbox 216 2055 1772 2156; baseline 0.004 -30"><span class='ocrx_word' id='word_1_86' title='bbox 216 2055 444 2149; x_wconf 83' lang='lat' dir='ltr'><strong>Ascensionis</strong></span> <span class='ocrx_word' id='word_1_87' title='bbox 479 2057 622 2147; x_wconf 89' lang='lat' dir='ltr'><strong>electos,</strong></span> <span class='ocrx_word' id='word_1_88' title='bbox 658 2058 785 2129; x_wconf 91' lang='lat' dir='ltr'><strong>nobilis</strong></span> <span class='ocrx_word' id='word_1_89' title='bbox 812 2058 855 2129; x_wconf 93' lang='lat' dir='ltr'><strong>de</strong></span> <span class='ocrx_word' id='word_1_90' title='bbox 883 2058 985 2129; x_wconf 88' lang='lat' dir='ltr'><strong>domo</strong></span> <span class='ocrx_word' id='word_1_91' title='bbox 1021 2056 1224 2147; x_wconf 75' lang='lat' dir='ltr'><strong>Choicae,</strong></span> <span class='ocrx_word' id='word_1_92' title='bbox 1262 2060 1320 2149; x_wconf 87' lang='lat' dir='ltr'><strong>qui</strong></span> <span class='ocrx_word' id='word_1_93' title='bbox 1347 2065 1429 2149; x_wconf 91' lang='lat' dir='ltr'><strong>post</strong></span> <span class='ocrx_word' id='word_1_94' title='bbox 1454 2058 1600 2156; x_wconf 77' lang='lat' dir='ltr'><strong>lundata</strong></span> <span class='ocrx_word' id='word_1_95' title='bbox 1626 2061 1772 2132; x_wconf 85' lang='lat' dir='ltr'><strong>ecelesia</strong></span> 
     </span>
     <span class='ocr_line' id='line_1_12' title="bbox 215 2163 1773 2272; baseline 0.003 -25"><span class='ocrx_word' id='word_1_96' title='bbox 215 2178 411 2249; x_wconf 84' lang='lat' dir='ltr'><strong>cathedrali</strong></span> <span class='ocrx_word' id='word_1_97' title='bbox 438 2180 474 2249; x_wconf 90' lang='lat' dir='ltr'><strong>in</strong></span> <span class='ocrx_word' id='word_1_98' title='bbox 501 2178 658 2265; x_wconf 74' lang='lat' dir='ltr'><strong>Chelm</strong></span> <span class='ocrx_word' id='word_1_99' title='bbox 685 2178 832 2251; x_wconf 87' lang='lat' dir='ltr'><strong>Russiae</strong></span> <span class='ocrx_word' id='word_1_100' title='bbox 850 2200 942 2250; x_wconf 92' lang='lat' dir='ltr'><strong>anno</strong></span> <span class='ocrx_word' id='word_1_101' title='bbox 960 2163 1102 2250; x_wconf 83' lang='lat' dir='ltr'><strong>Domini</strong></span> <span class='ocrx_word' id='word_1_102' title='bbox 1125 2181 1233 2263; x_wconf 81' lang='lat'>1417.</span> <span class='ocrx_word' id='word_1_103' title='bbox 1251 2180 1423 2257; x_wconf 87' lang='lat' dir='ltr'><strong>secundus</strong></span> <span class='ocrx_word' id='word_1_104' title='bbox 1451 2182 1486 2253; x_wconf 94' lang='lat' dir='ltr'><strong>in</strong></span> <span class='ocrx_word' id='word_1_105' title='bbox 1513 2201 1556 2253; x_wconf 91' lang='lat' dir='ltr'><strong>ea</strong></span> <span class='ocrx_word' id='word_1_106' title='bbox 1581 2182 1773 2272; x_wconf 83' lang='lat' dir='ltr'><strong>episcopus,</strong></span> 
     </span>
     <span class='ocr_line' id='line_1_13' title="bbox 216 2298 1772 2391; baseline 0.003 -22"><span class='ocrx_word' id='word_1_107' title='bbox 216 2318 278 2389; x_wconf 91' lang='lat' dir='ltr'><strong>per</strong></span> <span class='ocrx_word' id='word_1_108' title='bbox 305 2298 567 2371; x_wconf 86' lang='lat' dir='ltr'><strong>Vladislaum</strong></span> <span class='ocrx_word' id='word_1_109' title='bbox 589 2300 820 2373; x_wconf 76' lang='lat' dir='ltr'><strong>Secundum</strong></span> <span class='ocrx_word' id='word_1_110' title='bbox 858 2299 1024 2371; x_wconf 90' lang='lat' dir='ltr'><strong>Poloniae</strong></span> <span class='ocrx_word' id='word_1_111' title='bbox 1055 2320 1193 2391; x_wconf 90' lang='lat' dir='ltr'><strong>regem,</strong></span> <span class='ocrx_word' id='word_1_112' title='bbox 1230 2301 1328 2373; x_wconf 90' lang='lat' dir='ltr'><strong>cuius</strong></span> <span class='ocrx_word' id='word_1_113' title='bbox 1355 2306 1432 2373; x_wconf 90' lang='lat' dir='ltr'><strong>erat</strong></span> <span class='ocrx_word' id='word_1_114' title='bbox 1458 2300 1652 2391; x_wconf 84' lang='lat' dir='ltr'><strong>confessor,</strong></span> <span class='ocrx_word' id='word_1_115' title='bbox 1679 2303 1772 2374; x_wconf 93' lang='lat' dir='ltr'><strong>ordi-</strong></span> 
     </span>
     <span class='ocr_line' id='line_1_14' title="bbox 215 2420 1770 2522; baseline 0.004 -33"><span class='ocrx_word' id='word_1_116' title='bbox 215 2425 319 2491; x_wconf 92' lang='lat' dir='ltr'><strong>natus</strong></span> <span class='ocrx_word' id='word_1_117' title='bbox 348 2426 422 2508; x_wconf 72' lang='grc'>011,</span> <span class='ocrx_word' id='word_1_118' title='bbox 449 2425 608 2492; x_wconf 91' lang='lat' dir='ltr'><strong>mortuns</strong></span> <span class='ocrx_word' id='word_1_119' title='bbox 635 2428 689 2522; x_wconf 82' lang='lat' dir='ltr'><strong>est</strong></span> <span class='ocrx_word' id='word_1_120' title='bbox 716 2422 751 2491; x_wconf 95' lang='lat' dir='ltr'><strong>in</strong></span> <span class='ocrx_word' id='word_1_121' title='bbox 780 2420 901 2491; x_wconf 88' lang='lat' dir='ltr'><strong>eodem</strong></span> <span class='ocrx_word' id='word_1_122' title='bbox 929 2422 1131 2510; x_wconf 90' lang='lat' dir='ltr'><strong>episcopatu</strong></span> <span class='ocrx_word' id='word_1_123' title='bbox 1159 2441 1248 2493; x_wconf 90' lang='lat' dir='ltr'><strong>anno</strong></span> <span class='ocrx_word' id='word_1_124' title='bbox 1276 2421 1415 2493; x_wconf 89' lang='lat' dir='ltr'><strong>Domini</strong></span> <span class='ocrx_word' id='word_1_125' title='bbox 1446 2424 1554 2495; x_wconf 86' lang='grc'>1440.</span> <span class='ocrx_word' id='word_1_126' title='bbox 1591 2421 1658 2495; x_wconf 88' lang='grc' dir='ltr'><strong>Η10</strong></span> <span class='ocrx_word' id='word_1_127' title='bbox 1683 2428 1770 2495; x_wconf 85' lang='lat' dir='ltr'><strong>tern-</strong></span> 
     </span>
     <span class='ocr_line' id='line_1_15' title="bbox 215 2539 1810 2633; baseline 0.003 -24"><span class='ocrx_word' id='word_1_128' title='bbox 215 2561 299 2629; x_wconf 88' lang='lat' dir='ltr'><strong>pore</strong></span> <span class='ocrx_word' id='word_1_129' title='bbox 318 2542 375 2613; x_wconf 92' lang='lat' dir='ltr'><strong>sui</strong></span> <span class='ocrx_word' id='word_1_130' title='bbox 394 2542 664 2631; x_wconf 85' lang='lat' dir='ltr'><strong>prouincialatus</strong></span> <span class='ocrx_word' id='word_1_131' title='bbox 682 2542 840 2632; x_wconf 86' lang='lat' dir='ltr'><strong>suscepti</strong></span> <span class='ocrx_word' id='word_1_132' title='bbox 854 2542 889 2611; x_wconf 94' lang='lat' dir='ltr'><strong>io</strong></span> <span class='ocrx_word' id='word_1_133' title='bbox 908 2540 1075 2631; x_wconf 89' lang='lat' dir='ltr'><strong>Kostay,</strong></span> <span class='ocrx_word' id='word_1_134' title='bbox 1097 2539 1274 2631; x_wconf 88' lang='lat' dir='ltr'><strong>Louicz,</strong></span> <span class='ocrx_word' id='word_1_135' title='bbox 1302 2540 1449 2633; x_wconf 88' lang='lat' dir='ltr'><strong>Sroda,</strong></span> <span class='ocrx_word' id='word_1_136' title='bbox 1476 2542 1641 2633; x_wconf 90' lang='grc' dir='ltr'>Η10110,</span> <span class='ocrx_word' id='word_1_137' title='bbox 1669 2542 1770 2614; x_wconf 91' lang='grc' dir='ltr'>Η10-</span> <span class='ocrx_word' id='word_1_138' title='bbox 1808 2598 1810 2606; x_wconf 71' lang='lat'><strong>,</strong></span> 
     </span>
     <span class='ocr_line' id='line_1_16' title="bbox 216 2650 1770 2753; baseline 0.003 -22"><span class='ocrx_word' id='word_1_139' title='bbox 216 2650 407 2752; x_wconf 80' lang='lat' dir='ltr'><strong>hyeszo&#39;u</strong></span> <span class='ocrx_word' id='word_1_140' title='bbox 434 2669 623 2735; x_wconf 85' lang='lat' dir='ltr'><strong>conventus</strong></span> <span class='ocrx_word' id='word_1_141' title='bbox 649 2662 816 2733; x_wconf 90' lang='lat' dir='ltr'><strong>Nicolans</strong></span> <span class='ocrx_word' id='word_1_142' title='bbox 843 2663 885 2733; x_wconf 91' lang='lat' dir='ltr'><strong>de</strong></span> <span class='ocrx_word' id='word_1_143' title='bbox 912 2661 1097 2753; x_wconf 77' lang='lat' dir='ltr'><strong>Pnyeuy,</strong></span> <span class='ocrx_word' id='word_1_144' title='bbox 1125 2669 1161 2733; x_wconf 90' lang='lat' dir='ltr'><strong>et</strong></span> <span class='ocrx_word' id='word_1_145' title='bbox 1187 2662 1366 2735; x_wconf 90' lang='lat' dir='ltr'><strong>absolutus</strong></span> <span class='ocrx_word' id='word_1_146' title='bbox 1393 2668 1448 2735; x_wconf 92' lang='lat' dir='ltr'><strong>est</strong></span> <span class='ocrx_word' id='word_1_147' title='bbox 1474 2684 1536 2752; x_wconf 90' lang='lat' dir='ltr'><strong>per</strong></span> <span class='ocrx_word' id='word_1_148' title='bbox 1563 2663 1770 2753; x_wconf 80' lang='lat' dir='ltr'><strong>Magistrum</strong></span> 
     </span>
     <span class='ocr_line' id='line_1_17' title="bbox 215 2780 1770 2872; baseline 0.002 -20"><span class='ocrx_word' id='word_1_149' title='bbox 215 2782 349 2853; x_wconf 87' lang='lat' dir='ltr'><strong>ordinis</strong></span> <span class='ocrx_word' id='word_1_150' title='bbox 384 2784 429 2855; x_wconf 92' lang='lat' dir='ltr'><strong>ad</strong></span> <span class='ocrx_word' id='word_1_151' title='bbox 456 2784 656 2855; x_wconf 85' lang='lat' dir='ltr'><strong>instantiam</strong></span> <span class='ocrx_word' id='word_1_152' title='bbox 692 2783 855 2853; x_wconf 90' lang='lat' dir='ltr'><strong>Nicolai</strong></span> <span class='ocrx_word' id='word_1_153' title='bbox 890 2783 933 2853; x_wconf 96' lang='lat' dir='ltr'><strong>de</strong></span> <span class='ocrx_word' id='word_1_154' title='bbox 959 2780 1089 2871; x_wconf 88' lang='lat' dir='ltr'><strong>Oppol</strong></span> <span class='ocrx_word' id='word_1_155' title='bbox 1127 2782 1398 2872; x_wconf 88' lang='lat' dir='ltr'><strong>Falhemherg</strong></span> <span class='ocrx_word' id='word_1_156' title='bbox 1434 2790 1470 2860; x_wconf 88' lang='lat' dir='ltr'><strong>et</strong></span> <span class='ocrx_word' id='word_1_157' title='bbox 1496 2782 1684 2855; x_wconf 87' lang='lat' dir='ltr'><strong>Andreae</strong></span> <span class='ocrx_word' id='word_1_158' title='bbox 1713 2804 1770 2855; x_wconf 92' lang='lat' dir='ltr'><strong>ve-</strong></span> 
     </span>
     <span class='ocr_line' id='line_1_18' title="bbox 215 2903 1368 2998; baseline 0 -25"><span class='ocrx_word' id='word_1_159' title='bbox 215 2905 361 2994; x_wconf 87' lang='grc'>0010111,</span> <span class='ocrx_word' id='word_1_160' title='bbox 387 2904 431 2975; x_wconf 91' lang='grc'><strong>10</strong></span> <span class='ocrx_word' id='word_1_161' title='bbox 453 2905 665 2994; x_wconf 85' lang='lat' dir='ltr'><strong>Rathihor,</strong></span> <span class='ocrx_word' id='word_1_162' title='bbox 685 2912 872 2998; x_wconf 88' lang='lat' dir='ltr'><strong>propterea</strong></span> <span class='ocrx_word' id='word_1_163' title='bbox 898 2905 991 2994; x_wconf 89' lang='lat' dir='ltr'><strong>quod</strong></span> <span class='ocrx_word' id='word_1_164' title='bbox 1017 2904 1220 2993; x_wconf 83' lang='lat' dir='ltr'><strong>paraliticos</strong></span> <span class='ocrx_word' id='word_1_165' title='bbox 1246 2903 1368 2975; x_wconf 86' lang='lat' dir='ltr'><strong>lucrat.</strong></span> 
     </span>
    </p>

    <p class='ocr_par' dir='ltr' id='par_1_5' title="bbox 215 3024 2014 3356">
     <span class='ocr_line' id='line_1_19' title="bbox 318 3024 1835 3116; baseline 0.001 -21"><span class='ocrx_word' id='word_1_166' title='bbox 318 3024 485 3097; x_wconf 91' lang='lat' dir='ltr'><strong>Promoto</strong></span> <span class='ocrx_word' id='word_1_167' title='bbox 510 3026 698 3097; x_wconf 86' lang='lat' dir='ltr'><strong>Johanne</strong></span> <span class='ocrx_word' id='word_1_168' title='bbox 724 3025 989 3115; x_wconf 89' lang='lat' dir='ltr'><strong>Episcopello</strong></span> <span class='ocrx_word' id='word_1_169' title='bbox 1015 3026 1052 3095; x_wconf 90' lang='lat' dir='ltr'><strong>in</strong></span> <span class='ocrx_word' id='word_1_170' title='bbox 1078 3026 1278 3115; x_wconf 89' lang='lat' dir='ltr'><strong>episcopum</strong></span> <span class='ocrx_word' id='word_1_171' title='bbox 1309 3024 1566 3115; x_wconf 85' lang='lat' dir='ltr'><strong>Cheimensem,</strong></span> <span class='ocrx_word' id='word_1_172' title='bbox 1603 3028 1770 3116; x_wconf 88' lang='lat' dir='ltr'><strong>magister</strong></span> <span class='ocrx_word' id='word_1_173' title='bbox 1833 3109 1835 3115; x_wconf 67' lang='lat'><strong>,</strong></span> 
     </span>
     <span class='ocr_line' id='line_1_20' title="bbox 215 3144 2014 3252; baseline 0.002 -37"><span class='ocrx_word' id='word_1_174' title='bbox 215 3144 427 3230; x_wconf 76' lang='lat' dir='ltr'><strong>lohannes</strong></span> <span class='ocrx_word' id='word_1_175' title='bbox 453 3146 686 3247; x_wconf 70' lang='lat' dir='ltr'><strong>Frankstep</strong></span> <span class='ocrx_word' id='word_1_176' title='bbox 712 3145 822 3216; x_wconf 84' lang='lat' dir='ltr'><strong>trater</strong></span> <span class='ocrx_word' id='word_1_177' title='bbox 848 3146 892 3216; x_wconf 88' lang='grc'><strong>(10</strong></span> <span class='ocrx_word' id='word_1_178' title='bbox 919 3153 1092 3216; x_wconf 89' lang='lat' dir='ltr'><strong>conventu</strong></span> <span class='ocrx_word' id='word_1_179' title='bbox 1120 3146 1356 3235; x_wconf 87' lang='lat' dir='ltr'><strong>Frankstey</strong></span> <span class='ocrx_word' id='word_1_180' title='bbox 1384 3168 1474 3217; x_wconf 93' lang='lat' dir='ltr'><strong>anno</strong></span> <span class='ocrx_word' id='word_1_181' title='bbox 1500 3144 1640 3217; x_wconf 89' lang='lat' dir='ltr'><strong>Domini</strong></span> <span class='ocrx_word' id='word_1_182' title='bbox 1671 3148 1769 3217; x_wconf 87' lang='grc'>1440</span> <span class='ocrx_word' id='word_1_183' title='bbox 1861 3188 1869 3199; x_wconf 75' lang='lat'><strong>,</strong></span> <span class='ocrx_word' id='word_1_184' title='bbox 1920 3192 1928 3205; x_wconf 85' lang='lat'>-</span> <span class='ocrx_word' id='word_1_185' title='bbox 2007 3244 2014 3252; x_wconf 90' lang='lat'><strong><em>.</em></strong></span> 
     </span>
     <span class='ocr_line' id='line_1_21' title="bbox 216 3247 1467 3356; baseline 0.002 -21"><span class='ocrx_word' id='word_1_186' title='bbox 216 3320 330 3337; x_wconf 91' lang='grc'><strong>.....</strong></span> <span class='ocrx_word' id='word_1_187' title='bbox 350 3267 491 3356; x_wconf 85' lang='grc'>0100101,</span> <span class='ocrx_word' id='word_1_188' title='bbox 519 3274 555 3338; x_wconf 94' lang='grc'><strong>01</strong></span> <span class='ocrx_word' id='word_1_189' title='bbox 580 3247 761 3339; x_wconf 66' lang='lat' dir='ltr'><strong>absolutus*</strong></span> <span class='ocrx_word' id='word_1_190' title='bbox 787 3287 849 3356; x_wconf 88' lang='lat' dir='ltr'><strong>per</strong></span> <span class='ocrx_word' id='word_1_191' title='bbox 875 3266 1078 3356; x_wconf 86' lang='lat' dir='ltr'><strong>magistrum</strong></span> <span class='ocrx_word' id='word_1_192' title='bbox 1106 3266 1248 3337; x_wconf 87' lang='lat' dir='ltr'><strong>ordinis.</strong></span> <span class='ocrx_word' id='word_1_193' title='bbox 1465 3350 1467 3353; x_wconf 18' lang='lat'>¹</span> 
     </span>
    </p>

    <p class='ocr_par' dir='ltr' id='par_1_6' title="bbox 214 3387 1770 3731">
     <span class='ocr_line' id='line_1_22' title="bbox 318 3387 1770 3461; baseline 0.001 -3"><span class='ocrx_word' id='word_1_194' title='bbox 318 3388 447 3459; x_wconf 86' lang='lat' dir='ltr'><strong>Frater</strong></span> <span class='ocrx_word' id='word_1_195' title='bbox 472 3387 496 3459; x_wconf 87' lang='lat' dir='ltr'><strong>J</strong></span> <span class='ocrx_word' id='word_1_196' title='bbox 502 3390 684 3459; x_wconf 90' lang='lat' dir='ltr'><strong>ohannes</strong></span> <span class='ocrx_word' id='word_1_197' title='bbox 714 3388 875 3460; x_wconf 89' lang='lat' dir='ltr'><strong>advocati</strong></span> <span class='ocrx_word' id='word_1_198' title='bbox 906 3387 1197 3459; x_wconf 80' lang='lat' dir='ltr'><strong>Sandomiriensis&#39;</strong></span> <span class='ocrx_word' id='word_1_199' title='bbox 1228 3387 1338 3458; x_wconf 88' lang='grc'>100101</span> <span class='ocrx_word' id='word_1_200' title='bbox 1364 3388 1495 3459; x_wconf 88' lang='grc'>0100101</span> <span class='ocrx_word' id='word_1_201' title='bbox 1528 3394 1583 3459; x_wconf 90' lang='grc'><strong>011</strong></span> <span class='ocrx_word' id='word_1_202' title='bbox 1610 3389 1770 3461; x_wconf 86' lang='grc'>01101010</span> 
     </span>
     <span class='ocr_line' id='line_1_23' title="bbox 214 3506 1767 3601; baseline 0.002 -23"><span class='ocrx_word' id='word_1_203' title='bbox 214 3508 403 3581; x_wconf 88' lang='lat' dir='ltr'><strong>Johanue</strong></span> <span class='ocrx_word' id='word_1_204' title='bbox 437 3510 670 3601; x_wconf 84' lang='lat' dir='ltr'><strong>Frankstey</strong></span> <span class='ocrx_word' id='word_1_205' title='bbox 706 3514 743 3579; x_wconf 94' lang='lat' dir='ltr'><strong>et</strong></span> <span class='ocrx_word' id='word_1_206' title='bbox 778 3530 869 3579; x_wconf 89' lang='lat' dir='ltr'><strong>anno</strong></span> <span class='ocrx_word' id='word_1_207' title='bbox 905 3508 1046 3581; x_wconf 90' lang='lat' dir='ltr'><strong>Domini</strong></span> <span class='ocrx_word' id='word_1_208' title='bbox 1083 3510 1191 3581; x_wconf 91' lang='grc'>1441.</span> <span class='ocrx_word' id='word_1_209' title='bbox 1219 3510 1253 3579; x_wconf 88' lang='grc'><strong>10</strong></span> <span class='ocrx_word' id='word_1_210' title='bbox 1291 3506 1562 3581; x_wconf 85' lang='lat' dir='ltr'><strong>Sandomiriensi</strong></span> <span class='ocrx_word' id='word_1_211' title='bbox 1600 3510 1767 3581; x_wconf 86' lang='lat' dir='ltr'><strong>coenobio</strong></span> 
     </span>
     <span class='ocr_line' id='line_1_24' title="bbox 216 3630 1201 3731; baseline -0.001 -31"><span class='ocrx_word' id='word_1_212' title='bbox 216 3636 375 3701; x_wconf 85' lang='lat' dir='ltr'><strong>mortuus</strong></span> <span class='ocrx_word' id='word_1_213' title='bbox 402 3636 439 3701; x_wconf 92' lang='lat' dir='ltr'><strong>et</strong></span> <span class='ocrx_word' id='word_1_214' title='bbox 465 3631 514 3703; x_wconf 92' lang='lat' dir='ltr'><strong>ibi</strong></span> <span class='ocrx_word' id='word_1_215' title='bbox 542 3630 718 3730; x_wconf 82' lang='lat' dir='ltr'><strong>sepultus.¹</strong></span> <span class='ocrx_word' id='word_1_216' title='bbox 1198 3726 1201 3731; x_wconf 19' lang='grc' dir='ltr'>Ι</span> 
     </span>
    </p>

    <p class='ocr_par' dir='ltr' id='par_1_7' title="bbox 214 3747 1961 4083">
     <span class='ocr_line' id='line_1_25' title="bbox 319 3747 1769 3839; baseline -0.002 -17"><span class='ocrx_word' id='word_1_217' title='bbox 319 3752 449 3823; x_wconf 83' lang='lat' dir='ltr'><strong>Frater</strong></span> <span class='ocrx_word' id='word_1_218' title='bbox 474 3750 497 3823; x_wconf 85' lang='lat' dir='ltr'><strong>J</strong></span> <span class='ocrx_word' id='word_1_219' title='bbox 502 3753 654 3823; x_wconf 89' lang='lat' dir='ltr'><strong>aoobus</strong></span> <span class='ocrx_word' id='word_1_220' title='bbox 680 3751 723 3825; x_wconf 89' lang='lat' dir='ltr'><strong>de</strong></span> <span class='ocrx_word' id='word_1_221' title='bbox 751 3748 984 3839; x_wconf 87' lang='lat' dir='ltr'><strong>Bidgostia,</strong></span> <span class='ocrx_word' id='word_1_222' title='bbox 1017 3768 1135 3820; x_wconf 88' lang='lat' dir='ltr'><strong>sacrae</strong></span> <span class='ocrx_word' id='word_1_223' title='bbox 1161 3747 1371 3838; x_wconf 86' lang='lat' dir='ltr'><strong>Theologiae</strong></span> <span class='ocrx_word' id='word_1_224' title='bbox 1407 3748 1601 3839; x_wconf 81' lang='lat' dir='ltr'><strong>professor,</strong></span> <span class='ocrx_word' id='word_1_225' title='bbox 1628 3750 1769 3821; x_wconf 91' lang='lat' dir='ltr'><strong>natione</strong></span> 
     </span>
     <span class='ocr_line' id='line_1_26' title="bbox 214 3867 1894 3963; baseline -0.003 -20"><span class='ocrx_word' id='word_1_226' title='bbox 214 3874 344 3945; x_wconf 87' lang='lat' dir='ltr'><strong>nobilis</strong></span> <span class='ocrx_word' id='word_1_227' title='bbox 371 3872 414 3945; x_wconf 92' lang='lat' dir='ltr'><strong>de</strong></span> <span class='ocrx_word' id='word_1_228' title='bbox 441 3872 542 3945; x_wconf 92' lang='lat' dir='ltr'><strong>domo</strong></span> <span class='ocrx_word' id='word_1_229' title='bbox 579 3871 854 3963; x_wconf 88' lang='lat' dir='ltr'><strong>Godzyamba‚</strong></span> <span class='ocrx_word' id='word_1_230' title='bbox 890 3870 986 3958; x_wconf 91' lang='lat' dir='ltr'><strong>prior</strong></span> <span class='ocrx_word' id='word_1_231' title='bbox 1013 3867 1254 3941; x_wconf 83' lang='lat' dir='ltr'><strong>Oraooviensis</strong></span> <span class='ocrx_word' id='word_1_232' title='bbox 1291 3890 1382 3941; x_wconf 91' lang='lat' dir='ltr'><strong>anno</strong></span> <span class='ocrx_word' id='word_1_233' title='bbox 1417 3869 1557 3941; x_wconf 87' lang='lat' dir='ltr'><strong>Domini</strong></span> <span class='ocrx_word' id='word_1_234' title='bbox 1588 3872 1660 3941; x_wconf 90' lang='grc'><strong>144</strong></span> <span class='ocrx_word' id='word_1_235' title='bbox 1680 3924 1688 3939; x_wconf 94' lang='grc'>.</span> <span class='ocrx_word' id='word_1_236' title='bbox 1708 3924 1715 3938; x_wconf 96' lang='grc'>.</span> <span class='ocrx_word' id='word_1_237' title='bbox 1735 3924 1769 3939; x_wconf 95' lang='grc'><strong>..</strong></span> <span class='ocrx_word' id='word_1_238' title='bbox 1888 3930 1894 3955; x_wconf 75' lang='grc'>,</span> 
     </span>
     <span class='ocr_line' id='line_1_27' title="bbox 215 3974 1961 4083; baseline 0.001 -23"><span class='ocrx_word' id='word_1_239' title='bbox 215 3992 436 4064; x_wconf 83' lang='lat' dir='ltr'><strong>concorditer</strong></span> <span class='ocrx_word' id='word_1_240' title='bbox 461 3992 593 4063; x_wconf 85' lang='lat' dir='ltr'><strong>electas</strong></span> <span class='ocrx_word' id='word_1_241' title='bbox 619 3993 655 4062; x_wconf 93' lang='lat' dir='ltr'><strong>in</strong></span> <span class='ocrx_word' id='word_1_242' title='bbox 683 3991 836 4082; x_wconf 89' lang='lat' dir='ltr'><strong>capitulo</strong></span> <span class='ocrx_word' id='word_1_243' title='bbox 862 3991 1016 4080; x_wconf 86' lang='lat' dir='ltr'><strong>generali</strong></span> <span class='ocrx_word' id='word_1_244' title='bbox 1044 3991 1079 4060; x_wconf 90' lang='lat' dir='ltr'><strong>in</strong></span> <span class='ocrx_word' id='word_1_245' title='bbox 1108 3990 1309 4083; x_wconf 81' lang='lat' dir='ltr'><strong>Syradiensi</strong></span> <span class='ocrx_word' id='word_1_246' title='bbox 1345 3996 1516 4061; x_wconf 90' lang='lat' dir='ltr'><strong>conventu</strong></span> <span class='ocrx_word' id='word_1_247' title='bbox 1544 3994 1651 4079; x_wconf 87' lang='lat' dir='ltr'><strong>tento,</strong></span> <span class='ocrx_word' id='word_1_248' title='bbox 1678 3990 1770 4079; x_wconf 90' lang='lat' dir='ltr'><strong>apud</strong></span> <span class='ocrx_word' id='word_1_249' title='bbox 1959 3974 1961 3981; x_wconf 55' lang='grc'><em>’</em></span> 
     </span>
    </p>

    <p class='ocr_par' dir='ltr' id='par_1_8' title="bbox 133 4110 1896 4446">
     <span class='ocr_line' id='line_1_28' title="bbox 133 4110 1896 4204; baseline -0.002 -25"><span class='ocrx_word' id='word_1_250' title='bbox 133 4174 137 4179; x_wconf 87' lang='grc'>.</span> <span class='ocrx_word' id='word_1_251' title='bbox 217 4112 458 4186; x_wconf 74' lang='lat' dir='ltr'><strong>cracoviam</strong></span> <span class='ocrx_word' id='word_1_252' title='bbox 488 4114 728 4204; x_wconf 90' lang='lat' dir='ltr'><strong>paraliticatus</strong></span> <span class='ocrx_word' id='word_1_253' title='bbox 762 4134 852 4183; x_wconf 88' lang='lat' dir='ltr'><strong>anno</strong></span> <span class='ocrx_word' id='word_1_254' title='bbox 878 4112 1017 4183; x_wconf 88' lang='lat' dir='ltr'><strong>Domini</strong></span> <span class='ocrx_word' id='word_1_255' title='bbox 1055 4110 1770 4201; x_wconf 77' lang='grc' dir='ltr'>1478,·10111οΜ0110011101011000-</span> <span class='ocrx_word' id='word_1_256' title='bbox 1853 4156 1896 4176; x_wconf 71' lang='grc'><strong>.,</strong></span> 
     </span>
     <span class='ocr_line' id='line_1_29' title="bbox 216 4216 1769 4324; baseline -0.001 -19"><span class='ocrx_word' id='word_1_257' title='bbox 216 4234 301 4306; x_wconf 91' lang='lat' dir='ltr'><strong>litor</strong></span> <span class='ocrx_word' id='word_1_258' title='bbox 329 4237 365 4307; x_wconf 95' lang='lat' dir='ltr'><strong>iu</strong></span> <span class='ocrx_word' id='word_1_259' title='bbox 392 4237 603 4307; x_wconf 90' lang='lat' dir='ltr'><strong>monasterio</strong></span> <span class='ocrx_word' id='word_1_260' title='bbox 640 4234 786 4306; x_wconf 85' lang='lat' dir='ltr'><strong>Sanctae</strong></span> <span class='ocrx_word' id='word_1_261' title='bbox 814 4234 997 4305; x_wconf 82' lang='lat' dir='ltr'><strong>Trinitatis</strong></span> <span class='ocrx_word' id='word_1_262' title='bbox 1026 4234 1159 4305; x_wconf 88' lang='lat' dir='ltr'><strong>ordinis</strong></span> <span class='ocrx_word' id='word_1_263' title='bbox 1187 4216 1483 4324; x_wconf 87' lang='lat' dir='ltr'><strong>praedicatorum,</strong></span> <span class='ocrx_word' id='word_1_264' title='bbox 1515 4232 1585 4319; x_wconf 60' lang='lat' dir='ltr'><strong>die¹</strong></span> <span class='ocrx_word' id='word_1_265' title='bbox 1598 4232 1769 4303; x_wconf 89' lang='lat' dir='ltr'><strong>dominica</strong></span> 
     </span>
     <span class='ocr_line' id='line_1_30' title="bbox 217 4328 1315 4446; baseline -0.001 -20"><span class='ocrx_word' id='word_1_266' title='bbox 217 4354 307 4427; x_wconf 86' lang='lat' dir='ltr'><strong>infra</strong></span> <span class='ocrx_word' id='word_1_267' title='bbox 335 4362 476 4446; x_wconf 87' lang='lat' dir='ltr'><strong>octavas</strong></span> <span class='ocrx_word' id='word_1_268' title='bbox 502 4356 668 4446; x_wconf 81' lang='lat' dir='ltr'><strong>Corporis</strong></span> <span class='ocrx_word' id='word_1_269' title='bbox 695 4354 836 4427; x_wconf 83' lang='lat' dir='ltr'><strong>Christi.</strong></span> <span class='ocrx_word' id='word_1_270' title='bbox 900 4406 906 4425; x_wconf 88' lang='lat'><em>.</em></span> <span class='ocrx_word' id='word_1_271' title='bbox 1307 4328 1315 4353; x_wconf 82' lang='grc'><strong>’</strong></span> 
     </span>
    </p>

    <p class='ocr_par' dir='ltr' id='par_1_9' title="bbox 218 4471 1771 4810">
     <span class='ocr_line' id='line_1_31' title="bbox 276 4471 1770 4576; baseline -0.003 -28"><span class='ocrx_word' id='word_1_272' title='bbox 276 4572 279 4576; x_wconf 15' lang='lat'>¹</span> <span class='ocrx_word' id='word_1_273' title='bbox 320 4476 464 4549; x_wconf 90' lang='lat' dir='ltr'><strong>Mortuo</strong></span> <span class='ocrx_word' id='word_1_274' title='bbox 491 4477 646 4550; x_wconf 86' lang='lat' dir='ltr'><strong>Jacobs</strong></span> <span class='ocrx_word' id='word_1_275' title='bbox 673 4477 717 4548; x_wconf 91' lang='lat' dir='ltr'><strong>de</strong></span> <span class='ocrx_word' id='word_1_276' title='bbox 743 4476 962 4567; x_wconf 88' lang='lat' dir='ltr'><strong>Bidgostia</strong></span> <span class='ocrx_word' id='word_1_277' title='bbox 989 4476 1032 4548; x_wconf 90' lang='lat' dir='ltr'><strong>de</strong></span> <span class='ocrx_word' id='word_1_278' title='bbox 1059 4480 1232 4547; x_wconf 87' lang='lat' dir='ltr'><strong>conventu</strong></span> <span class='ocrx_word' id='word_1_279' title='bbox 1259 4473 1535 4565; x_wconf 88' lang='lat' dir='ltr'><strong>Vratislauiensi,</strong></span> <span class='ocrx_word' id='word_1_280' title='bbox 1562 4472 1672 4545; x_wconf 88' lang='lat' dir='ltr'><strong>irater</strong></span> <span class='ocrx_word' id='word_1_281' title='bbox 1699 4471 1770 4543; x_wconf 86' lang='lat' dir='ltr'><strong>Al·</strong></span> 
     </span>
     <span class='ocr_line' id='line_1_32' title="bbox 218 4574 1768 4690; baseline 0 -25"><span class='ocrx_word' id='word_1_282' title='bbox 218 4574 361 4668; x_wconf 76' lang='lat' dir='ltr'><strong>hertus</strong></span> <span class='ocrx_word' id='word_1_283' title='bbox 388 4598 432 4669; x_wconf 91' lang='lat' dir='ltr'><strong>de</strong></span> <span class='ocrx_word' id='word_1_284' title='bbox 459 4598 647 4690; x_wconf 66' lang='lat' dir='ltr'><strong>Syeezim</strong></span> <span class='ocrx_word' id='word_1_285' title='bbox 684 4598 727 4668; x_wconf 94' lang='lat' dir='ltr'><strong>de</strong></span> <span class='ocrx_word' id='word_1_286' title='bbox 753 4604 851 4668; x_wconf 90' lang='lat' dir='ltr'><strong>terra</strong></span> <span class='ocrx_word' id='word_1_287' title='bbox 876 4598 1103 4687; x_wconf 91' lang='lat' dir='ltr'><strong>Dohrinensi‚</strong></span> <span class='ocrx_word' id='word_1_288' title='bbox 1132 4617 1251 4672; x_wconf 89' lang='lat' dir='ltr'><strong>sacrae</strong></span> <span class='ocrx_word' id='word_1_289' title='bbox 1280 4595 1489 4685; x_wconf 88' lang='lat' dir='ltr'><strong>Theologiae</strong></span> <span class='ocrx_word' id='word_1_290' title='bbox 1517 4594 1706 4686; x_wconf 80' lang='lat' dir='ltr'><strong>professor,</strong></span> <span class='ocrx_word' id='word_1_291' title='bbox 1733 4594 1768 4665; x_wconf 93' lang='lat' dir='ltr'><strong>in</strong></span> 
     </span>
     <span class='ocr_line' id='line_1_33' title="bbox 220 4713 1771 4810; baseline -0.001 -23"><span class='ocrx_word' id='word_1_292' title='bbox 220 4719 371 4808; x_wconf 90' lang='lat' dir='ltr'><strong>capitulo</strong></span> <span class='ocrx_word' id='word_1_293' title='bbox 397 4720 552 4810; x_wconf 89' lang='lat' dir='ltr'><strong>generali</strong></span> <span class='ocrx_word' id='word_1_294' title='bbox 580 4722 615 4790; x_wconf 93' lang='lat' dir='ltr'><strong>in</strong></span> <span class='ocrx_word' id='word_1_295' title='bbox 642 4720 795 4791; x_wconf 89' lang='lat' dir='ltr'><strong>Luhlin</strong></span> <span class='ocrx_word' id='word_1_296' title='bbox 821 4740 887 4809; x_wconf 94' lang='lat' dir='ltr'><strong>pro</strong></span> <span class='ocrx_word' id='word_1_297' title='bbox 914 4718 971 4789; x_wconf 92' lang='lat' dir='ltr'><strong>die</strong></span> <span class='ocrx_word' id='word_1_298' title='bbox 998 4718 1115 4789; x_wconf 85' lang='lat' dir='ltr'><strong>Sancti</strong></span> <span class='ocrx_word' id='word_1_299' title='bbox 1152 4718 1297 4788; x_wconf 88' lang='lat' dir='ltr'><strong>Martini</strong></span> <span class='ocrx_word' id='word_1_300' title='bbox 1334 4713 1529 4807; x_wconf 88' lang='lat' dir='ltr'><strong>celebrato,</strong></span> <span class='ocrx_word' id='word_1_301' title='bbox 1556 4717 1708 4805; x_wconf 87' lang='lat' dir='ltr'><strong>electus,</strong></span> <span class='ocrx_word' id='word_1_302' title='bbox 1735 4720 1771 4786; x_wconf 90' lang='lat' dir='ltr'><strong>et</strong></span> 
     </span>
    </p>
   </div>
   <div class='ocr_carea' id='block_1_3' title="bbox 166 4838 1769 5087">
    <p class='ocr_par' dir='ltr' id='par_1_10' title="bbox 166 4838 1769 5087">
     <span class='ocr_line' id='line_1_34' title="bbox 188 4838 1769 5033; baseline -0.002 -123"><span class='ocrx_word' id='word_1_303' title='bbox 188 4842 512 5033; x_wconf 40' lang='lat' dir='ltr'><strong>,Qagistmm</strong></span> <span class='ocrx_word' id='word_1_304' title='bbox 547 4840 744 4931; x_wconf 82' lang='lat' dir='ltr'><strong>generalem</strong></span> <span class='ocrx_word' id='word_1_305' title='bbox 781 4840 1036 4911; x_wconf 89' lang='lat' dir='ltr'><strong>Leonardum</strong></span> <span class='ocrx_word' id='word_1_306' title='bbox 1072 4840 1115 4909; x_wconf 92' lang='lat' dir='ltr'><strong>de</strong></span> <span class='ocrx_word' id='word_1_307' title='bbox 1143 4838 1320 4910; x_wconf 89' lang='lat' dir='ltr'><strong>Perusio</strong></span> <span class='ocrx_word' id='word_1_308' title='bbox 1357 4838 1508 4909; x_wconf 85' lang='lat' dir='ltr'><strong>Romae</strong></span> <span class='ocrx_word' id='word_1_309' title='bbox 1543 4838 1769 4909; x_wconf 88' lang='lat' dir='ltr'><strong>confirmatus</strong></span> 
     </span>
     <span class='ocr_line' id='line_1_35' title="bbox 166 4945 1663 5087; baseline 0.004 -55"><span class='ocrx_word' id='word_1_310' title='bbox 166 4945 341 5087; x_wconf 65' lang='lat' dir='ltr'><em>Q</em></span> <span class='ocrx_word' id='word_1_311' title='bbox 360 4962 485 5035; x_wconf 86' lang='lat' dir='ltr'><strong>nobilis</strong></span> <span class='ocrx_word' id='word_1_312' title='bbox 512 4962 555 5033; x_wconf 92' lang='lat' dir='ltr'><strong>de</strong></span> <span class='ocrx_word' id='word_1_313' title='bbox 582 4962 685 5035; x_wconf 92' lang='lat' dir='ltr'><strong>domo</strong></span> <span class='ocrx_word' id='word_1_314' title='bbox 711 4962 911 5054; x_wconf 86' lang='lat' dir='ltr'><strong>Poualya.</strong></span> <span class='ocrx_word' id='word_1_315' title='bbox 1295 4964 1299 4975; x_wconf 93' lang='lat'>&#39;</span> <span class='ocrx_word' id='word_1_316' title='bbox 1658 4972 1663 4978; x_wconf 82' lang='grc'><strong>’</strong></span> 
     </span>
    </p>
   </div>
   <div class='ocr_carea' id='block_1_4' title="bbox 222 5444 1809 5780">
    <p class='ocr_par' dir='ltr' id='par_1_11' title="bbox 222 5444 1809 5780">
     <span class='ocr_line' id='line_1_36' title="bbox 322 5444 1809 5539; baseline 0.001 -23"><span class='ocrx_word' id='word_1_317' title='bbox 322 5447 505 5536; x_wconf 74' lang='lat' dir='ltr'><strong>Paruum,</strong></span> <span class='ocrx_word' id='word_1_318' title='bbox 532 5448 615 5519; x_wconf 89' lang='lat' dir='ltr'><strong>villa</strong></span> <span class='ocrx_word' id='word_1_319' title='bbox 641 5449 706 5519; x_wconf 92' lang='lat' dir='ltr'><strong>suh</strong></span> <span class='ocrx_word' id='word_1_320' title='bbox 733 5449 898 5539; x_wconf 92' lang='lat' dir='ltr'><strong>parochia</strong></span> <span class='ocrx_word' id='word_1_321' title='bbox 924 5448 1088 5519; x_wconf 87' lang='lat' dir='ltr'><strong>ecclesiae</strong></span> <span class='ocrx_word' id='word_1_322' title='bbox 1115 5446 1232 5519; x_wconf 84' lang='lat' dir='ltr'><strong>Sancti</strong></span> <span class='ocrx_word' id='word_1_323' title='bbox 1258 5446 1393 5517; x_wconf 88' lang='lat' dir='ltr'><strong>Nicolai</strong></span> <span class='ocrx_word' id='word_1_324' title='bbox 1417 5452 1653 5531; x_wconf 74' lang='lat' dir='ltr'><strong>extramuros</strong></span> <span class='ocrx_word' id='word_1_325' title='bbox 1680 5444 1766 5517; x_wconf 82' lang='lat' dir='ltr'><strong>(lra-</strong></span> <span class='ocrx_word' id='word_1_326' title='bbox 1807 5494 1809 5501; x_wconf 29' lang='grc' dir='ltr'><strong><em>ι</em></strong></span> 
     </span>
     <span class='ocr_line' id='line_1_37' title="bbox 223 5567 1767 5660; baseline 0.003 -26"><span class='ocrx_word' id='word_1_327' title='bbox 223 5568 397 5639; x_wconf 83' lang='lat' dir='ltr'><strong>sorienses</strong></span> <span class='ocrx_word' id='word_1_328' title='bbox 432 5570 519 5657; x_wconf 89' lang='lat' dir='ltr'><strong>sita,</strong></span> <span class='ocrx_word' id='word_1_329' title='bbox 555 5571 652 5641; x_wconf 87' lang='lat' dir='ltr'><strong>cuius</strong></span> <span class='ocrx_word' id='word_1_330' title='bbox 687 5570 889 5660; x_wconf 88' lang='lat' dir='ltr'><strong>pmprietas·</strong></span> <span class='ocrx_word' id='word_1_331' title='bbox 910 5575 945 5639; x_wconf 91' lang='lat' dir='ltr'><strong>et</strong></span> <span class='ocrx_word' id='word_1_332' title='bbox 971 5569 1161 5641; x_wconf 92' lang='lat' dir='ltr'><strong>dominium</strong></span> <span class='ocrx_word' id='word_1_333' title='bbox 1187 5568 1230 5639; x_wconf 89' lang='lat' dir='ltr'><strong>ad</strong></span> <span class='ocrx_word' id='word_1_334' title='bbox 1259 5570 1502 5639; x_wconf 88' lang='lat' dir='ltr'><strong>monasterinm</strong></span> <span class='ocrx_word' id='word_1_335' title='bbox 1541 5567 1767 5641; x_wconf 89' lang='lat' dir='ltr'><strong>Thineziense</strong></span> 
     </span>
     <span class='ocr_line' id='line_1_38' title="bbox 222 5688 1768 5780; baseline 0.003 -24"><span class='ocrx_word' id='word_1_336' title='bbox 222 5690 380 5773; x_wconf 88' lang='lat' dir='ltr'><strong>pertinet.</strong></span> <span class='ocrx_word' id='word_1_337' title='bbox 419 5688 461 5759; x_wconf 94' lang='lat' dir='ltr'><strong>ln</strong></span> <span class='ocrx_word' id='word_1_338' title='bbox 492 5711 561 5779; x_wconf 90' lang='lat' dir='ltr'><strong>qua</strong></span> <span class='ocrx_word' id='word_1_339' title='bbox 593 5689 661 5761; x_wconf 84' lang='lat' dir='ltr'><strong>fnit</strong></span> <span class='ocrx_word' id='word_1_340' title='bbox 696 5696 732 5761; x_wconf 92' lang='lat' dir='ltr'><strong>et</strong></span> <span class='ocrx_word' id='word_1_341' title='bbox 758 5697 813 5762; x_wconf 89' lang='lat' dir='ltr'><strong>est</strong></span> <span class='ocrx_word' id='word_1_342' title='bbox 848 5690 1008 5763; x_wconf 89' lang='lat' dir='ltr'><strong>scoltetia</strong></span> <span class='ocrx_word' id='word_1_343' title='bbox 1027 5696 1229 5780; x_wconf 86' lang='lat' dir='ltr'><strong>perpetua,</strong></span> <span class='ocrx_word' id='word_1_344' title='bbox 1266 5690 1461 5779; x_wconf 85' lang='lat' dir='ltr'><strong>singulares</strong></span> <span class='ocrx_word' id='word_1_345' title='bbox 1496 5691 1627 5761; x_wconf 89' lang='lat' dir='ltr'><strong>habens</strong></span> <span class='ocrx_word' id='word_1_346' title='bbox 1666 5690 1702 5761; x_wconf 92' lang='lat' dir='ltr'><strong>in</strong></span> <span class='ocrx_word' id='word_1_347' title='bbox 1731 5709 1768 5761; x_wconf 90' lang='lat' dir='ltr'><strong>se</strong></span> 
     </span>
    </p>
   </div>
   <div class='ocr_carea' id='block_1_5' title="bbox 0 0 2250 6592">
    <p class='ocr_par' dir='ltr' id='par_1_12' title="bbox 0 0 2250 6592">
     <span class='ocr_line' id='line_1_39' title="bbox 0 0 2250 6592; baseline 0 0"><span class='ocrx_word' id='word_1_348' title='bbox 0 0 2250 6592; x_wconf 95' lang='lat' dir='ltr'><strong> </strong></span> 
     </span>
    </p>
   </div>
  </div>
 </body>
</html>
