4492 6592
519 750 594 821 422

516 956 657 1046 modat,
698 952 947 1044 nonnullasque
987 952 1137 1023 decimas
1178 951 1410 1041 manipulares
1448 970 1585 1021 mensae
1621 950 1829 1041 episcopalis
1872 948 1910 1019 in
1947 949 2058 1038 oppido

475 1093 480 1101 ’
511 1076 817 1172 'Dobschioze
845 1074 927 1145 item
954 1073 1100 1145 invilla
1127 1071 1313 1163 Winuri‚
1342 1072 1501 1162 villisque
1528 1071 1606 1141 aliis
1625 1072 1752 1141 circum
1772 1068 2088 1140 Dobschicze·

517 1196 670 1285 situatiS,
699 1215 783 1285 quas
811 1194 953 1265 inferius
981 1194 1234 1293 describemus,
1261 1192 1413 1282 capitulo
1441 1191 1661 1263 Gracoviensi
1690 1190 1939 1261 consentiente
1965 1189 2062 1273 donat,

516 1316 764 1405 ecclesiamque
791 1315 918 1404 partim
946 1336 988 1385 ex
1017 1313 1134 1384 dolata
1161 1319 1269 1403 petra,
1297 1314 1423 1402 partim
1452 1334 1494 1383 ex
1523 1298 1620 1385 cocto
1648 1312 1758 1382 latere
1785 1331 1873 1382 rara
1894 1316 2060 1381 venustate

516 1436 673 1507 fabricat.
700 1436 788 1507 ltem
815 1441 851 1506 et
877 1435 988 1505 eidem
1016 1436 1227 1505 monasterio
1256 1436 1290 1505 in
1319 1433 1496 1524 Mogila
1523 1434 1702 1503 ecclesiam
1732 1432 1975 1523 parochialem
1992 1432 2062 1501 San·
2108 1515 2111 1523 λ

518 1559 565 1628 cti
593 1556 849 1627 Bartholomaei
885 1556 928 1626 de
964 1555 1156 1645 Mugila,
1192 1556 1344 1626 extincto
1380 1555 1454 1625 eins
1489 1554 1608 1644 titulo,
1636 1560 1672 1623 et
1699 1574 1783 1625 cura
1810 1554 2008 1623 animarum
2033 1555 2060 1622 in

516 1661 695 1749 ecclesiam
722 1677 955 1767 parochialem
992 1678 1027 1746 in
1064 1676 1301 1747 Pleschow
1330 1677 1396 1745 sibi
1424 1676 1570 1747 vicinam
1598 1697 1667 1746 urna
1694 1696 1770 1746 cum
1800 1673 1974 1764 parocbia
2000 1672 2060 1743 lio-

517 1799 666 1887 gilnensi
693 1797 879 1886 transfusa,
906 1797 1073 1887 adiungit,
1101 1804 1138 1867 et
1165 1818 1283 1867 omnes
1311 1796 1463 1867 eiusdem
1491 1796 1657 1866 ecclesiae
1676 1795 1793 1866 Sancti
1814 1794 2064 1864 Bartholomaei

517 1925 708 2008 proventus
735 1925 770 2000 et
796 1919 946 1989 decimas
973 1920 1182 1988 monasterio
1211 1916 1396 2006 Mogilensi
1424 1918 1500 2020 unit
1526 1922 1561 1985 et
1589 1918 1797 2006 incorporat.
1827 1915 1921 1985 item
1949 1921 1984 1985 et.
2001 1936 2063 1983 roe

518 2041 658 2111 nubium
687 2061 750 2129 pro
776 2038 946 2109 fratribus
973 2046 1009 2109 et
1036 2039 1131 2109 cellis
1159 2059 1199 2108 ac
1228 2038 1462 2109 mansionibus
1489 2036 1649 2126 fabricat,
1677 2036 1867 2126 villamque
1899 2040 2061 2124 paternam

520 2181 616 2231 snam
644 2166 680 2231 et
708 2161 834 2231 avitam
863 2159 1108 2230 Michalow
1136 2159 1246 2230 eidem
1276 2160 1485 2229 monasterio
1513 2156 1688 2246 adiungit3
1715 2164 1752 2227 et
1771 2157 1937 2246 quamvis
1957 2158 2063 2245 patrui,

519 2280 655 2369 fratrea,
682 2285 825 2371 nepotes
852 2285 887 2351 et
906 2280 1150 2368 consanguinei
1171 2280 1317 2371 praefati
1337 2278 1509 2350 Yvonis
1536 2276 1965 2368 episcopitlracoviensis,
1983 2277 2061 2347 vide·

519 2402 600 2471 licet
626 2400 795 2471 Saulus
822 2408 859 2472 et
886 2400 1036 2471 Sando
1063 2400 1125 2471 tilii
1163 2401 1297 2471 comitis
1333 2400 1624 2470 Dobeslai-et
1650 2398 1817 2489 patruelis
1848 2418 1971 2468 eorum
1998 2398 2061 2467 llo·

521 2518 2060 2611 beslaustilinsllislai,haeredesdePrandoozin,ettlrzeslaus,Pran-

495 2641 684 2739 „donna
721 2641 913 2731 Petrus,
949 2641 1121 2714 Paulus
1158 2640 1219 2712 tilii
1256 2642 1390 2711 comitis
1431 2640 1662 2711 Sandonis
1703 2647 1738 2711 et
1779 2640 2059 2729 Matthaeus,

520 2760 787 2863 laconicus,
814 2762 983 2850 Saudo,
1010 2763 1182 2853 Mykul,
1211 2762 1328 2833 lwan
1357 2762 1418 2833 tilii
1454 2763 1589 2832 comitis
1624 2762 1741 2832 lvvan
1769 2768 1805 2831 et
1834 2761 1973 2831 comitis
1998 2760 2060 2829 lti-

518 2882 714 2972 loslawi‚
739 2882 867 2954 fratres
894 2883 1071 2972 lvonis,
1089 2882 1335 2974 fondationem,
1354 2884 1563 2953 erectionem
1585 2889 1619 2953 et
1639 2882 1854 2953 dotationem
1876 2881 2059 2973 monasterii

520 3003 668 3092 praefati
697 3005 730 3073 in
755 3002 933 3094 Mbgila
960 3024 1022 3093 per
1040 3004 1226 3075 ivonem
1254 3004 1452 3094 episcopum
1470 3002 1606 3092 factam,
1625 3022 1793 3074 enervare
1812 3023 1943 3091 magno
1961 3000 2056 3071 studio

520 3129 740 3212 conarentur,
766 3128 802 3193 et
828 3124 864 3193 io
891 3123 1078 3194 laesionem
1105 3124 1181 3194 eius
1209 3123 1355 3194 diversis
1383 3130 1566 3197 uterentur
1592 3124 1894 3209 machinamentis,
1922 3142 2056 3191 asseren-

446 3302 451 3309 .
519 3248 573 3313 tes
599 3242 835 3314 haereditates
862 3249 899 3315 et
925 3243 1027 3316 villas
1053 3244 1164 3315 eidem
1193 3245 1403 3315 monasterio
1431 3245 1478 3315 ab·
1503 3244 1643 3315 lvone
1670 3246 1831 3335 episcopo
1852 3242 2053 3315 Cracoriensi

522 3364 701 3434 indolem
738 3384 918 3435 concessas
954 3371 990 3435 et
1017 3365 1221 3456 inscriptas,
1249 3366 1343 3435 velut
1370 3386 1447 3455 eae,
1475 3386 1562 3455 quae
1591 3370 1703 3436 morte
1730 3364 1897 3435 lvonis
1925 3362 2053 3454 episcopi

521 3492 685 3573 sequuta,
715 3484 758 3554 ad
795 3506 832 3555 se
868 3486 942 3556 iure
979 3487 1206 3569 successionis
1243 3486 1477 3558 devolvendae
1504 3492 1622 3575 erant,
1651 3488 1685 3557 in
1714 3492 1842 3557 sortem
1873 3484 2052 3557 monasterii

520 3604 703 3675 transferri
731 3611 767 3675 et
793 3606 935 3677 inscribi
971 3607 1046 3677 iure
1082 3608 1239 3697 polonico
1266 3628 1334 3679 non
1363 3628 1483 3697 posse,
1511 3628 1601 3677 atino
1628 3614 1746 3678 tamen
1782 3606 1924 3678 Domini
1965 3606 2050 3676 1231.

523 3725 643 3813 quinto
662 3722 897 3797 Kalendarum
925 3725 1097 3818 Octobris,
1123 3729 1168 3799 ab
1188 3728 1287 3819 ,omni
1310 3728 1386 3832 ¹lite,
1405 3728 1598 3799 differentia
1626 3735 1661 3799 et
1689 3728 1932 3799 controversia
1956 3746 2049 3797 cessa·

521 3849 614 3935 rnrvt,
638 3844 841 3920 abdicantes
868 3869 906 3918 se
933 3853 970 3919 et
996 3850 1237 3920 renuntiantes
1265 3849 1356 3919 omni
1384 3850 1604 3940 proprietati,
1623 3849 1726 3919 titulo
1745 3854 1781 3919 et
1799 3849 1925 3919 ditioni
1944 3854 1975 3924 et
1992 3848 2051 3930 iun,

521 3965 669 4054 siquod
698 3966 827 4037 illisin
857 3968 948 4039 villis
975 3974 1011 4040 et
1038 3969 1311 4041 haereditatibus
1349 3969 1515 4058 praefatis
1553 3968 1808 4060 quomodolibet
1846 3967 2049 4057 competebat,

523 4085 751 4175 suscipientes
778 4088 866 4158 bona
904 4088 1062 4178 praefata
1097 4097 1133 4160 et
1160 4090 1261 4160 villas
1289 4090 1324 4159 in
1352 4111 1470 4160 eornm
1499 4090 1768 4179 protectionem,
1794 4090 1941 4160 tut-elam
1967 4093 2048 4175 atque
2090 4172 2096 4184 ι

522 4205 705 4277 defensam.
732 4206 938 4279 Monosterii
966 4215 1082 4280 autem
1109 4209 1257 4299 praefati
1284 4210 1327 4281 de
1355 4208 1530 4299 Mogila
1557 4212 1702 4281 caeteris
1729 4211 1919 4281 abstractis
1936 4216 1969 4280 et
1984 4208 2047 4277 alie-

522 4328 622 4416 natis,
650 4328 715 4398 hae
741 4328 916 4400 habentor
942 4330 1063 4420 villae,
1091 4330 1195 4421 hique
1223 4331 1406 4421 introitus,
1434 4331 1591 4402 redditus
1619 4336 1653 4401 et
1680 4336 1891 4421 proventnS,
1919 4347 2047 4421 quaeque

522 4468 565 4516 ne
594 4468 616 4517 a
642 4450 854 4520 monasterio
891 4449 934 4520 de
960 4450 1135 4539 Mogila
1162 4452 1297 4540 possint
1324 4472 1489 4541 processu
1516 4454 1682 4542 temporis
1710 4453 1888 4543 abstrahi,
1915 4448 2045 4536 abrumpi

522 4574 557 4636 et
584 4568 738 4657 alienari,
765 4589 824 4639 eas
851 4570 886 4639 in
914 4572 1063 4659 registro
1091 4573 1277 4661 praesenti,
1305 4593 1372 4662 qua
1401 4573 1573 4661 potuimus
1601 4573 1802 4645 studiosiori
1821 4594 1907 4644 cura
1924 4568 2044 4643 conscri-

522 4687 661 4777 psimus,
688 4708 752 4777 pro
779 4690 945 4761 memoria
972 4692 1192 4781 sempiterna.

626 4806 883 4887 Mooasteriom
916 4810 1094 4901 Mogila
1120 4834 1140 4882 a
1169 4814 1244 4883 vico
1272 4813 1449 4903 Mogila
1485 4836 1553 4886 non
1581 4814 1683 4904 longe
1710 4836 1731 4885 a
1757 4814 1963 4887 monasterio
1986 4811 2044 4888 sito,

522 4929 725 5000 vocabulum
753 4931 913 5020 trahens,
942 4952 1129 5021 cognomen
1167 4941 1281 5005 autem
1309 4932 1385 5010 vico
1412 4934 1567 5025 praefato
1596 4934 1691 5005 dedit
1719 4957 1816 5006 mons
1843 4932 2044 5007 artificialiter

520 5050 556 5119 in
592 5050 774 5140 piramidis
811 5052 948 5123 modum
985 5051 1115 5143 factus,
1153 5054 1255 5125 villae
1290 5055 1340 5126 illi
1378 5056 1576 5145 imminens,
1604 5056 1639 5126 in
1672 5078 1739 5146 qno
1767 5054 1926 5128 Vanda
1949 5054 2042 5141 regina

520 5169 685 5241 Poloniae
712 5172 782 5243 tilia
810 5169 977 5243 Gracci
1004 5193 1026 5243 a
1052 5194 1120 5263 qno
1148 5168 1378 5247 Gracovia
1406 5177 1670 5267 appellationem
1700 5176 1823 5247 sortita
1850 5183 1920 5263 est,
1944 5170 2040 5246 asseri·

522 5298 582 5363 tur
608 5312 629 5362 a
657 5294 843 5383 veteribus,
870 5301 1052 5385 postquam
1081 5316 1118 5365 se
1146 5294 1221 5367 Diis
1242 5297 1452 5367 immolando
1472 5298 1505 5367 in
1524 5297 1663 5368 fluvium
1684 5297 1887 5368 lstnlam·
1905 5290 2041 5389 praecipi·

519 5418 639 5500 tasset,
660 5414 710 5502 ,ab
736 5414 839 5485 nndis
866 5415 1033 5486 suffocata
1061 5416 1141 5487 illuc
1169 5438 1277 5507 usqne
1304 5418 1437 5488 lubrico
1464 5439 1563 5488 anrne
1591 5418 1743 5507 devecta,
1770 5418 1892 5490 fuisset
1916 5412 2039 5507 sepultii

522 5529 644 5603 Poloni
671 5536 762 5605 enim
789 5536 957 5606 tumulum
985 5543 1200 5608 mortuorum
1228 5536 1388 5632 mopilnm
1418 5560 1480 5607 sno
1507 5539 1670 5609 idiomate
1698 5517 1890 5629 appellant.v
1909 5532 2039 5628 Appella-

520 5656 578 5721 tur
605 5654 709 5723 etiam
735 5657 984 5728 monasterinm
1011 5658 1205 5748 praefatum
1239 5658 1381 5729 Clara
1410 5658 1590 5750 Tumba,
1620 5660 1788 5751 quodilli
1805 5655 1934 5732 'nomen
1958 5654 2040 5728 latina
