4492 6592
1738 780 1785 862 75

227 993 291 1069 sub
319 977 453 1068 honore
480 1003 515 1068 et
532 992 636 1069 titulo
664 991 781 1069 Sancti
818 1051 922 1088 ....,
950 991 993 1068 de
1011 1015 1181 1069 consensu
1207 1001 1243 1068 et
1262 992 1402 1087 speciali
1428 992 1570 1069 licentia
1597 993 1714 1069 lvonis
1742 1000 1785 1070 de

226 1118 444 1190 Konszlre
470 1125 554 1191 tnnc
572 1119 725 1219 episcopi
743 1117 992 1209 Oracoviensis,
1011 1119 1230 1191 nobilitatem
1248 1139 1291 1189 ex
1308 1117 1440 1190 familia
1467 1117 1629 1190 Odrow
1642 1141 1721 1191 ans
1735 1121 1788 1192 cb

226 1240 401 1330 ducentis,
420 1241 651 1330 constituunt,
670 1239 794 1312 dotant
812 1238 1024 1328 attondant,
1042 1241 1098 1311 cui
1116 1247 1153 1311 et
1171 1239 1366 1330 praelatum
1385 1240 1549 1330 oppidum
1568 1241 1683 1312 Brze
1695 1264 1711 1312 s
1722 1243 1744 1311 k
1756 1265 1786 1331 o,

209 1368 261 1458 ,et
280 1361 519 1433 haereditates
546 1362 729 1452 plerosque
749 1362 880 1434 vicinas
907 1368 943 1432 et
962 1363 1156 1452 proximas,
1183 1369 1353 1452 perpetua
1379 1368 1415 1433 et
1433 1362 1653 1433 irrevocabili
1680 1351 1787 1434 dona-

224 1482 330 1572 tione,
358 1483 446 1554 nibil
465 1483 532 1554 sibi
550 1483 776 1573 proprietatis
804 1488 865 1554 aut
882 1483 968 1554 iuris
996 1483 1031 1553 in
1051 1483 1101 1552 eis
1119 1483 1341 1572 reservando,
1368 1483 1564 1554 inscribunt
1591 1491 1626 1554 et
1645 1483 1786 1554 donant.

180 1645 185 1654 -
225 1601 271 1672 Et
289 1623 360 1693 qno
390 1605 538 1696 amplior
564 1603 627 1675 dos
654 1604 765 1674 eidem
792 1603 1004 1675 monasterio
1032 1603 1227 1692 accederet,
1254 1611 1444 1692 proventus
1471 1625 1608 1692 omnes,
1635 1604 1786 1674 decimas

225 1730 261 1794 et
288 1724 537 1813 obventiones,
575 1745 661 1816 quas
696 1725 841 1796 ecclesia
856 1783 859 1790 .
876 1724 1085 1816 parochialis
1121 1725 1157 1795 in
1185 1724 1392 1795 Brzesko
1427 1726 1607 1815 percipere
1643 1725 1808 1815 solebat‘

225 1845 291 1935 ipsi
319 1867 415 1917 noro
443 1847 663 1936 monasterio,
690 1846 814 1918 relicta
841 1845 984 1938 aliquali
1001 1847 1100 1917 tenui
1118 1851 1234 1916 tamen
1262 1847 1465 1936 quantitate,
1492 1843 1787 1936 quae'plebauum

224 1967 259 2035 in
275 1965 499 2038 vBrzeslro
527 1987 644 2038 curam
663 1949 856 2038 animarum
883 1973 1077 2058 gesturum,
1105 1973 1141 2037 et
1159 1967 1233 2038 eius
1256 1967 1435 2037 ministros
1463 1964 1634 2068 sustinere
1661 1973 1788 2057 posset,

224 2087 436 2160 attribuunt.
476 2087 692 2179 Coeperatns
729 2095 784 2161 est
810 2095 926 2161 nutem
954 2087 1174 2179 adpraetati
1206 2088 1408 2161 monasterii
1436 2088 1683 2159 Brzescbensis
1709 2079 1787 2158 lun-

225 2207 424 2302 dationem,
451 2211 588 2283 liberali
615 2211 740 2282 solatio
766 2217 873 2302 atque
900 2231 983 2302 ope,
1011 2209 1190 2301 praelatus
1221 2210 1301 2282 lvo
1329 2208 1570 2282 Gracoviensis
1597 2211 1788 2300 episcopus,
1853 2283 1857 2288 ,

224 2331 282 2420 qni
310 2337 349 2401 et
378 2331 537 2422 praelato
564 2333 776 2404 monasterio
803 2333 1024 2404 donationem
1052 2332 1246 2423 aliquarum
1274 2332 1485 2403 decimarum
1520 2331 1788 2422 manipularium

179 2451 183 2460 '
222 2450 267 2521 ¹de
294 2473 422 2526 mensa
448 2474 512 2526 sua
538 2453 743 2545 episcopali,
775 2459 810 2524 et
837 2473 1006 2526 consensu
1039 2453 1281 2545 capitularium
1309 2452 1588 2525 Gracoviensium
1615 2452 1716 2542 lecit,
1752 2459 1789 2524 et

224 2571 399 2646 ecclesiae
425 2575 636 2666 parochialis
663 2577 698 2646 in
727 2574 932 2646 Brzeslro
961 2575 1130 2665 decimae,
1157 2574 1324 2665 redditae,
1351 2574 1463 2646 eidem
1491 2575 1583 2645 uniri
1610 2580 1646 2644 et
1673 2555 1787 2645 incor-

223 2695 344 2784 porari
377 2698 570 2786 consensit,
597 2695 859 2787 praefatumque
885 2697 1134 2769 monasterium
1161 2696 1197 2766 in
1224 2693 1433 2768 Br'zeslro
1460 2695 1632 2767 abbatiali·
1654 2696 1787 2767 bonore

155 2834 158 2842 ’
224 2821 259 2886 et
285 2815 423 2888 infulae
449 2823 554 2908 atque
581 2817 714 2889 bacculi
742 2817 928 2890 abbatialis
955 2817 1126 2908 dignitate
1153 2824 1189 2888 et
1207 2817 1459 2907 praeminentia
1485 2817 1680 2908 insignivit3
1707 2837 1788 2887 con-

224 2938 392 3028 stituens,
419 2945 459 3010 ut
485 2939 621 3030 singula
648 2939 716 3010 alia
744 2939 877 3011 ordinis
905 2939 1058 3011 eiusdem
1086 2939 1299 3011 monasteria
1325 2939 1361 3010 in
1388 2939 1538 3010 dioecesi
1565 2937 1788 3010 Gracoviensi

224 3059 474 3149 consistentia,
510 3061 621 3132 eidem
657 3061 869 3136 monasterio
905 3061 940 3131 in
968 3061 1173 3132 Brzeslro
1209 3061 1346 3133 eteius
1382 3061 1500 3132 abbati
1527 3081 1591 3150 pro
1618 3067 1788 3151 tempore,

226 3187 403 3270 perpetuo
421 3159 589 3252 lorentin
609 3182 682 3271 bis,
710 3202 797 3272 quae
815 3182 1018 3272 religionem
1037 3189 1268 3272 concernunt,
1287 3182 1450 3255 subiecta.
1479 3179 1611 3270 Quibus
1630 3182 1789 3252 omnibus
1827 3241 1830 3246 .

226 3301 366 3373 decoris
394 3297 665 3394 praerogativis,
697 3303 947 3378 monasterinm
967 3303 1179 3376 Brzeszense
1206 3303 1335 3374 eteius
1354 3304 1498 3374 abbates
1524 3301 1643 3374 lavore
1670 3301 1788 3374 divino

224 3421 259 3492 in
286 3443 370 3494 eam
398 3423 489 3494 diem
515 3425 570 3494 usi
597 3430 697 3513 sunt,
733 3429 768 3495 et
795 3425 964 3496 hactenus
991 3430 1157 3515 utuntur,
1184 3424 1220 3494 in
1246 3423 1401 3498 futurum
1428 3423 1533 3495 etiam
1560 3431 1698 3514 tempus
1725 3444 1789 3513 per

226 3544 449 3616 elementiam
486 3544 651 3617 divinam
666 3547 781 3636 trsuri,
817 3547 1042 3636 praesertim,
1075 3566 1151 3618 cnm
1179 3546 1302 3618 summi
1329 3545 1510 3637 pontifices
1536 3543 1684 3617 Romani
1711 3545 1788 3616 loco

225 3666 275 3736 illi
301 3673 339 3764 et
360 3667 591 3758 monasterio,
620 3673 655 3740 et
673 3671 792 3739 uetera
820 3668 1002 3758 priscaque
1029 3667 1106 3740 iura
1133 3667 1431 3758 conlimnaverint,
1459 3673 1495 3738 ct
1511 3687 1602 3738 nova
1628 3667 1671 3737 de
1690 3673 1799 3756 pote-f

229 3787 332 3858 statis
374 3787 589 3877 plenitudine
626 3788 833 3879 adiecerint,
875 3788 1092 3860 concedendo
1125 3788 1283 3879 praefato
1317 3787 1543 3859 Brzescbensi
1579 3787 1789 3859 monasterio

226 3915 260 3977 et
286 3909 368 3978 eius
395 3909 511 3994 abbati
549 3909 681 4000 arnplas
717 3909 916 3999 libertates,
953 3909 1188 3999 exemptiones
1224 3914 1260 3978 et
1286 3908 1475 3998 singularia
1512 3908 1715 3998 privilegia,
1752 3913 1788 3977 et

226 4029 347 4101 abbati
391 4029 618 4104 Brzescbensi
659 4031 801 4122 eiusque
840 4031 1096 4102 successoribus
1137 4030 1174 4100 in
1205 4013 1323 4119 regnis
1352 4028 1539 4130 nPoloniae,
1578 4027 1788 4118 Hungariae,

227 4149 421 4221 Bobemine
448 4157 484 4226 et
502 4151 657 4223 circariis
685 4151 768 4242 eius,
787 4149 994 4224 conferendo
1013 4151 1125 4242 patris
1144 4151 1281 4248 abbatis
1309 4133 1594 4240 praeminentiam
1622 4154 1658 4218 et
1676 4149 1788 4238 digni-

225 4278 347 4362 tatem,
378 4293 480 4362 qnam
499 4272 692 4346 exercendo
710 4294 820 4364 eaque
838 4273 977 4364 utendo,
1005 4293 1141 4346 omnem
1159 4293 1222 4343 suo
1242 4270 1419 4343 ordinario
1446 4269 1667 4342 Gracoviensi
1685 4291 1786 4360 prae-

228 4399 341 4483 stent,
380 4399 626 4485 praestareque
660 4399 821 4466 accurate
858 4393 1020 4467 studeant
1056 4393 1304 4466 subiectionem
1333 4398 1370 4463 et
1396 4391 1647 4481 obedientiam,
1677 4397 1726 4462 'ne
1753 4392 1789 4461 in

165 4517 171 4527 “
226 4513 390 4605 laqueum
426 4520 463 4585 et
493 4515 683 4605 periculum
719 4515 975 4605 recidantfin·
1003 4515 1094 4605 quod
1130 4513 1356 4597 Nicolaus
1393 4514 1435 4584 de
1473 4513 1624 4614 Buslro
1661 4512 1789 4603 oppido

228 4636 337 4707 abbas
375 4634 527 4726 praefati
560 4637 780 4727 rnonasterii,
816 4637 1023 4708 sab-aetate
1058 4657 1136 4708 mea
1163 4635 1382 4725 conciderat,
1418 4655 1519 4726 quern
1556 4633 1789 4724 Sbigneus

229 4757 701 4849 episcopus'GracoviensiS,
729 4765 765 4830 et
792 4763 915 4849 expost
943 4749 1090 4830 Sanctae
1122 4757 1300 4829 Romanae
1328 4757 1494 4829 ecclesiae
1520 4756 1615 4828 tituli
1642 4755 1789 4826 Sanctae

229 4876 374 4950 Priscae
400 4880 605 4970 praesbyter
633 4879 835 4969 cardinalis,
871 4880 943 4951 suis
979 4879 1082 4952 iustis
1109 4877 1283 4950 mandatis
1310 4878 1548 4949 calcitrantem
1575 4883 1611 4948 et
1637 4877 1681 4947 ab
1708 4876 1790 4946 obe·
1863 4867 1871 4880 “

229 4998 362 5071 dientia
389 4999 567 5071 ordinaria
594 5021 657 5092 per
684 5001 920 5090 exemptiones
953 5020 990 5071 se
1018 5000 1278 5089 extrahentem,
1314 5008 1470 5089 tempore
1494 4992 1648 5088 'Eugenii
1674 4995 1725 5067 IV
1740 4997 1788 5088 in

186 5205 189 5216 Ι
230 5121 405 5192 auditorio
441 5121 630 5211 apostolico
659 5143 749 5193 anno
776 5121 915 5192 Domini
946 5121 1042 5192 1437
1072 5110 1202 5192 victum
1238 5128 1275 5191 et
1305 5125 1429 5210 expost
1456 5124 1613 5209 captum,
1650 5117 1685 5187 in
1713 5137 1789 5187 car-

230 5243 334 5313 cerali
363 5243 527 5332 compede
555 5249 590 5314 et
617 5243 652 5316 in
688 5241 795 5314 lando
824 5243 932 5314 turris
964 5241 1071 5313 castri
1099 5241 1433 5333 Lyppowyecz,
1460 5261 1551 5310 anno
1578 5238 1657 5328 plus
1685 5241 1812 5328 quam

229 5385 298 5434 uno
326 5365 481 5434 vinctum
509 5371 690 5454 tenuerat,
718 5369 753 5434 et
771 5363 909 5435 nonnisi
937 5362 1156 5438 emendatum
1176 5362 1366 5433 dimiserat
1402 5360 1469 5430 Sed
1488 5360 1557 5429 iam
1576 5379 1639 5430 nos
1658 5365 1789 5448 postea,

232 5505 322 5573 quae
347 5490 447 5555 tauto
474 5485 701 5575 repetivimus
729 5481 913 5575 principio,
938 5483 992 5553 ad
1020 5482 1288 5571 descriptionem
1324 5483 1493 5552 bonorum
1521 5487 1558 5551 et
1575 5480 1790 5569 introituum,

233 5625 321 5694 quae
365 5613 402 5676 et
430 5627 515 5695 qnos
544 5605 737 5696 praelatum
764 5603 1010 5677 monasterium
1049 5602 1285 5673 Brzescbense
1312 5602 1348 5672 in
1374 5601 1624 5691 temporalibus
1651 5602 1794 5692 obtinet,

233 5726 445 5797 accedamus.
