4492 6592
810 1887 1220 2026 NOTABILIA

533 2167 586 2240 IN
611 2167 781 2244 TRIBUS
806 2166 955 2242 'FOhssS
980 2167 1111 2242 LIBRI
1138 2169 1508 2248 BENEFIGIORUM.

855 2603 1065 2681 «A.

232 2806 356 2881 Absque
378 2807 426 2866 616
448 2805 492 2883 (16
514 2812 560 2866 666
581 2808 660 2867 ultra
682 2808 745 2867 dies
766 2811 970 2882 inseptimana
991 2809 1131 2888 debitos).
1147 2811 1296 2871 Ducturas
1319 2809 1431 2871 1661666
1453 2813 1491 2872 66
1514 2815 1658 2874 rationem
1681 2815 1796 2875 dierum

341 2911 372 2969 in
393 2913 554 2985 septimana
576 2910 750 2985 debitorum,
769 2918 889 2986 praeter
910 2913 1064 2973 ducturam
1085 2913 1184 2988 foeni,
1214 2915 1292 2989 quod
1314 2917 1345 2974 in
1368 2915 1539 2977 Oracoriam
1561 2918 1709 2992 absque
1733 2918 1797 2978 616

342 3015 516 3074 conducunt.
538 3014 563 3072 Ι.
589 3026 639 3074 aa.
657 3048 696 3059 —
719 3021 859 3076 tenentur
879 3016 1023 3091 absque
1045 3017 1108 3077 616
1131 3019 1267 3093 colligere
1290 3025 1321 3079 et
1343 3021 1374 3079 iu
1396 3021 1509 3081 casulas
1532 3036 1709 3096 congregare
1732 3019 1794 3083 fce-

339 3114 466 3182 66161
491 3129 608 3177 sat.-
629 3117 740 3178 faciunt
761 3121 880 3194 auxilia,
903 3121 976 3180 alias
994 3138 1144 3204 pomoezy
1187 3122 1337 3196 absque
1360 3124 1433 3184 die.
1456 3124 1480 3186 1.
1506 3135 1577 3185 666.

234 3225 376 3286 66666166
397 3220 565 3300 (exacuetis
587 3223 855 3297 instrumentorum,
878 3224 985 3297 quibus
1005 3223 1133 3285 fossores
1155 3231 1186 3286 et
1207 3227 1344 3286 661161666
1367 3226 1505 3306 utuntur)
1520 3247 1526 3287 :
1540 3272 1549 3288 .
1563 3270 1593 3288 ..
1615 3229 1791 3290 altare...

341 3327 431 3387 habet
452 3328 581 3400 quinque
602 3343 717 3400 grossos
737 3328 953 3402 septimanatim
975 3328 1012 3387 de
1033 3331 1213 3402 6666616,
1236 3335 1267 3389 66
1288 3329 1344 3390 hcc
1359 3331 1474 3404 quando
1490 3337 1620 3392 sectores
1636 3330 1732 3410 (salis)
1755 3333 1797 3391 la-

342 3431 457 3503 borant,
479 3430 519 3488 Π.
547 3440 617 3489 166.
644 3463 683 3474 -
707 3431 744 3491 66
770 3433 931 3492 6666616
963 3429 1114 3491 fabrorum
1136 3433 1236 3493 66666
1257 3438 1325 3494 6666
1347 3449 1473 3508 grossos.
1495 3435 1535 3495 Π.
1562 3445 1633 3496 169.

236 3536 432 3597 6666666616
454 3533 527 3611 (6616
548 3533 745 3614 damascena).
767 3535 898 3597 Stamina
920 3536 957 3597 de
978 3537 1184 3597 adamasco
1207 3537 1231 3600 Ι,
1257 3547 1328 3598 666.
1346 3570 1385 3583 -
1410 3545 1529 3616 praeter
1550 3555 1696 3614 purpuras
1726 3555 1799 3600 auro

342 3640 480 3711 intextas,
502 3644 555 3698 666
575 3655 687 3713 panum
708 3639 1069 3700 adamascinos....
1092 3640 1117 3700 Ι.
1143 3651 1214 3700 616.

237 3743 406 3804 advocatus
427 3743 466 3801 66
488 3743 702 3816 expeditionem
723 3744 889 3817 generalem
903 3745 1013 3803 servire
1035 3747 1154 3802 tenetur
1176 3744 1206 3802 in
1228 3759 1302 3816 equo
1318 3744 1436 3818 valenti,
1460 3745 1551 3804 lorica
1575 3751 1606 3804 et
1627 3745 1743 3818 balista,
1766 3749 1797 3804 et

343 3846 539 3907 defensionem
560 3863 615 3921 pro
637 3847 790 3920 oppidanis
811 3863 958 3908 assumere
980 3849 1005 3908 1.
1030 3857 1103 3908 aaa.
1129 3858 1201 3908 est.

236 3951 320 4025 agra
343 3951 449 4011 Omnes
470 3951 534 4025 agri
547 3996 554 4010 .
567 3993 576 4009 .
589 3992 618 4010 ..
642 3955 702 4009 1661
723 3950 886 4024 6166616166
909 3951 970 4010 sive
993 3951 1128 4024 curiales,
1152 3967 1237 4024 quam
1253 3949 1458 4024 cmethonales,
1482 3951 1670 4010 tabernarum
1691 3954 1722 4009 et
1738 3966 1799 4008 mo·

343 4055 463 4128 1666161,
486 4055 604 4114 solvunt
625 4054 767 4113 decimam
788 4055 998 4128 manipularem
1020 4071 1056 4113 ex
1078 4057 1193 4129 integro
1216 4053 1356 4112 ecclesiae
1379 4053 1603 4128 parochiali...
1648 4053 1673 4112 I.
1701 4065 1798 4112 11.-

342 4175 401 4219 non
423 4164 492 4217 sunt
512 4165 610 4217 661666
631 4159 694 4231 agri
716 4158 915 4218 demensurati
937 4161 970 4218 in
991 4159 1108 4232 166666,
1143 4174 1198 4218 666
1220 4158 1352 4218 distincti
1381 4174 1461 4216 more
1484 4157 1607 4216 aliarum
1629 4155 1796 4215 haeredita·

343 4267 415 4335 tum,
437 4263 551 4320 intres
574 4277 690 4335 campos
703 4305 711 4321 .
724 4305 732 4321 .
746 4305 777 4321 ..
799 4262 824 4320 1.
850 4273 899 4323 66.
916 4295 955 4306 -
1063 4264 1259 4324 666166...
1282 4260 1438 4320 habentem
1467 4277 1553 4335 agros
1581 4260 1747 4334 praediales
1770 4261 1801 4318 iu

347 4371 408 4424 tres
430 4381 547 4439 campos
570 4365 732 4425 distinctos.
756 4365 781 4425 1.
806 4377 878 4425 161.

238 4469 403 4544 Alchymia
427 4469 592 4528 Thesauros
605 4511 613 4528 .
626 4512 634 4527 .
647 4513 677 4531 ..
699 4485 798 4528 omnes
818 4470 849 4528 in
870 4484 961 4544 opera
982 4469 1205 4544 alchymiae
1227 4473 1258 4528 et
1272 4468 1486 4542 nigromanciae
1504 4466 1669 4528 distrahens
1682 4508 1796 4528 ......

345 4574 370 4636 Ι.
396 4583 469 4633 229.

238 4679 352 4752 Alleca,
374 4679 481 4738 alleces
504 4675 603 4754 (61166,
625 4677 719 4750 halec,
741 4677 839 4750 halex,
861 4678 940 4751 polo.
963 4672 1073 4755 stedi).
1094 4677 1141 4738 De
1163 4676 1295 4750 quolibet
1315 4691 1384 4735 vase
1406 4675 1592 4749 allecum,
1616 4675 1798 4750 66616666-

343 4782 425 4855 ginta
446 4780 672 4854 halecibus,
695 4780 849 4843 duodecim
870 4781 1112 4843 alleces....
1135 4779 1182 4840 III
1217 4791 1309 4842 16.-
1333 4779 1435 4840 66666
1455 4779 1589 4840 611666
1611 4795 1648 4840 ex
1671 4779 1803 4854 quolibet

343 4885 514 4945 allecum
535 4901 604 4944 vase
626 4884 906 4946 6666666666...
929 4884 983 4945 ΠΙ.
1008 4895 1080 4944 661.

239 4989 402 5050 Almutinm
424 4987 498 5064 (pol.
518 4985 644 5069 maeel).
674 4989 803 5060 Quilibet
824 4989 974 5064 praelatus
997 4994 1028 5047 66
1049 4990 1205 5048 canonicus
1235 4989 1377 5048 ecclesiae
1400 4987 1591 5049 Sandecensis
1613 4985 1720 5046 habeat
1749 4986 1802 5045 al·

344 5094 508 5152 mutium
529 5092 566 5151 66
588 5094 684 5164 vario,
718 5099 750 5152 et
771 5094 898 5153 vicarios
920 5093 957 5152 66
979 5093 1174 5167 aspergillinis
1196 5092 1361 5166 pellibus..
1376 5134 1383 5150 .
1397 5135 1426 5152 ..
1450 5091 1473 5150 1.
1499 5100 1572 5150 616.
1587 5121 1626 5134 -
1650 5089 1688 5149 66
1710 5089 1804 5149 instar

345 5197 470 5256 aliorum
491 5197 696 5256 canonicorum
719 5199 972 5272 superpelliciatus
995 5203 1025 5256 et
1046 5198 1371 5257 almuciatus...
1393 5195 1418 5255 1.
1443 5205 1559 5254 201.-
1583 5195 1801 5256 6166666666...

345 5301 696 5360 661666166616666
718 5300 854 5360 incedere
863 5344 956 5374 .....
978 5301 1002 5360 Ι.
1028 5310 1143 5360 aaa-
1166 5306 1287 5360 ut....
1310 5305 1376 5360 octo
1390 5299 1494 5358 vicarii
1516 5299 1631 5358 nonnisi
1653 5297 1804 5371 superpel-

344 5404 438 5462 liciati
460 5408 491 5463 et
512 5405 705 5478 aspergulinis
726 5405 880 5478 pellicibus
902 5406 1114 5465 almuciati
1140 5406 1171 5463 in
1194 5405 1346 5464 ecclesiam
1368 5403 1580 5478 ingrediantur.
1603 5400 1628 5461 1.
1655 5411 1726 5460 666.

242 5507 461 5568 Ambasiatores
484 5506 535 5585 (ex
555 5509 618 5568 ital.
640 5503 878 5588 ambasciatam,
899 5510 1021 5584 legatus,
1045 5510 1122 5584 polo.
1146 5503 1239 5591 lepat,
1258 5501 1377 5590 porat).
1401 5505 1447 5566 De
1470 5521 1613 5566 consensu
1635 5509 1803 5565 nostrorum

346 5611 742 5675 ambasiatorum....
764 5614 819 5673 III.
845 5625 894 5674 66.

240 5716 339 5791 Apum
360 5718 498 5791 alvearia,
521 5716 587 5777 ride
613 5717 770 5778 mellificis.

1596 5835 1634 5893 15
