4492 6592
1678 759 1759 834 lou.

177 971 217 1039 et
243 967 412 1058 quilibet
436 967 542 1041 aolrit
558 1020 753 1037 ........
779 966 863 1038 item
890 984 975 1055 ova,
1001 966 1084 1037 item
1109 962 1231 1055 gallos,
1258 964 1341 1037 item
1369 985 1507 1052 caseos,
1534 962 1754 1053 itemlabor,

179 1089 267 1161 item
299 1087 483 1185 powele,
509 1090 593 1161 item
628 1110 785 1184 oaazyep,
810 1087 893 1159 item
929 1086 1092 1176 taberna,
1118 1086 1203 1158 item
1230 1084 1435 1174 hortulani,
1453 1085 1536 1155 item
1564 1085 1754 1177 praedium,

177 1210 266 1282 item
295 1210 554 1283 molendinum.
588 1210 676 1281 Item
702 1207 872 1281 decimam
906 1211 976 1279 tam
1005 1206 1256 1299 manipularem
1279 1226 1381 1297 quam
1408 1205 1609 1297 canapalem
1635 1224 1754 1284 omncs
1811 1202 1817 1215 ’
1905 1238 1909 1248 =

177 1332 259 1423 agri
288 1331 408 1407 villae
434 1331 574 1409 solvunt
598 1337 636 1407 et
662 1328 858 1405 conducunt
883 1348 947 1423 pro
1065 1327 1230 1405 Abeuatt
1255 1348 1277 1404 a
1304 1327 1513 1403 monasterio
1540 1333 1603 1403 est
1640 1326 1754 1403 confi-

182 1459 249 1529 nat
275 1476 367 1529 cum
775 1450 780 1459 “

291 1576 564 1669 JaanourczA,
591 1578 676 1651 villa
701 1579 767 1652 sub
793 1579 960 1671 parocbia
985 1579 1030 1652 de
1057 1579 1358 1667 Borkowicze
1385 1579 1462 1671 ritu,
1489 1600 1590 1671 quarn
1608 1576 1754 1651 Waze-

180 1699 360 1772 borius
395 1699 488 1773 lilius
521 1698 762 1774 Gbriatini
788 1700 1059 1803 Wancboczenai
1085 1702 1297 1775 monasterio
1323 1701 1476 1775 donavit
1512 1700 1552 1771 In
1579 1721 1648 1792 qua
1674 1706 1776 1773 aaut.

182 1842 247 1895 aex
285 1820 393 1893 lanei
427 1821 681 1911 cmetlronalea,
707 1825 744 1894 et
766 1820 916 1913 quilibet
951 1822 1057 1896 coluit
1091 1844 1156 1913 pro
1184 1842 1290 1900 ceusu
1317 1822 1466 1895 sedecim
1494 1826 1644 1913 scottos,
1671 1822 1754 1897 item

184 1962 255 2041 ora
282 1942 452 2033 triginta,
477 1943 562 2015 item
588 1943 701 2033 gallos
727 1947 890 2034 quatuor,
914 1944 1000 2017 item
1020 1925 1147 2031 'emeca
1174 1944 1273 2017 duoa.
1309 1944 1396 2017 ltern
1422 1943 1584 2017 laborant
1610 1942 1756 2033 quilibet

186 2062 232 2135 de
259 2062 376 2137 laneo
403 2084 510 2137 annm
535 2062 628 2137 diem
654 2064 692 2137 in
717 2063 920 2156 septimana,
947 2065 1090 2157 proprio
1115 2086 1221 2139 curru
1239 2071 1304 2137 aut
1318 2070 1447 2137 aratro.
1473 2064 1561 2137 Item
1571 2060 1757 2161 peccabam

185 2184 378 2275 duplicem
405 2185 577 2274 laborant,
603 2206 707 2261 unam
733 2204 798 2277 pro
825 2206 917 2276 rere,
943 2186 1047 2259 aliam
1074 2208 1139 2279 pro
1165 2187 1307 2278 hyeme,
1334 2187 1416 2259 item
1443 2207 1582 2283 oaaayep
1608 2184 1758 2277 solvunt,

187 2314 270 2381 octo
299 2307 435 2381 cboroa
461 2326 594 2387 avenae
618 2312 656 2379 et
680 2314 831 2399 quatuor
857 2307 1026 2400 siliginia;
1052 2309 1137 2381 item
1164 2308 1319 2400 taberna,
1345 2309 1429 2383 item
1455 2308 1642 2381 hortulani
1669 2307 1757 2381 Item

185 2427 382 2521 praedium
419 2433 475 2501 eat
500 2428 718 2519 coenobiale,
744 2428 788 2501 de
814 2429 913 2503 caius
940 2432 1036 2521 agris
1063 2430 1309 2503 monasterium
1337 2430 1504 2513 decimam
1531 2428 1617 2503 nulli
1645 2428 1757 2503 solvit

188 2550 280 2622 ltem
320 2548 561 2622 molendinum
584 2550 796 2623 coenobiale
812 2628 816 2637 ,
831 2551 868 2624 in
902 2551 1044 2623 flumine
1076 2551 1378 2641 lablonicza,
1405 2551 1537 2623 babens
1572 2570 1694 2641 agros,
1721 2555 1757 2623 et

190 2670 303 2744 solvit
331 2676 486 2763 quatuor
512 2690 656 2744 marcac
683 2672 772 2745 Item
799 2693 919 2745 omues
945 2672 1023 2763 agri
1040 2672 1144 2745 villae
1162 2672 1302 2747 solvunt
1319 2678 1356 2745 et
1375 2671 1570 2745 conducunt
1590 2670 1757 2744 decimam
1909 2704 1912 2712 .

190 2792 473 2886 manipularem,
499 2798 537 2865 et
562 2792 765 2883 canapalem
790 2814 855 2884 per
880 2800 955 2866 tres
980 2790 1120 2885 babor,
1146 2814 1211 2885 pro
1238 2793 1449 2867 monasterio
1475 2790 1758 2885 Wancbocaenai,

190 2920 228 2985 et
254 2913 364 2985 valor
390 2913 466 2987 cius
491 2913 699 2986 aestimatur
725 2914 770 2986 ad
796 2919 950 3006 quatuor
975 2934 1119 2989 marcaa
1147 2914 1308 2987 Gonunat
1333 2934 1411 2987 cum
1436 2912 1691 2987 Polutbow.

299 3033 509 3126 Goauow,
523 3035 608 3107 villa
633 3036 699 3109 aab
724 3036 891 3127 parocbia
916 3035 988 3108 de.
1007 3088 1015 3105 .
1034 3090 1042 3107 .
1060 3035 1175 3126 .aita‚
1201 3036 1299 3108 cuiue
1326 3040 1460 3126 partem
1488 3032 1629 3126 Ozyrz
1656 3033 1756 3107 milea

104 3225 110 3236 .
196 3157 420 3231 monasterio
445 3156 717 3231 Wancbocaenai
743 3157 908 3249 contulit,
933 3163 971 3231 et
995 3157 1138 3231 residua
1164 3178 1246 3249 pare
1281 3156 1376 3249 apud
1402 3156 1530 3229 militen
1556 3162 1758 3246 comparata

194 3264 258 3350 eat.
286 3278 329 3349 In
361 3300 431 3369 qua
457 3284 539 3350 sunt
564 3278 656 3351 lanei
683 3280 930 3371 cmetboualea,
957 3285 994 3351 et
1020 3279 1167 3371 quilibet
1194 3278 1299 3353 solvit
1317 3332 1324 3348 .
1344 3332 1351 3349 .
1370 3332 1378 3349 .
1398 3332 1423 3368 .‚
1450 3278 1534 3351 item
1561 3268 1646 3367 ora,
1673 3276 1757 3353 inu

195 3399 319 3489 gallos,
340 3398 433 3472 item
460 3420 600 3490 caaeoa;
636 3400 719 3475 item
746 3401 866 3491 labor;
900 3401 985 3475 item
1011 3399 1173 3497 pecuda,
1198 3402 1283 3473 item
1309 3422 1465 3499 oaazycp,
1492 3400 1575 3473 item
1592 3394 1759 3490 taberna,

195 3520 279 3593 itam
317 3521 519 3610 hortulani,
544 3522 628 3595 item
664 3523 864 3614 praedium,
890 3524 973 3597 item
1008 3523 1251 3597 molendinum.
1291 3522 1379 3595 Item
1406 3543 1525 3595 omnes
1551 3522 1627 3613 agri
1655 3520 1759 3595 uillae

196 3642 341 3717 solvunt
367 3649 406 3715 et
431 3643 629 3718 conducunt
653 3643 823 3717 decimam
849 3644 1100 3736 manipularem
1126 3650 1163 3717 et
1189 3643 1398 3735 canapalem,
1424 3664 1490 3735 pro
1508 3697 1516 3713 .
1534 3696 1569 3713 ..
1595 3640 1758 3717 Gonfinat

197 3784 275 3837 cum
295 3819 303 3835 .
324 3820 333 3835 .
354 3818 362 3834 .
380 3763 544 3869 Alienata
568 3786 593 3839 a
613 3748 837 3839 monasterio.

303 3885 609 3977 wiwnznszow,
636 3886 721 3961 villa
746 3886 813 3959 eub
839 3885 1006 3977 parocbia
1030 3885 1075 3961 de
1101 3886 1325 3978 Mnyszek
1353 3886 1443 3985 cita,
1470 3908 1534 3978 pro
1561 3886 1677 3959 anima
1702 3906 1758 3959 co·
1897 3942 1902 3961 ,

142 4012 147 4018 ’
199 4006 295 4093 mitia
322 4005 730 4081 blarcusaonia-de
764 4007 1045 4081 Schamazon
1080 3999 1294 4081 monasterio
1321 4007 1594 4081 Wanchoczenai
1621 4008 1760 4081 donata

200 4126 240 4199 ln
266 4150 341 4219 qua
366 4134 449 4203 aunt
474 4129 598 4221 viginti
623 4130 717 4203 lanei
742 4130 990 4220 ometbonalea,
1014 4135 1053 4203 et
1078 4129 1225 4221 quilibet
1251 4130 1357 4203 solvit
1383 4136 1462 4204 octo
1487 4150 1648 4222 grossos,
1675 4129 1759 4201 item
1885 4188 1888 4195 .

201 4268 268 4319 ova
300 4250 467 4340 triginta,
493 4252 577 4323 item
613 4272 734 4325 caaeoa
767 4250 874 4342 duos,
899 4251 983 4325 item
997 4251 1120 4342 pallos
1147 4256 1315 4343 quatuor,
1341 4252 1425 4325 item
1451 4252 1589 4325 laborat
1614 4250 1761 4342 quilibet

201 4366 244 4439 de
268 4369 374 4443 laneo
401 4392 507 4445 unum
533 4372 624 4444 dem
651 4373 689 4445 in
715 4373 921 4463 septimana,
946 4374 1093 4465 proprio·
1115 4389 1222 4447 curru
1239 4378 1302 4446 aut
1318 4380 1448 4447 aratro.
1474 4374 1562 4447 Item
1579 4369 1760 4470 ponebam

201 4486 364 4563 laborant
391 4497 582 4584 utramque,
611 4512 675 4584 pro
702 4512 785 4567 vere
810 4493 975 4567 videlicet
999 4502 1037 4567 et
1060 4496 1194 4587 hyeme,
1222 4493 1305 4567 item
1331 4515 1470 4593 oaaayep
1495 4495 1654 4587 solvunt,
1683 4496 1758 4588 qui-

203 4606 287 4683 libet
313 4611 359 4685 de
384 4612 487 4687 laneo
513 4620 592 4687 octo
619 4614 744 4688 cboroa
771 4634 902 4689 arenae
929 4622 967 4689 et
993 4622 1143 4707 quatuor
1169 4616 1326 4709 siliginis,
1362 4616 1450 4689 Item
1476 4617 1644 4691 tabernae
1671 4616 1759 4691 dnae

203 4728 372 4807 babentes
398 4755 511 4826 agros,
537 4742 575 4808 et
600 4736 707 4809 solvit
732 4756 797 4827 pro
823 4755 929 4811 ceusu
955 4737 1131 4829 quaelibet
1157 4712 1307 4811 mediam
1333 4758 1494 4830 marcam,
1521 4739 1605 4812 item
1637 4739 1759 4813 bortu-

135 4952 141 4961 .
206 4848 328 4926 laniae.
354 4855 442 4929 item
470 4856 650 4948 praedium
676 4864 732 4937 eat
757 4858 968 4949 coenobiale,
995 4859 1042 4933 de
1065 4860 1163 4932 cuius
1189 4860 1284 4951 agris
1311 4860 1558 4933 monasterium
1586 4850 1759 4935 Wancbo-
1797 4904 1803 4915 »
1868 4862 1872 4878 ”

186 4992 328 5070 ‚menae
354 4978 503 5069 percipit
528 4978 706 5053 decimam.
745 4980 834 5053 ltem
869 4980 1103 5055 molendinum
1130 5002 1199 5054 non
1226 4987 1294 5071 est,
1322 4980 1384 5055 aed
1411 4982 1545 5072 piscina
1571 4988 1635 5055 eat.
1671 4981 1758 5055 Ite'm

208 5114 325 5171 omnes
351 5100 428 5190 agri
454 5100 725 5174 villae-solvunt
751 5107 787 5175 et
812 5102 1010 5175 conducant
1035 5102 1203 5199 decimam
1230 5103 1480 5195 manipularem
1506 5109 1544 5176 et
1561 5103 1759 5195 canapalem

209 5233 271 5303 pro
297 5221 510 5295 monasterio
537 5220 861 5315 Szeczecbovienai,
888 5225 944 5297 cui
971 5244 1035 5316 per
1060 5225 1261 5316 episcopum
1297 5223 1562 5299 Crucoviensem
1590 5222 1758 5298 Gedeo·

210 5356 302 5413 nem
329 5341 497 5435 inscripta
512 5351 560 5416 -et
585 5344 715 5419 donata
740 5352 805 5433 est,
823 5352 869 5419 et
895 5344 994 5419 valor
1019 5346 1095 5419 eiua
1110 5348 1331 5420 'aestimatur
1354 5346 1399 5419 ad
1418 5346 1598 5419 duodecim
1616 5368 1759 5420 marcas.

211 5455 367 5561 Confluat
392 5486 470 5538 cum
498 5465 729 5558 Mnyazek‚
757 5467 1028 5559 Strzalkow‚
1054 5467 1291 5560 Gbronow,
1318 5466 1519 5541 Guszow.
1689 5460 1722 5550 ’,

238 5613 242 5620 ·
311 5584 695 5661 wawnzrscnowsm
722 5587 877 5679 Woaum,
903 5587 1072 5661 Roeom
1099 5589 1244 5663 Wonra
1273 5590 1376 5664 bodie
1403 5596 1559 5681 vocatur,
1587 5591 1669 5663 villa
1695 5591 1761 5663 sub

212 5706 372 5788 parocbia
396 5707 441 5781 de
466 5706 688 5800 Mnyszelr
714 5710 792 5801 sita,
819 5708 917 5785 cuius
935 5710 1133 5805 proprietas
1151 5711 1199 5787 ad'
1215 5712 1464 5789 monasterium
1482 5710 1759 5827 Waucboczenae
