4492 6592
1675 785 1746 859 167

199 989 339 1064 maoellu
366 990 566 1064 cumfieum
593 991 722 1082 oppidi,
748 1013 854 1063 nuum
880 993 1061 1065 macellum
1088 998 1292 1084 perpetuum
1320 994 1476 1084 liberum,
1503 993 1547 1066 de
1564 1015 1634 1084 quo
1651 995 1751 1067 aunis

200 1111 341 1201 siugulis
371 1111 553 1184 solvuntur
578 1114 791 1185 monasterio
818 1113 887 1185 duo
914 1113 1048 1204 lapides
1075 1120 1111 1186 et
1137 1114 1226 1186 duae
1252 1121 1399 1205 quartae
1424 1115 1509 1204 sepi.

297 1229 540 1306 Suburbium
565 1229 865 1318 Oiobuozonua,
884 1235 949 1306 sub
975 1235 1144 1325 parocbia
1160 1237 1364 1308 monasterii
1387 1235 1431 1307 de
1448 1234 1749 1325 Globnazslro‚
1844 1279 1854 1288 —

200 1352 239 1424 aul
264 1352 404 1443 plagam
432 1353 694 1426 meridionalem
721 1355 843 1444 situm,
871 1355 915 1426 ud
942 1357 1201 1427 serenissimum
1236 1355 1413 1427 domiuum
1441 1355 1606 1426 Poloniae
1631 1376 1748 1446 regem

199 1493 270 1544 auru
297 1475 392 1545 omni
419 1475 495 1546 iure
521 1476 709 1566 pertinens.
745 1475 785 1546 In
813 1497 881 1567 quo
909 1481 991 1547 sunt
1017 1477 1108 1548 lanei
1134 1477 1430 1565 suburbanorum,
1458 1475 1653 1566 dequibus
1679 1497 1749 1546 uon

200 1593 344 1666 solvitur
370 1595 504 1666 decima
539 1596 764 1686 manipularis
792 1597 853 1668 sed
879 1595 1113 1686 bumentslis,
1142 1595 1308 1668 coenobio
1326 1591 1578 1684 'Globuezeusi3
1605 1597 1751 1686 quilibet

198 1735 275 1786 vero
307 1715 531 1788 suburbanus
564 1717 607 1788 de
643 1716 745 1790 laneo
780 1723 921 1790 tenetur
956 1717 1092 1789 solvere
1118 1724 1156 1788 et
1181 1717 1324 1807 proprio
1350 1735 1456 1787 eumn
1482 1717 1519 1787 iu
1545 1718 1748 1788 coenobium

197 1834 367 1925 iuducere,
394 1835 438 1908 de
464 1857 553 1927 puro
579 1857 698 1928 granu
725 1845 799 1908 tres
826 1858 1006 1910 mensuras
1033 1857 1142 1928 purae
1169 1838 1317 1928 siliginis
1342 1841 1380 1907 at
1406 1857 1537 1909 avenae
1561 1844 1635 1910 tres
1653 1859 1747 1909 men·

199 1969 301 2045 suras,
327 1977 514 2030 mensurae
542 1959 696 2049 aequalis
724 1957 989 2049 Olobnczensis3
1016 1959 1183 2030 decimam
1210 1964 1326 2030 autem
1352 1958 1477 2048 oanapi
1503 1979 1572 2052 non
1599 1959 1747 2030 solvunt

295 2075 483 2170 Zuwunu,
510 2077 594 2152 ville
620 2081 685 2152 sub
712 2081 880 2170 parochia
906 2081 1073 2152 ecelesiae
1101 2080 1145 2151 de
1172 2079 1466 2152 Globuozsko
1492 2079 1642 2169 sita,'et
1667 2080 1749 2150 sub

198 2199 293 2273 urbio
321 2198 551 2274 Globnozensi
578 2203 750 2293 contigua,
777 2204 875 2274 ouius
893 2203 1089 2292 proprietas
1108 2202 1153 2273 ad
1171 2201 1427 2272 serenissimum
1446 2199 1612 2271 Poloniae
1630 2221 1747 2291 regem

199 2321 364 2412 pertinet,
392 2331 430 2394 et
456 2343 545 2414 qnae
573 2324 671 2414 quasi
705 2343 769 2413 pro
796 2323 907 2396 altero
935 2323 1101 2395 suburbio
1129 2321 1354 2394 Olobuozeusi
1379 2328 1573 2411 reputatur.
1612 2321 1653 2392 lu
1680 2342 1749 2412 qua

199 2448 280 2513 sunt
308 2442 405 2516 lanei
441 2443 694 2534 emethonales‚
731 2451 768 2516 et
804 2444 950 2535 quilibet
985 2444 1121 2515 emetho
1157 2443 1201 2514 de
1227 2443 1328 2514 laneo
1355 2463 1424 2513 non
1450 2442 1556 2514 solvit
1581 2442 1747 2535 desimam
1876 2453 1881 2460 '

197 2563 463 2654 manipularem,
491 2566 552 2637 'sed
586 2563 826 2639 frumentalem
854 2567 1019 2638 coenobio
1047 2563 1292 2653 Globuonensi3
1320 2563 1467 2654 quilibet
1491 2564 1584 2634 enim
1610 2564 1747 2634 cmetbo

199 2684 237 2755 de
261 2685 364 2758 laneo
392 2686 527 2759 solvere
553 2693 711 2777 tenetur,
738 2687 782 2758 de
808 2707 897 2776 puro
923 2707 1051 2776 grano,
1078 2693 1152 2758 tres
1177 2705 1358 2758 mensuras
1384 2703 1493 2775 purae
1519 2684 1683 2775 siliginis,
1710 2691 1748 2756 et

198 2824 322 2878 avenae
358 2827 539 2878 mensuras
559 2807 679 2908 xetiam
715 2811 807 2897 tres,
842 2827 1025 2878 mensurae
1052 2804 1295 2879 Globuczensis
1322 2805 1495 2895 aequalis,
1522 2811 1559 2875 et
1583 2810 1748 2876 tenentur

199 2945 267 2997 eam
293 2929 449 3018 propriis
476 2929 635 3001 curribus
662 2929 825 3000 iudnoere
853 2929 888 2998 in
915 2928 1164 3000 monasterium
1190 2925 1432 2999 Olobuozense.
1467 2925 1556 2997 Item
1582 2947 1651 2997 non
1679 2925 1748 2997 sol-

198 3053 278 3119 vunt
304 3048 474 3122 dammum
501 3050 632 3140 canapi.
672 3049 760 3122 Item
787 3049 823 3121 iu
851 3048 972 3120 eodem
998 3049 1082 3121 villu
1107 3048 1215 3119 habet
1241 3047 1488 3119 monasterium
1515 3045 1748 3118 Olobuczense

104 3167 105 3258 ξ
199 3167 279 3240 duos
305 3169 428 3242 laneos
455 3191 532 3243 enm
558 3167 680 3261 pratis
696 3171 836 3260 liberos,
862 3176 898 3241 et
925 3169 1071 3260 quilibet
1097 3189 1162 3259 pro
1188 3189 1293 3240 aenou
1320 3188 1434 3239 annno
1452 3167 1559 3240 solvit
1574 3173 1748 3238 monaste·

104 3311 105 3338 ³
199 3289 246 3360 rio
271 3287 500 3364 Olobuezensi
527 3292 675 3364 mediam
701 3311 862 3362 marcam.

104 3383 105 3404 Ν
294 3407 629 3503 Srnnnournsczn,
656 3411 800 3502 antiqua
827 3411 949 3486 civitas
974 3409 1238 3500 Olobuezensis,
1264 3410 1330 3482 sub
1355 3408 1523 3499 parochia
1547 3407 1749 3480 monasterii

200 3527 239 3600 de
263 3528 561 3604 Olobuozslro
597 3533 682 3622 sita,
718 3533 815 3604 euius
841 3533 1039 3622 proprietas
1075 3531 1120 3602 ad
1155 3531 1412 3603 serenissimum
1439 3528 1605 3601 Poloniae
1631 3548 1750 3620 regem

199 3650 351 3738 pertinet
388 3651 429 3723 lu
458 3674 526 3744 qua
553 3661 634 3726 sunt
659 3653 770 3742 lanei,
797 3659 833 3724 et
860 3651 1006 3744 quilibet
1032 3651 1075 3723 de
1102 3652 1202 3723 laneo
1230 3651 1396 3730 coenobio
1424 3649 1650 3722 Globnezensi
1678 3649 1747 3720 sol-

199 3791 274 3842 vere
298 3780 442 3846 tenetur
468 3780 541 3846 tres
568 3795 748 3846 mensurus
774 3795 882 3865 purae
910 3772 1066 3864 siliginis,
1093 3778 1129 3844 et
1154 3779 1228 3844 tres
1254 3791 1436 3843 mensuras
1453 3789 1593 3860 avenae,
1611 3787 1748 3839 mensu-

200 3913 253 3965 rae
287 3895 444 3986 aequalis
480 3894 739 3986 (lomenensis,
775 3902 813 3967 et
848 3901 1012 3968 tenentur
1039 3915 1115 3966 eam
1142 3894 1304 3966 cunibus
1332 3893 1482 3983 propriis
1508 3889 1674 3962 iuducere
1700 3890 1746 3960 ad

124 4085 128 4094 .
200 4017 438 4089 nonasterium
466 4015 707 4090 Globuozeuse.
734 4017 822 4088 Item
849 4037 918 4088 nou
938 4016 1077 4088 solvunt
1104 4014 1271 4086 desimam
1299 4013 1431 4102 canapi.

295 4137 492 4229 Zenonas,
529 4139 612 4226 uilla
648 4141 711 4210 snb
743 4137 910 4228 parochia
944 4137 1109 4209 eeclesiae
1137 4135 1180 4206 ‹le
1197 4133 1499 4205 'Globuozslro
1534 4132 1622 4221 sita,
1640 4131 1747 4203 ‘ouius

200 4261 390 4349 proprietas
417 4259 461 4332 ad
489 4261 746 4332 serenissimum
774 4260 950 4332 dominum
977 4257 1142 4330 Poloniae
1168 4277 1286 4346 regem
1311 4255 1475 4345 pertinet
1500 4253 1541 4324 In
1569 4273 1638 4344 qua
1664 4258 1747 4323 sunt

202 4377 309 4450 (leuem
336 4387 375 4454 et
401 4389 479 4453 octo
506 4381 598 4453 lanei
625 4381 867 4470 amethouales‚
896 4380 938 4451 de
966 4379 1090 4470 quibus
1117 4378 1276 4450 omuibus
1303 4375 1452 4448 solvitur
1477 4375 1611 4446 decima
1635 4373 1745 4444 mani-

201 4499 323 4588 pularis
350 4510 388 4574 et
413 4521 477 4592 per
501 4509 576 4574 tres
603 4503 741 4592 ierugas
768 4501 952 4591 eanapalis,
981 4501 1147 4572 eeclesiae
1164 4497 1398 4587 Olobuozensi,
1417 4502 1453 4566 et
1468 4502 1632 4567 tenentur
1650 4495 1745 4566 illam

202 4622 393 4694 ometbones
428 4623 580 4714 propriis
616 4622 775 4694 curribus
811 4621 936 4693 ducere
974 4621 1009 4691 iu
1046 4621 1210 4692 horreum
1245 4616 1495 4708 upraeposito
1521 4614 1747 4688 Olobuozensi

202 4739 385 4834 locandum,
412 4751 449 4816 et
474 4745 571 4815 uolor
598 4745 672 4815 eius
699 4743 904 4815 aestimatur
930 4741 974 4814 ad
1002 4759 1233 4814 sex-marcas.
1259 4739 1348 4810 Item
1374 4738 1491 4809 estin
1518 4737 1639 4808 eadm
1661 4735 1744 4808 villa
1840 4758 1842 4761 ·

203 4863 291 4936 uuna
315 4865 414 4955 regia
440 4871 476 4936 et
503 4865 693 4955 praedium,
720 4865 763 4936 de
790 4865 887 4936 ouius
906 4863 1000 4954 agris
1019 4861 1168 4934 solvitur
1185 4861 1318 4932 decima
1335 4859 1561 4950 manipularis
1578 4856 1745 4928 ecelesiae
1830 4929 1836 4940 ,

204 4986 384 5058 coenobiali
410 4987 447 5057 iu
473 4983 776 5058 Globuczslro.
803 4983 892 5056 Item
919 5005 987 5056 non
1015 4989 1096 5055 suut
1122 4982 1353 5067 hortulaniae,
1372 5001 1440 5051 non
1459 4985 1541 5051 sunt
1557 4978 1743 5065 tabernae;

204 5104 278 5176 item
304 5113 358 5179 est
383 5107 550 5196 sooltetia,
577 5127 666 5197 quae
693 5107 799 5178 habet
826 5107 912 5179 duos
940 5106 1068 5195 mneos,
1096 5103 1140 5175 de
1167 5103 1292 5194 quibus
1319 5102 1424 5173 etiam
1452 5099 1611 5171 omnibus
1637 5096 1742 5168 solvi·

204 5211 255 5298 tur
287 5229 435 5312 decimu,
453 5227 680 5318 manipularis
716 5227 881 5298 ecelesiae
916 5233 953 5298 et
988 5226 1198 5298 monasterio
1225 5221 1459 5294 Globuezensi.
1499 5219 1586 5290 Item
1613 5224 1667 5288 est
1692 5217 1742 5287 ibi

206 5346 425 5422 molendinum
451 5343 684 5439 reglum,“sed
710 5369 778 5420 non
805 5348 912 5422 habet
939 5367 1051 5437 agros.

270 5469 501 5560 ·stazow,
528 5469 613 5542 villa
648 5471 713 5541 sub
748 5469 914 5560 parochia
949 5467 1113 5539 eeclesiae
1140 5465 1184 5536 de
1210 5463 1501 5535 Globuczsko
1528 5461 1616 5549 sita,
1643 5459 1742 5530 ouius

136 5594 139 5602 '
207 5589 389 5678 proprietas
424 5599 461 5662 et
496 5591 682 5662 dominium
710 5590 755 5662 ad
783 5589 1040 5661 serenissimum
1069 5585 1235 5656 Poloniae
1262 5604 1377 5673 regem
1406 5583 1567 5672 pertinet
1606 5580 1647 5650 lu
1674 5601 1743 5670 qua

208 5705 279 5779 suut
303 5711 418 5783 decem
446 5718 486 5820 et
509 5720 641 5802 septam
669 5711 760 5784 bnei
787 5709 1029 5798 omethonales,
1057 5709 1100 5779 de
1127 5706 1251 5797 quibus
1269 5705 1428 5795 omnibus
1446 5702 1593 5774 solvitur
1611 5701 1754 5772 decimu
