4492 6592
469 845 541 916 256

470 1069 623 1138 maroas;
651 1049 732 1120 item
761 1069 829 1120 non
858 1055 938 1121 sunt
964 1049 1194 1139 hortulaniae,
1220 1049 1303 1121 item
1331 1071 1400 1122 non
1426 1057 1481 1122 est
1507 1051 1702 1142 praedium,
1729 1074 1798 1126 non
1825 1058 1907 1124 sunt
1931 1054 2009 1126 hor-

466 1171 628 1242 tulaniae.
1569 1185 1573 1192 ’
1841 1200 1845 1204 ·

567 1288 945 1379 Pnuusnczowrczn,
973 1290 1055 1390 uilla
1090 1291 1154 1362 sub
1190 1292 1355 1381 parochia
1390 1292 1434 1364 de
1460 1291 1765 1365 Wawelnicza
1799 1294 1887 1382 sita,
1915 1296 2009 1364 cuins

465 1415 588 1484 haeres
615 1410 807 1482 Dobeslaus
834 1408 1166 1502 Panlrraczslry
1196 1411 1240 1483 de
1267 1413 1367 1484 domo
1394 1412 1539 1483 Rawa.
1574 1414 1615 1484 111
1641 1435 1710 1503 qua
1735 1420 1817 1486 sunt
1844 1415 2010 1504 quinqua·

392 1623 394 1628 ,
465 1533 564 1624 ginta
590 1531 681 1602 lanei
708 1531 949 1620 cmethonales
977 1535 1012 1602 et
1038 1532 1080 1602 de
1108 1533 1265 1604 omnibus
1293 1533 1440 1604 solvitur
1465 1539 1503 1604 (1
1530 1534 1733 1606 conducitur
1751 1534 1884 1606 decima
1902 1537 2009 1605 mani·
2137 1606 2138 1615 χ

464 1652 595 1742 pularis
621 1672 685 1743 pro
712 1647 857 1722 eeclesia
883 1657 919 1722 (1
945 1651 1145 1741 praeposito
1173 1651 1463 1742 Wauelniczensi,
1482 1659 1518 1724 et
1535 1655 1633 1724 valor
1650 1655 1725 1730 eius
1743 1655 1950 1726 aestimatur
1967 1656 2010 1726 ad
2138 1736 2139 1749 2

463 1772 694 1863 quadraginta
720 1791 874 1860 marcas;
901 1773 984 1842 item
1011 1773 1166 1861 taberna,
1195 1775 1277 1843 item
1304 1774 1489 1861 hortulani,
1515 1775 1599 1846 item
1616 1780 1671 1845 est
1687 1775 1736 1846 ibi
1754 1775 1890 1846 unicum
1909 1795 2010 1865 prae
2076 1784 2081 1792 '
2138 1790 2139 1801 ¹

462 1893 556 1965 dium
583 1892 740 1982 militaro,
768 1891 811 1962 de
838 1891 935 1963 cuins
962 1893 1056 1982 agris
1083 1893 1232 1965 solvitur
1257 1893 1391 1965 decima
1407 1895 1631 1985 manipularis
1649 1895 1685 1966 in
1703 1893 2010 1966 Wawclnicza

462 2035 525 2105 pro
553 2013 760 2104 praeposito.

567 2134 872 2224 Nrnznnrrnow,
898 2133 981 2204 villa
1009 2136 1071 2206 sub
1103 2135 1268 2224 parochia
1295 2135 1337 2206 (1(
1364 2134 1668 2208 Wawelnicza
1694 2136 1770 2225 sita
1797 2136 1896 2207 cuius
1927 2138 2011 2207 hae·

462 2257 563 2329 redes
591 2254 863 2326 Bodzantha
890 2253 932 2324 (1(
960 2254 1060 2324 domo
1088 2253 1370 2346 Wyenyawa,
1397 2255 1575 2326 lohannes
1602 2253 1810 2327 Glowacz
1836 2256 1880 2326 de
1906 2256 2010 2328 domo

461 2375 659 2464 Nomina,
685 2373 850 2444 Nieolaus
876 2372 1032 2444 Kurck
1069 2373 1112 2445 (1(
1140 2373 1241 2446 domo
1267 2374 1520 2466 Nyecznya
1559 2375 1599 2446 In
1627 2396 1695 2466 qua
1721 2380 1803 2447 sunt
1829 2396 1891 2446 sex
1917 2376 2010 2446 lanei

461 2495 692 2568 emethonales
727 2501 764 2566 et
789 2495 933 2585 praedia
959 2497 1121 2586 triginta,
1135 2501 1187 2566 ·et
1213 2501 1283 2567 tam
1311 2498 1354 2568 de
1380 2497 1490 2569 laneis
1517 2497 1808 2585 emethonalibns‚
1834 2517 1940 2586 quam
1969 2498 2011 2567 de

459 2617 568 2688 laneis
595 2616 848 2706 praedialibus‚
875 2615 1022 2687 solvitur
1053 2625 1088 2686 et
1115 2616 1320 2688 conducitur
1355 2617 1487 2688 decima
1513 2617 1737 2706 manipularis
1764 2618 1800 2687 in
1826 2614 2010 2688 Wawel-
2139 2612 2140 2615 ’

458 2738 593 2807 nicza
619 2757 682 2826 pro
710 2736 919 2826 praeposito,
946 2741 982 2806 (1
1008 2737 1106 2806 valor
1132 2738 1207 2808 eius
1233 2739 1438 2809 aestimatur
1463 2737 1507 2808 ad
1533 2737 1657 2828 viginti
1684 2757 1826 2807 marcas.

562 2857 808 2945 Wanmsnovr,
835 2856 918 2926 villa
945 2857 1008 2926 sub
1036 2858 1201 2946 parochia
1227 2858 1391 2929 ecclcsiae
1417 2858 1461 2929 de
1482 2857 1787 2928 Wawelnioza
1814 2857 1891 2943 sita,
1910 2857 2009 2927 cuius

458 2977 625 3050 haeredes
661 2977 840 3049 Johannes
876 2976 991 3047 senior
1016 2983 1053 3047 (1
1079 2977 1256 3049 lohannes
1283 2983 1320 3049 (1
1345 2977 1540 3050 Stanidaus
1575 2977 1643 3048 duo
1670 2984 1815 3069 nepotes
1841 2997 1917 3048 cum
1948 2997 2010 3066 pa-
2140 2972 2141 2997 ²

458 3104 546 3170 truo.
573 3098 614 3168 In
642 3119 710 3189 qua
737 3103 819 3169 sunt
846 3097 1003 3168 undecim
1030 3097 1123 3168 lanei
1152 3099 1395 3188 emethonales,
1423 3099 1482 3189 qui
1510 3099 1649 3170 solvunt
1674 3103 1712 3168 (1
1728 3098 1925 3170 conducunt
1944 3117 2009 3188 pro

309 3209 313 3222 ’
457 3220 666 3291 monastario
693 3217 841 3290 Sanctae
868 3217 988 3290 Crucis
1018 3217 1202 3307 decimam,
1230 3226 1266 3290 (1
1293 3240 1356 3309 pro
1384 3221 1628 3310 praepositura
1654 3239 1715 3290 sen
1741 3219 1945 3308 praeposito
1972 3219 2007 3288 in

459 3339 767 3411 Wawelnicza
794 3338 996 3430 praediales.
1037 3339 1125 3410 Item
1153 3345 1234 3410 sunt
1260 3340 1308 3410 ibi
1335 3340 1405 3410 tria
1431 3340 1574 3430 praedia
1599 3340 1783 3427 militaria,
1810 3338 1853 3409 de
1880 3339 2008 3428 quibus
2141 3333 2143 3342 '

458 3461 615 3531 omnibns
643 3460 789 3532 solvitur
816 3460 948 3532 decima
975 3461 1200 3551 manipularis
1227 3461 1392 3532 eeclesiae
1419 3466 1455 3531 et
1480 3461 1679 3551 praeposito
1705 3460 1741 3531 in
1765 3458 2006 3529 Wawelni-

457 3601 543 3669 oza,
571 3587 606 3651 (1
633 3581 730 3652 valor
756 3581 830 3652 eius
857 3583 1063 3653 aestimatur
1089 3581 1134 3652 ad
1161 3585 1310 3671 quatuor
1335 3601 1490 3669 maroas;
1516 3581 1600 3652 itam
1626 3581 1803 3668 tabernae,
1820 3580 1905 3650 itam
1923 3580 2007 3650 hor·

456 3701 616 3772 tulaniae.
1806 3783 1810 3788 ⁷

560 3821 748 3910 Zamam,
777 3822 859 3892 villa
895 3823 958 3894 sub
995 3823 1161 3912 parochia
1197 3823 1362 3894 ecclesiae
1388 3823 1431 3893 de
1458 3821 1766 3892 Wawelnicsa
1792 3822 1878 3908 sita,
1906 3820 2006 3892 cuins

455 3945 578 4014 haeres
613 3943 765 4016 lacobus
802 3942 1097 4034 Ghoteczslry
1126 3943 1298 4014 dedomo
1326 3942 1489 4014 Natura.
1525 3943 1564 4013 ln
1592 3963 1661 4032 qua
1687 3947 1768 4014 sunt
1793 3941 2005 4012 lanei'cme·

455 4064 632 4154 thonales,
661 4065 719 4154 qui
746 4064 918 4136 decimant
944 4085 1007 4153 pro
1036 4060 1245 4136 monasterio
1272 4063 1419 4135 Sanctae
1447 4043 1586 4152 Crucis,
1614 4062 1710 4133 valor
1736 4067 1884 4151 quatuor
1912 4082 2004 4132 mar-

454 4205 589 4272 rarnm3
617 4185 700 4256 item
730 4191 783 4256 est
810 4185 858 4255 ibi
886 4206 991 4256 unum
1019 4185 1197 4274 praedium
1225 4184 1387 4273 militare,
1414 4185 1457 4255 de
1476 4185 1573 4255 cuius
1591 4185 1684 4273 agris
1703 4183 1851 4254 solvitur
1868 4182 2004 4254 decima

453 4305 677 4395 manipularis
703 4326 766 4395 pro
795 4307 939 4378 ecelesia
966 4312 1002 4377 et
1030 4307 1229 4396 praeposito
1256 4306 1291 4376 in
1319 4304 1637 4393 Wawelnieza
1665 4310 1702 4374 (1
1727 4303 1825 4374 valor
1852 4303 2003 4374 adduas

454 4446 604 4514 mareas-3
631 4426 714 4496 item
741 4426 917 4516 tabernae,
944 4427 1027 4498 item
1054 4427 1281 4499 hortulaniae.

558 4545 882 4637 Knamnnowmzu,
911 4547 994 4618 villa
1030 4548 1093 4619 sub
1129 4547 1294 4637 parochia
1328 4547 1493 4618 eeclesiae
1520 4545 1562 4616 de
1589 4544 1897 4615 Wawelnicza
1923 4546 2002 4631 sita,

454 4666 550 4736 cuius
577 4666 743 4738 haeredes
771 4666 929 4739 Andreas
956 4674 991 4739 et
1018 4667 1153 4758 Petrus,
1180 4669 1313 4740 nobiles
1340 4667 1383 4738 de
1410 4667 1515 4738 armis
1542 4665 1746 4757 Prusszy
1771 4657 1934 4754 pertinet.
1961 4666 2002 4735 In

454 4808 521 4878 qua
548 4794 629 4858 sunt
655 4787 810 4859 undecim
839 4789 930 4860 lanei
957 4789 1208 4877 cmethonales‚
1234 4795 1271 4858 (1
1298 4786 1341 4880 de
1368 4789 1524 4860 omnibns
1560 4786 1708 4858 solvitur
1734 4791 1771 4856 (1
1797 4785 2002 4857 conducitur

453 4907 585 4979 decima
624 4907 850 4998 manipularis
889 4930 952 4999 pro
990 4909 1136 4980 ecelesia
1171 4914 1207 4979 (1
1243 4909 1485 4998 praepositura
1521 4909 1555 4978 111
1591 4905 1902 4976 Wawelnicza
1937 4926 2001 4994 pro

450 5028 563 5099 media
590 5034 689 5118 parte
717 5029 829 5118 villae,
856 5034 892 5099 et
918 5029 961 5100 de
988 5051 1056 5100 una
1083 5029 1270 5100 medietate
1297 5029 1494 5114 laneorum3
1521 5026 1564 5114 dc
1582 5027 1693 5098 altera
1710 5046 1792 5098 vero
1811 5025 2000 5098 medietate

451 5149 596 5220 solvitur
632 5154 668 5220 et
703 5149 907 5221 conducitur
944 5169 1007 5239 pro
1044 5151 1254 5221 monasterio
1289 5148 1436 5220 Sanctae
1468 5146 1598 5220 Crucis.
1633 5147 1721 5219 Item
1748 5152 1829 5218 sunt
1854 5148 1905 5217 ibi
1931 5147 2000 5217 duo

450 5269 600 5360 praedia,
628 5269 671 5341 de
699 5271 824 5361 quibus
853 5269 1001 5342 solvitur
1028 5271 1167 5342 deciana·
1187 5271 1411 5361 manipularis
1437 5289 1502 5360 pro
1529 5269 1674 5340 ecclesia
1700 5268 1735 5337 111
1762 5266 1999 5338 Wawelni-

451 5411 528 5460 oza
554 5397 590 5462 (1
618 5391 691 5463 eius
718 5397 862 5481 rectore,
891 5392 986 5464 ouius
1013 5391 1111 5463 valor
1139 5392 1182 5462 ad
1209 5398 1297 5463 tres·
1310 5411 1453 5466 marcas.

555 5509 751 5601 Burnum,
779 5512 861 5583 villa
898 5513 961 5584 sub
999 5511 1166 5602 parochia
1192 5512 1357 5584 ecelesiae
1384 5511 1427 5583 de
1454 5509 1762 5580 Wawelnicza
1787 5507 1874 5595 sita,
1902 5507 1999 5576 cuins

452 5629 620 5702 haeredes
647 5631 805 5704 Andreas
833 5639 868 5704 (1
894 5631 1019 5704 Petrus
1046 5633 1174 5704 fratres
1200 5633 1244 5704 de
1270 5631 1642 5703 Karmanowicze
1668 5629 1711 5700 de
1739 5627 1840 5698 domo
1867 5625 1999 5696 Prus-

418 5778 420 5782 ·
453 5771 537 5843 azy.
572 5751 612 5822 In
640 5772 708 5842 qna
742 5759 823 5826 runt
858 5735 950 5824 lanei
986 5754 1249 5842 emethonales,
1284 5754 1327 5823 de
1363 5753 1487 5844 quibus
1514 5751 1671 5823 omuibus
1698 5748 1847 5820 solvitur
1872 5745 2005 5818 decima
