4492 6592
1630 834 1641 845 ,
1714 743 1807 835 ,aar

357 932 580 1029 Gomscn,
621 944 774 1013 castrum
811 940 876 1014 snb
911 943 1078 1033 parocbia
1114 944 1280 1017 ecclesiae
1316 945 1361 1017 de
1387 944 1668 1021 Kolaczieze
1695 948 1808 1040 siun,

219 1051 348 1126 cuius
372 1056 570 1147 proprietas
587 1058 631 1131 ad
650 1060 898 1133 monasterium
917 1061 1142 1137 Thincziense
1160 1065 1323 1155 pertinet,
1342 1067 1406 1138 sub
1425 1071 1581 1157 tempore
1599 1066 1724 1141 Matb
1735 1070 1807 1141 iae

219 1176 394 1251 abbatis
422 1180 670 1273 I'bynczieusis
695 1183 763 1257 init
788 1183 1010 1276 demolitum,
1046 1185 1108 1257 sed
1142 1186 1206 1258 sub
1243 1191 1398 1277 tempore
1436 1185 1598 1260 Andreae
1632 1186 1808 1264 Osszlra

218 1300 473 1373 succedentis
498 1303 710 1395 immediate,
736 1303 804 1379 fuit
829 1306 1072 1379 instauratum.

354 1420 505 1493 Wonrn
531 1425 625 1498 circa
651 1425 858 1519 anosrna,
884 1426 968 1499 ville
992 1427 1057 1499 sub
1083 1428 1249 1518 parochia
1274 1428 1317 1501 de
1344 1427 1576 1499 Brzostelr
1603 1429 1681 1519 sita,
1708 1420 1805 1501 cuius

220 1541 457 1631 proprietas
479 1542 525 1616 ad
551 1546 799 1619 monasterium
824 1546 868 1619 de
896 1546 1129 1640 Tlrinyecz
1156 1548 1318 1637 pertinet.
1345 1548 1473 1639 Inque
1499 1554 1581 1621 sunt
1606 1550 1698 1641 lanei
1717 1571 1805 1621 cme-

222 1659 425 1754 thonales,
452 1670 491 1737 et
511 1666 663 1757 quilibet
687 1668 794 1741 solvit
818 1688 883 1759 pro
910 1688 1016 1739 censu
1034 1721 1202 1757 .......
1229 1668 1313 1739 item
1341 1689 1425 1757 cve,
1465 1669 1549 1741 item
1575 1668 1696 1759 gallos,
1723 1670 1807 1741 item
1909 1694 1911 1701 ·

82 1803 83 1806 ‘
222 1800 385 1873 caseos,
411 1785 496 1857 item
513 1784 721 1880 pmuohom3
756 1789 840 1861 item
866 1788 1022 1877 taberna,
1050 1787 1133 1859 Item
1161 1787 1347 1877 hortulani,
1375 1789 1458 1861 item
1486 1788 1685 1879 praedirm;
1723 1789 1806 1861 item

224 1907 295 1975 est
329 1904 386 1977 ibi
412 1905 579 1980 scultetus
605 1908 737 1981 habens
763 1908 851 1981 duos
876 1908 1014 1998 laneos,
1040 1914 1077 1981 et
1103 1908 1230 2007 recipit
1254 1914 1389 1981 sermm
1416 1908 1595 1981 densrium
1622 1908 1666 1983 de
1692 1930 1807 1982 censu.

82 2045 83 2056 ¹
224 2023 339 2096 Item
369 2032 451 2117 post
476 2049 596 2100 omnes
621 2050 726 2121 agros
753 2029 900 2141 solvitur
927 2028 1098 2103 decima...
1126 2030 1213 2101 Item
1232 2050 1296 2120 pro
1314 2030 1467 2101 adventu
1492 2030 1629 2103 abbatis
1656 2030 1807 2103 ematho-

82 2221 84 2245 χ
226 2160 306 2217 nes
342 2147 484 2219 solvunt
509 2149 715 2239 emtionem,
748 2150 836 2223 duas
862 2134 1045 2223 mensuras
1069 2169 1219 2241 arenae,
1246 2170 1352 2242 unum
1378 2151 1514 2223 conde
1541 2150 1719 2241 cervisiae,
1746 2168 1807 2221 sex

229 2266 380 2357 pullos,
407 2269 491 2341 item
519 2267 623 2341 unam
649 2290 794 2363 pernam
819 2270 919 2343 lardi

82 2397 84 2439 l

362 2387 630 2482 Konaczrczn,
656 2390 866 2483 oppidum,
855 2412 893 2463 ιιι
910 2411 980 2481 qno
1005 2390 1153 2463 ecclesie
1178 2390 1293 2483 lignee
1318 2390 1535 2481 parochialis,
1561 2388 1707 2461 Sanctae
1733 2387 1809 2459 Ma·

231 2508 327 2581 riae
354 2510 488 2601 dicata,
523 2511 621 2585 cuins
647 2512 844 2603 proprietas
871 2511 916 2585 od
942 2512 1191 2585 monasterium
1219 2512 1444 2585 Tbiucziense
1470 2511 1632 2601 pertinet.
1671 2510 1712 2581 In
1739 2530 1807 2601 quo

83 2679 87 2708 ι
235 2635 336 2700 suut
372 2651 496 2704 novem
522 2632 614 2703 lanei
641 2631 912 2724 oppidanorum,
938 2639 975 2705 et
1001 2631 1148 2723 quilibet
1173 2632 1279 2704 solvit
1304 2652 1368 2721 pro
1395 2651 1501 2703 censu
1528 2684 1657 2720 ......
1692 2634 1805 2713 totum

81 2711 85 2780 l

85 3001 87 3023 l

86 3034 89 3099 l

85 3114 90 3225 l

83 2781 87 2874 ι
238 2749 422 2841 oppidnm
451 2750 556 2824 solvit
572 2756 706 2843 septem
732 2772 876 2827 marcas
915 2752 1004 2825 Item
1022 2758 1078 2825 est
1095 2751 1278 2825 advocatia
1303 2752 1339 2823 iu
1358 2750 1478 2823 eodem
1505 2750 1648 2843 oppidu,
1674 2750 1814 2825 babens

83 2887 87 2971 j
236 2875 327 2941 tres
355 2870 492 2961 laneos,
527 2871 723 2963 dequibus
757 2873 864 2945 solvit
889 2872 1057 2945 decimam
1083 2873 1212 2947 ibidem
1239 2873 1275 2945 in
1302 2872 1589 2945 Kolaczicze.
1616 2872 1703 2945 Item
1722 2876 1804 2945 mo·
1938 2945 1941 2951 Δ
2023 2872 2027 2877 ’

237 2989 430 3064 leudinum
456 2991 614 3081 advocati
641 3013 761 3083 unum,
787 2988 925 3091 solvens
949 2993 1000 3065 ibi
1025 2997 1202 3085 metretas,
1229 2994 1312 3065 item
1339 2991 1382 3065 de
1400 3012 1504 3065 censu
1530 2992 1637 3065 hebet
1663 3044 1804 3063 ......

241 3110 345 3183 Item
379 3134 449 3185 non
484 3118 539 3187 est
563 3113 613 3187 ibi
638 3113 820 3205 praeditum
846 3114 1055 3187 oceacbiele.
1092 3114 1182 3187 Item
1208 3114 1373 3205 oppidani
1408 3133 1472 3205 pro
1500 3112 1633 3185 decima
1667 3111 1807 3185 solvunt

88 3264 89 3277 ι
243 3232 423 3315 ecelesiae
447 3232 706 3308 Zrzanczin
732 3235 834 3309 annis
850 3234 997 3326 siugulis
1023 3240 1174 3326 quatuor
1200 3254 1343 3307 marcas.
1384 3234 1472 3307 Item
1500 3232 1543 3305 de
1561 3233 1675 3306 tribus
1697 3232 1807 3305 laneis
1849 3316 1856 3323 ‚

85 3309 89 3397 l

245 3354 314 3445 qni
348 3360 518 3455 vocantur
542 3352 773 3442 bocleokowe,
800 3356 980 3427 solvuntur
1005 3356 1217 3429 monasterio
1250 3356 1401 3447 quinque
1426 3375 1572 3427 marcae.
1611 3354 1700 3427 Item
1727 3374 1807 3427 con·

88 3489 89 3500 ¹
244 3476 391 3549 solatus
416 3476 451 3547 in
479 3476 555 3566 die,
588 3497 658 3566 qua
684 3475 858 3567 eliguntur
885 3476 1063 3567 consules,
1098 3476 1205 3549 solvit
1240 3482 1277 3549 et
1302 3476 1364 3549 dat
1390 3476 1510 3549 abbati
1538 3496 1642 3549 unum
1671 3474 1808 3549 eorde

248 3596 419 3685 cerviae,
445 3596 532 3669 duas
556 3616 740 3677 mensuras
765 3618 911 3688 avenae,
938 3602 1088 3691 quatuor
1113 3597 1238 3689 gallos,
1270 3618 1375 3672 unum
1402 3597 1572 3689 leporem;
1599 3598 1684 3697 item
1710 3596 1807 3687 oppi—

247 3716 336 3789 dam'
362 3717 500 3795 rabone
515 3738 675 3811 opruwoc
700 3717 840 3790 solvunt
855 3718 975 3791 abbati
991 3718 1092 3791 annis
1110 3716 1257 3809 singulis
1276 3738 1378 3789 unam
1397 3736 1612 3809 sexageuem.
1650 3714 1808 3787 Gentium

251 3858 333 3911 cum
361 3836 706 3928 Byeszdzedra,
740 3838 1029 3929 Dambrowa,
1055 3837 1288 3928 Clodawa,
1315 3838 1569 3929 Brzyszkc,
1595 3836 1806 3926 aunem,

250 3956 444 4031 Szowna
469 3963 506 4030 et
531 3956 841 4049 Krayowicze.

309 4140 319 4157 ,
356 4076 640 4170 Knarowrczn,
665 4078 750 4150 villa
776 4079 840 4151 sub
858 4079 1023 4170 parochia
1048 4078 1092 4153 de
1110 4078 1389 4151 Kolaczicze
1416 4076 1498 4167 sita,
1526 4076 1624 4167 cuius
1649 4075 1805 4166 proprie-
1909 4072 1912 4082 '

250 4204 307 4273 tas
325 4198 372 4271 ad
389 4199 637 4273 monasterinm
654 4198 860 4273 Thincianse
877 4199 1040 4291 pertinet
1074 4199 1115 4271 In
1134 4220 1203 4291 que
1220 4204 1370 4291 quatuor
1388 4197 1481 4275 lanei
1499 4196 1742 4286 emethonales,
1762 4216 1805 4269 ex

251 4320 379 4411 quibus
397 4320 501 4392 solvit
519 4341 607 4393 unus
625 4341 793 4410 marcam,
809 4320 888 4412 duo
897 4342 961 4411 par
973 4341 1097 4393 novem
1115 4326 1261 4410 scottos,
1280 4322 1363 4393 item
1382 4340 1457 4409 ova,
1476 4320 1559 4391 item
1573 4317 1699 4409 gallos,
1716 4318 1800 4389 item

222 4460 229 4465 ·
253 4460 393 4530 casem,
419 4441 502 4512 item
525 4440 633 4532 labor,
660 4441 745 4514 item
771 4440 817 4513 ad
832 4439 1065 4536 ponebam..
1084 4496 1092 4511 .
1111 4494 1139 4531 .,
1164 4441 1248 4513 item
1266 4460 1335 4513 une
1360 4440 1507 4511 taberna
1533 4438 1664 4511 habena
1692 4458 1803 4529 agros,

253 4567 291 4634 et
307 4561 414 4636 scl‘vit
438 4580 502 4653 pro
530 4581 637 4633 ceusu
661 4582 785 4645 nouem
811 4560 964 4635 lenones
990 4567 1027 4635 et
1044 4561 1131 4637 duas
1159 4581 1338 4633 mensuras
1363 4559 1512 4650 humuli3
1539 4560 1624 4632 item
1646 4559 1803 4651 quinque
1889 4562 1894 4567 ’

254 4682 473 4755 hortulaniae
491 4682 660 4756 babentes
678 4703 796 4775 agros,
822 4684 908 4760 item
925 4704 1032 4756 unum
1049 4684 1283 4757 molendinum
1301 4681 1503 4755 monasterii
1528 4682 1565 4753 in
1582 4681 1628 4751 W
1637 4680 1804 4773 yslclre

258 4810 295 4875 et
312 4803 419 4875 solvit
436 4823 548 4878 onum<
559 4803 731 4877 fertonem
748 4804 792 4877 de
805 4824 891 4895 egro
914 4808 951 4877 et
962 4810 1130 4877 metretas
1149 4803 1192 4875 de
1206 4802 1412 4877 molendino.
1438 4802 1525 4875 Item
1539 4802 1677 4875 ometbo
1695 4797 1805 4897 wclnp

253 4924 357 4997 solvit
384 4924 647 5019 quatuordecim
676 4945 838 5017 grossos3
871 4926 955 4997 item
992 4930 1047 4997 est
1071 4945 1178 4997 unum
1204 4924 1385 5015 praedium
1411 4922 1628 5012 coenobiale,
1664 4922 1707 4993 de
1732 4942 1803 5011 quc

252 5046 338 5119 nulli
373 5045 480 5120 solvit
515 5045 701 5137 decimam,
736 5044 910 5119 sedeam
944 5065 1009 5136 pro
1044 5066 1083 5117 se
1117 5046 1220 5117 tollit.
1260 5046 1349 5117 Item
1380 5044 1427 5121 ,de
1463 5064 1548 5134 agro
1584 5042 1644 5134 qui
1680 5042 1807 5113 dicitur

252 5165 403 5239 Rautb
431 5166 570 5259 qnando
606 5166 811 5258 seminator,
839 5167 1020 5242 solvuntur
1047 5187 1169 5239 novem
1197 5166 1317 5256 scotti,
1345 5164 1480 5257 quando
1509 5185 1579 5241 nau
1606 5164 1807 5253 seminatur,

252 5309 339 5361 unus
366 5286 465 5360 serto.
504 5288 592 5359 Item
628 5288 673 5361 de
699 5289 859 5362 omnibus
896 5289 992 5379 egris
1019 5288 1237 5360 emethonum
1274 5292 1311 5357 et
1337 5288 1521 5373 tabernae,
1557 5289 1662 5376 atque
1688 5284 1809 5357 hortu-

252 5408 440 5499 laniatum,
471 5408 613 5481 solvunt
647 5414 684 5481 et
709 5409 905 5483 conducunt
939 5408 1108 5481 decimam
1144 5407 1392 5497 manipularem
1428 5411 1464 5477 et
1499 5405 1718 5497 canapalem,
1744 5424 1808 5495 pro

253 5530 464 5603 monasterio
492 5529 700 5622 Ibineicusi,
726 5536 762 5602 et
788 5530 898 5603 valor·
911 5530 986 5602 eins
1013 5528 1218 5602 aestimatur
1243 5526 1290 5600 ad
1309 5546 1370 5599 sex
1398 5524 1541 5599 marcas.
1582 5524 1810 5614 Columbatio,
