4492 6592
517 765 593 837 480

516 976 554 1041 et
569 975 717 1062 utroque
743 971 873 1042 lacerto
890 971 1109 1060 constricta,
1146 971 1243 1043 horis
1280 971 1412 1063 aliquot
1446 976 1516 1044 tam
1554 973 1613 1044 diu
1641 973 1930 1044 lachrimabiliter
1955 979 2051 1049 orarit

515 1090 672 1181 fuditque
699 1092 943 1164 devotissimas
970 1113 1103 1183 preces,
1132 1113 1310 1182 quousque
1337 1093 1481 1182 spiritus
1512 1103 1644 1183 corpus¹
1665 1094 1835 1184 linquens,
1866 1093 1908 1163 ad
1936 1098 2051 1168 aeterni

517 1209 803 1283 Rsmuneratoris
840 1218 1058 1321 conspectum
1104 1235 1180 1282 curn
1217 1212 1353 1284 Sanctis
1389 1214 1568 1286 animabus
1609 1215 1644 1285 in
1685 1235 1805 1286 aevum
1835 1235 2050 1306 consessurus,

517 1337 630 1402 terras
644 1331 845 1423 relinquens
854 1329 1009 1420 transitu
1023 1334 1058 1404 in
1069 1323 1190 1404 eodem
1205 1333 1417 1405 monasterio
1433 1333 1683 1406 Thurnoviensi
1698 1335 1863 1425 sepultus,
1878 1336 2052 1424 requiescit

537 1515 546 1521 .
619 1452 696 1522 Non
725 1453 831 1524 habet
858 1454 1103 1524 monasterium
1141 1454 1399 1525 Tharnoviense
1432 1455 1623 1544 praelatum
1665 1456 1800 1545 aliquas
1827 1457 2052 1546 possessiones,

514 1593 656 1659 cousus,
684 1572 855 1661 redditus,
883 1574 943 1644 sed
971 1575 1157 1646 secundum
1185 1575 1340 1665 regulam
1368 1575 1498 1647 Christi
1527 1577 1591 1648 snb
1620 1554 1755 1648 Sanctis
1783 1576 1961 1666 Apostolis
1986 1597 2052 1647 con·

514 1692 692 1782 stitutum,
720 1695 810 1784 stipe
837 1694 1052 1766 emendicata
1079 1701 1114 1766 et
1131 1695 1358 1785 eleemosynis
1386 1697 1482 1768 vivit.
1561 1674 1568 1680 ’

1112 2041 1472 2128 uusuruuusu
1508 1981 1511 1988 ⁵

579 2269 751 2348 tertium
787 2271 1089 2348 montmorlum
1126 2269 1297 2350 Ordinis
1331 2249 1540 2350 Minorem
1574 2269 1627 2352 do
1659 2270 1936 2352 observantia
1970 2271 2005 2349 ln
2140 2333 2142 2392 q

1031 2409 1222 2489 dioecesi
1256 2406 1547 2530 cracoviensi:

618 2627 658 2699 In
685 2629 852 2700 suburbio
880 2629 998 2719 oppidi
1024 2628 1195 2702 Lnbliu
1221 2631 1324 2702 extra
1350 2651 1467 2704 muros
1494 2630 1646 2704 eiusdem
1674 2631 1709 2701 in
1737 2636 1839 2720 parte
1866 2617 2056 2702 occidentali

417 2795 420 2801 ·
521 2770 644 2822 versus
669 2749 811 2822 fluvium
838 2747 1072 2822 Bistrzicza
1097 2750 1223 2839 situm;
1259 2751 1497 2822 aconsulibus
1525 2756 1561 2821 et
1588 2751 1721 2823 civibus
1749 2750 2015 2823 Luhlinensihus
2031 2753 2057 2820 in

494 2869 624 2942 ¹tundo
642 2874 679 2941 et
695 2870 800 2941 horto
817 2869 940 2941 Jacobi
967 2871 1127 2958 Quanta
1154 2871 1304 2942 consulis
1331 2871 1562 2962 Lullinensis,
1591 2873 1650 2962 qui
1668 2872 1763 2944 illum
1785 2894 1807 2942 a
1825 2874 1998 2962 Stephano
2021 2872 2056 2942 dc
2141 2975 2142 2980 Ἰ

515 2990 665 3062 Lublin
685 2990 889 3080 presbytero
908 2991 1092 3081 hospitalis
1109 2991 1343 3080 Lublineusis,
1362 2993 1460 3064 cuius
1479 2997 1555 3063 erat
1574 2993 1696 3064 hortus
1715 2992 1979 3100 haereditarius,
2003 3013 2054 3082 pro
2140 3005 2142 3046 ὲ

515 3116 613 3182 certa
638 3113 804 3202 pecuniae
832 3112 1026 3201 quantitate
1053 3133 1222 3202 coemere,
1250 3113 1285 3184 ln
1304 3133 1391 3203 opus
1410 3118 1482 3184 tam
1509 3120 1665 3184 sanctum
1694 3120 1730 3184 et
1748 3114 1966 3184 meritorium
1991 3134 2055 3202 per-

2137 3059 2142 3174 l

516 3239 623 3322 petua
649 3233 797 3306 contulit
823 3231 1009 3305 donatione
1035 3253 1126 3306 auno
1145 3233 1285 3306 Domini
1316 3235 1428 3321 1459,
1472 3234 1509 3305 in
1527 3234 1694 3306 honorem
1721 3233 1979 3325 omnipotentis
2002 3233 2055 3304 Dei
2141 3285 2142 3336 5

518 3359 555 3424 et
572 3353 637 3425 snb
660 3353 764 3424 titulo
789 3352 891 3424 Beati
918 3352 1019 3424 Pauli
1043 3353 1204 3444 Apostoli
1231 3355 1295 3426 sub
1314 3353 1496 3446 pontifictu
1524 3354 1699 3427 Thomas
1727 3355 1969 3428 cracoviensis
1997 3355 2055 3444 epl-
2141 3337 2142 3432 J

516 3473 612 3564 scopi
629 3479 816 3545 erexerunt
834 3479 871 3544 et
884 3472 1126 3546 fundaverunt.
1155 3473 1219 3547 Cui
1239 3475 1377 3564 quidem
1396 3475 1608 3548 monasterio
1627 3475 1687 3547 olii
1706 3475 1774 3548 duo
1793 3477 1908 3564 horti,
1929 3497 2055 3567 quomn

516 3615 621 3666 unum
640 3594 784 3666 donavit
800 3593 970 3666 Matthias
988 3593 1210 3686 Kuninoga
1238 3595 1357 3668 consul
1376 3595 1598 3668 Lublinensis
1616 3603 1652 3669 et
1670 3597 1817 3668 alterurn
1837 3597 2000 3670 Nicolaus
2022 3595 2055 3667 de

515 3715 685 3790 Lubliu
722 3715 891 3788 Christiui
925 3721 1043 3788 custos
1078 3715 1374 3788 Scarbimiriensis
1410 3723 1446 3788 et
1472 3718 1634 3790 alterista
1660 3718 1913 3807 Cracoviensis
1947 3718 2054 3788 annexi

516 3842 610 3926 sunt,
637 3836 674 3908 in
692 3837 926 3928 pulcherrima
950 3837 1107 3926 pomeria
1133 3837 1274 3908 redacti.
1323 3837 1377 3910 Ex
1396 3839 1541 3910 ecclesia
1567 3847 1682 3912 autem
1712 3839 1827 3930 lignea
1854 3841 1891 3910 in
1911 3839 2054 3928 primitiis

412 3993 415 3996 ·
515 3958 727 4030 fundationis
746 3963 955 4046 constructa,
972 3977 1138 4047 processu
1157 3957 1290 4030 (lienum
1314 3959 1459 4030 ecclesia
1477 3959 1640 4048 lateritia,
1660 3960 1793 4032 Christi
1811 3960 1964 4032 fidelium
1982 3958 2054 4029 elee-

513 4080 667 4170 mosynis
685 4086 722 4151 et
740 4079 945 4169 praesertim
963 4076 1113 4168 praelati
1131 4077 1253 4150 Jacobi
1282 4079 1457 4168 Quanta,
1485 4081 1709 4174 permittente
1736 4080 1946 4152 Casimiro
1964 4079 2052 4151 tertio
2141 4105 2142 4110 ¹

516 4200 680 4274 Poloniue
708 4220 799 4290 rege,
827 4199 910 4270 licet
927 4198 1109 4270 consulatu
1136 4198 1340 4271 Luhliuensi
1359 4201 1506 4272 maxime
1533 4201 1721 4272 resistente
1748 4207 1784 4272 et
1802 4200 2053 4285 contradicente

515 4342 558 4392 ne
585 4327 679 4392 esset
705 4320 863 4392 hostibus
898 4319 1180 4409 inpressorum,
1208 4341 1298 4392 anno
1326 4321 1466 4392 Domini
1498 4324 1567 4394 147
1574 4324 1595 4394 3
1629 4322 1884 4412 nonnullasque
1912 4321 2051 4438 officinae
2141 4327 2142 4334 ’

349 4461 368 4488 ·
514 4441 669 4514 eiusdem
695 4441 916 4529 monasterii,
946 4439 1137 4511 fabricatae
1174 4446 1318 4512 suntet
1346 4447 1512 4515 muratae.
1563 4443 1602 4514 In
1631 4465 1699 4532 quo
1727 4443 1909 4532 collegium
1937 4442 1977 4513 de
2001 4440 2052 4510 tri·

514 4563 614 4652 ginta
647 4561 814 4634 fratribus
841 4560 980 4632 assidue
1007 4567 1133 4638 manet,
1165 4561 1270 4632 horus
1306 4563 1497 4634 canonicas·
1524 4569 1712 4634 nocturnas
1747 4569 1784 4634 ct
1809 4563 1960 4650 diurnas,
1993 4580 2052 4631 ren

515 4703 651 4773 quoque
679 4682 830 4753 divinam
858 4701 942 4753 voce
968 4701 1096 4754 sonora
1131 4701 1309 4773 peragens,
1337 4683 1373 4754 in
1400 4683 1546 4758 salutern
1579 4685 1730 4756 omnium
1759 4683 1890 4755 Christi
1917 4682 2050 4754 fidelium

516 4805 674 4876 virorum
701 4807 737 4874 et
762 4808 987 4874 mortuorum.

619 4924 698 4996 Non
717 4923 822 4995 habet
848 4927 964 4994 autem
989 4923 1238 4994 monasterium
1267 4923 1461 5014 praefatum
1488 4924 1623 5014 aliquos
1651 4945 1773 4996 census
1801 4931 1862 4997 aut
1881 4921 2050 5015 possessio

516 5069 588 5136 nes,
616 5046 677 5118 sed
696 5043 882 5134 largitione
908 5049 946 5115 et
964 5043 1192 5133 eleemosynis
1211 5043 1363 5116 fidelium
1391 5045 1520 5135 vivens,
1548 5045 1687 5118 Christo
1706 5045 1854 5119 Domino
1873 5045 2051 5117 continuum

407 5173 411 5182 ’
475 5259 485 5266 .
515 5169 657 5241 exhibet
681 5164 895 5238 famulatum.
1923 5172 1929 5182 ’

1137 5469 1448 5494 Μ
