4492 6592
493 683 566 754 212

494 887 671 980 inquilinis
697 889 847 976 tenetur,
874 883 911 956 in
937 882 1051 956 tribus
1079 880 1210 974 campis
1229 878 1474 982 elaborandus,
1500 847 1749 972 itemqnilibet
1765 879 1810 953 dc
1827 878 1931 952 laneo
1947 879 2034 954 soluit
2130 865 2132 869 ’

495 1033 598 1082 unam
625 1029 820 1080 mensuram
850 1005 997 1098 siliginis
1025 1010 1060 1076 et
1088 1004 1175 1076 duas
1202 1023 1332 1076 arenae
1359 1001 1544 1094 confertas,
1562 1008 1599 1074 et
1616 1007 1768 1094 quatuor
1783 1023 1936 1093 grossos,
1959 1002 2035 1076 laq,
2130 1022 2132 1049 r

494 1133 658 1202 ducturas
694 1150 763 1200 uon
790 1127 940 1216 saclunt3
967 1127 1050 1198 item
1079 1125 1225 1217 quilibet
1250 1147 1428 1220 mamam
1454 1124 1605 1196 medium
1631 1117 1793 1214 grossum
1819 1123 1936 1194 solvit
1960 1123 2035 1194 Item

493 1259 548 1324 est
583 1253 632 1324 ibi
669 1272 738 1322 una
773 1250 921 1320 taberna
957 1246 1159 1320 monasterii
1194 1247 1326 1317 habena
1362 1266 1485 1335 agros,
1513 1253 1550 1316 et
1577 1246 1684 1316 solvit
1720 1267 1784 1336 pro
1811 1265 1921 1316 ceusu
1947 1265 2037 1316 uuam
2129 1266 2132 1291 ⁸

494 1394 642 1444 marcam
672 1366 748 1443 cium
776 1370 898 1440 media.
936 1369 1022 1438 Item
1049 1375 1103 1449 est
1130 1368 1179 1438 ibi
1206 1367 1385 1457 praedium
1412 1367 1613 1438 coenobiale
1640 1368 1786 1455 bonum,
1813 1366 1860 1436 de
1888 1385 1957 1454 quo
1981 1386 2037 1436 uuo
2130 1380 2132 1411 ³

484 1495 599 1565 solvit
626 1493 802 1582 decimam,
831 1491 891 1562 sed
920 1511 995 1561 eam
1023 1511 1086 1580 pro
1114 1511 1153 1560 se
1179 1489 1281 1560 tollit.
1308 1488 1396 1560 Item
1423 1488 1644 1559 hortulaniae
1671 1510 1739 1558 non
1767 1492 1884 1575 sunt,
1899 1487 1980 1556 item
2003 1487 2038 1556 de
2129 1502 2131 1531 ⁸

494 1617 604 1704 laneo,
623 1615 770 1706 triginta
797 1633 872 1701 ova,
901 1612 986 1684 duos
1014 1631 1198 1701 caupones,
1225 1630 1344 1690 caseos
1370 1629 1439 1680 oon
1466 1609 1570 1697 daut;
1596 1610 1679 1680 item
1707 1629 1829 1680 omnes
1857 1608 1937 1697 agri
1962 1624 2039 1678 cmo
2129 1614 2132 1658 1

493 1739 638 1809 thanum
666 1742 701 1807 et
729 1736 896 1806 tabernae
923 1733 1063 1810 solvunt
1089 1732 1258 1804 decimam
1276 1729 1527 1819 manipularem
1545 1735 1582 1801 et
1600 1729 1799 1820 canapalem
1819 1749 1886 1819 per
1904 1734 2040 1827 quatuor
2130 1742 2132 1777 l

494 1860 691 1948 iuncturas,
727 1877 790 1947 pro
827 1853 1027 1945 praebenda
1063 1851 1283 1924 Oracoriensi
1319 1851 1544 1939 Bodzowska.
1584 1850 1746 1924 Confluat
1780 1871 1859 1920 cum
1888 1847 2041 1938 Gorlra,
2130 1890 2132 1895 ·

494 1977 956 2067 Ruscza,Karnyow,
984 1972 1450 2074 Chrzistoiorrycze,
1478 1971 1660 2077 Wadow
1686 1979 1723 2044 et
1749 1973 1882 2062 ubique
1909 1966 2041 2064 uyuzdy.

599 2098 909 2170 Ornrunowrczu
936 2097 1028 2167 circa
1046 2095 1378 2184 Proszowicze,
1396 2093 1479 2165 villa
1496 2095 1561 2165 sub
1579 2095 1746 2184 parochia
1763 2093 1807 2163 de
1825 2091 2042 2162 Proscbo
2130 2130 2131 2137 κ

497 2223 634 2294 wicze
662 2222 748 2308 sica,
776 2221 873 2289 cuius
901 2218 1095 2308 proprietas
1122 2217 1168 2288 ad
1194 2216 1442 2288 monasterium
1480 2214 1706 2287 Thiuczieuse
1733 2215 1901 2305 pertinet.
1923 2212 1967 2282 «In
1984 2233 2042 2301 qua
2130 2222 2132 2228 “

494 2349 576 2412 sunt
603 2341 782 2412 duodecim
809 2339 900 2408 lanei
928 2337 1171 2426 cmethonales,
1199 2343 1236 2407 et
1262 2336 1409 2426 quilibet
1435 2335 1540 2406 solvit
1566 2355 1629 2426 per
1654 2355 1759 2406 unam
1786 2338 2042 2424 sexagenamet

403 2464 407 2479 '
495 2468 645 2550 quatuor
671 2481 812 2548 grossos
839 2459 883 2530 de
911 2459 1022 2543 laneo,
1048 2458 1130 2529 item
1159 2478 1226 2528 ova
1242 2457 1398 2547 triginta,
1417 2457 1498 2526 item
1516 2456 1628 2546 gallos
1646 2462 1808 2546 quatuor,
1826 2456 1916 2526 item
1934 2473 2042 2524 casem

494 2581 590 2670 duos,
617 2582 700 2651 item
729 2581 889 2651 laborant
916 2599 1022 2649 unum
1050 2578 1141 2648 diem
1169 2579 1204 2648 in
1231 2578 1433 2667 septimana,
1460 2583 1617 2666 tempore
1644 2578 1767 2648 messis
1794 2577 1951 2666 quinque
1975 2573 2040 2644 dies

494 2705 530 2772 in
558 2703 769 2790 septimana3
805 2701 887 2770 item
908 2698 1093 2794 potandam
1119 2706 1303 2790 utramque
1329 2719 1394 2788 pro
1422 2699 1537 2769 uernis
1564 2703 1601 2769 et
1626 2697 1842 2770 aestualibus
1868 2695 2041 2768 monentis

495 2823 674 2908 laborant3
701 2821 785 2889 item
813 2841 972 2912 ooazqep;
998 2820 1081 2889 item
1109 2821 1361 2907 tabernauna,
1387 2825 1424 2890 et
1452 2819 1556 2891 soluit
1581 2840 1645 2909 pro
1671 2839 1777 2890 censu
1803 2824 1880 2889 tres
1899 2834 2042 2899 marcam

494 2963 671 3036 opacum
698 2939 843 3010 solvunt
864 2939 1009 3026 quilibet
1036 2939 1186 3011 mediam
1213 2954 1390 3029 grossum3
1418 2941 1500 3011 item
1527 2923 1747 3011 hortulaniae
1766 2940 1932 3029 quinque,
1951 2956 2042 3026 quae·

494 3062 580 3132 libet
607 3059 711 3130 solet
738 3062 886 3147 quatuor
912 3076 1053 3160 grossos
1080 3067 1116 3125 et
1150 3059 1288 3130 laborat
1323 3060 1486 3149 pedester
1521 3060 1659 3149 quando
1685 3061 1719 3132 ei
1736 3059 1944 3146 mandatur3
1968 3058 2041 3128 item

436 3278 440 3287 ἱ
496 3180 675 3272 praedium
702 3176 901 3248 coenobiale
929 3177 1107 3266 optimum,
1134 3175 1177 3246 de
1196 3197 1264 3265 quo
1283 3181 1528 3250 monasteriam
1547 3179 1752 3252 Thiuciense
1770 3180 1943 3251 decimam
1959 3175 2042 3248 tollit
2102 3226 2106 3235 .

496 3320 561 3388 pro
588 3314 634 3387 se,
661 3299 743 3368 item
772 3316 889 3366 omues
917 3297 993 3385 agri
1020 3295 1160 3366 solvunt
1185 3302 1222 3366 et
1248 3296 1444 3368 conducunt
1469 3299 1635 3372 decimam
1662 3301 1915 3390 manipularem
1942 3304 1977 3368 et
1993 3317 2042 3375 ct.-

497 3417 654 3508 uapalem
692 3436 755 3507 pro
791 3415 1000 3486 monasterio
1038 3414 1274 3507 Thincriensi,
1310 3423 1354 3498 et¹
1380 3417 1479 3488 valor
1514 3419 1589 3488 elus
1624 3421 1830 3492 aestimatur
1856 3420 1904 3490 ad
1931 3416 2042 3508 ulginti

499 3544 650 3630 quatuor
685 3555 849 3624 marcas„
871 3535 958 3605 Item
995 3535 1228 3607 molendinum
1264 3543 1319 3608 est
1353 3538 1402 3609 ibi
1429 3539 1465 3608 iu
1491 3538 1630 3610 domiue
1657 3539 1935 3631 Gzyeklecz,
1961 3535 2041 3628 qaod

500 3660 605 3730 solvit
641 3665 719 3729 octo
755 3673 888 3727 marcas
925 3676 989 3746 pro
1016 3677 1121 3728 censu
1148 3659 1372 3752 monasterio.
1412 3657 1582 3737 Confluat,
1598 3681 1674 3732 com
1701 3661 1941 3751 Scitnilry,
1967 3658 2042 3729 (lli-

499 3780 769 3872 myonthow‚
797 3776 1151 3850 Proschowicze
1178 3785 1214 3850 et
1241 3777 1559 3872 Makoczycza.

568 3945 571 3962 -
603 3901 901 3990 Saraucarum,
929 3899 1012 3970 villa
1047 3901 1110 3972 sub
1138 3901 1303 3990 parochia
1330 3901 1373 3972 de
1400 3901 1707 3974 Slawosclrow
1731 3903 1820 3993 sita,
1847 3905 1946 3975 culus
1971 3921 2039 3992 pre
2126 3921 2127 3977 ζ

499 4024 631 4114 prietas
659 4022 703 4093 ad
731 4021 980 4092 monasterium
1008 4019 1214 4094 Thiuciense
1240 4022 1402 4112 pertinet.
1429 4023 1470 4094 In
1497 4045 1567 4116 qua
1583 4031 1669 4125 suot*
1683 4030 1835 4114 quatuor
1852 4024 1946 4096 lanei
1962 4041 2040 4092 cmc-
2083 4097 2086 4100 ,
2126 4053 2129 4073 ·

498 4144 657 4216 thonales
693 4149 729 4213 et
766 4141 913 4232 quilibet
948 4140 1054 4212 solvit
1088 4161 1153 4231 pro
1181 4152 1286 4212 censu
1313 4163 1416 4214 uuam
1444 4164 1593 4214 marcam
1622 4165 1848 4235 sexagenum,
1875 4145 1958 4216 item
1983 4160 2039 4212 ora

498 4266 654 4360 triginta,
681 4263 763 4333 item
789 4261 908 4352 gallos,
935 4281 1107 4350 cappones
1133 4261 1231 4352 duos,
1257 4263 1341 4334 item
1369 4284 1489 4335 casem
1516 4265 1612 4354 duaa,
1639 4286 1708 4336 nou
1734 4265 1875 4336 solvunt
1893 4321 1901 4334 .
1920 4321 1929 4334 .
1947 4319 1954 4334 .
1972 4317 1979 4331 .
1995 4317 2003 4332 .
2019 4313 2040 4364 :²
2129 4297 2130 4363 3

500 4387 582 4455 Item
618 4383 780 4454 laborant
816 4382 902 4454 duos
938 4381 1011 4452 dies
1047 4383 1082 4452 in
1117 4384 1310 4473 septimana
1345 4385 1488 4475 proprio
1515 4405 1620 4458 curru
1647 4391 1708 4456 aut
1731 4391 1871 4473 aratro,
1898 4387 1980 4457 itero
2002 4380 2039 4452 ad

494 4501 678 4598 pomobonu
704 4509 867 4574 tenentur
895 4507 1094 4594 utramque;
1121 4503 1205 4574 item
1232 4508 1287 4574 est
1313 4504 1468 4584 taberna,
1488 4505 1524 4575 iu
1550 4505 1671 4578 mem
1689 4506 1780 4591 villa,
1800 4527 1889 4597 quae
1917 4506 2036 4577 habens
2130 4498 2131 4505 ’

383 4609 387 4623 ’
501 4645 604 4694 unum
632 4623 778 4712 laneum,
804 4623 909 4694 solvit
935 4644 1038 4694 uuam
1066 4643 1272 4714 sexagenum
1290 4624 1345 4696 vel
1364 4623 1450 4696 duaa
1467 4647 1622 4715 marcas3
1647 4647 1716 4698 nou
1735 4632 1791 4698 est
1808 4627 2039 4711 molendinum,
2130 4620 2131 4623 ’

459 4749 461 4756 ’
500 4767 569 4817 uon
597 4726 690 4815 suut
705 4744 943 4833 hortulaniae;
970 4746 1052 4819 ilem
1080 4752 1135 4816 est
1161 4745 1340 4836 praedium
1359 4747 1526 4837 optimum
1544 4748 1746 4820 monasterii
1765 4747 1988 4836 Thiuciensis,
2004 4745 2039 4816 de
2130 4821 2131 4845 ,

499 4889 566 4959 quo
594 4867 680 4938 nulli
708 4867 769 4938 dat
796 4865 972 4956 decimam,
1000 4865 1163 4937 sedeam
1190 4885 1254 4956 pru
1282 4887 1320 4940 se
1345 4868 1439 4939 tollit
1465 4875 1502 4940 et
1529 4869 1563 4940 in
1590 4869 1753 4942 horreum
1781 4891 1883 4941 suum
1909 4867 2037 4941 inducit

468 5021 471 5029 2
500 4989 587 5060 Item
615 5009 734 5060 omnes
769 4987 860 5058 lanei
897 4993 933 5057 et
959 4988 1036 5078 agri
1062 4987 1166 5058 villae
1202 4986 1398 5078 praelatae,
1424 4989 1565 5060 solvunt
1600 4996 1638 5060 et
1663 4990 1859 5068 conducunt
1885 4991 2037 5062 decimam

501 5110 751 5200 manipularem
789 5115 825 5180 et
852 5109 1051 5199 canapalem
1080 5129 1144 5198 pro
1171 5110 1384 5180 monasterio
1412 5109 1629 5200 Thiuciensi,
1656 5117 1693 5182 et
1718 5111 1818 5183 valor
1843 5113 1919 5183 eius
1948 5108 2038 5182 aesti-

502 5237 617 5302 matur
644 5230 688 5306 ad
716 5251 777 5302 sex
804 5249 947 5301 marcas.
974 5229 1060 5299 Item
1089 5235 1171 5300 sunt
1197 5230 1245 5300 ibi
1273 5229 1341 5300 duo
1368 5228 1502 5302 nobiles
1529 5231 1698 5303 habentes
1720 5253 1823 5321 agros
1841 5239 1878 5303 et
1895 5212 2038 5323 praedia·

2129 4868 2131 4935 l

2130 4940 2131 4985 l

2127 5089 2131 5141 i

500 5341 551 5421 les
578 5345 702 5422 terras'.
730 5351 816 5423 Item
843 5357 925 5423 sunt
951 5351 999 5422 ibi
1023 5351 1112 5470 duae
1139 5351 1358 5422 hortulaniae
1385 5352 1555 5422 habentes
1573 5373 1686 5442 agros,
1704 5358 1741 5424 et
1758 5353 1935 5443 quaelibet
1951 5349 2039 5424 saluit
2130 5370 2131 5387 ¹

503 5490 562 5538 sex
588 5492 728 5559 grossos
756 5493 819 5560 pro
846 5493 961 5562 censu,
988 5477 1025 5542 et
1051 5493 1157 5543 unum
1185 5471 1275 5542 diem
1303 5473 1339 5541 in
1366 5473 1560 5562 septimana
1586 5472 1741 5562 pedestri
1767 5473 1906 5546 laborat
1931 5489 2038 5564 opera
2130 5480 2131 5559 l
