4492 6592
1700 765 1784 856 ‚oo
1911 832 1915 840 ,

178 1047 186 1058 ⁶
222 929 336 1042 gallos
363 951 452 1024 duos
479 953 628 1044 solvunt,
654 955 737 1026 item
765 975 885 1028 caseos
911 957 1007 1050 duos,
1034 959 1118 1032 item
1137 961 1301 1034 laborant
1317 962 1485 1036 ducturas
1503 965 1671 1040 faciendo.
1696 969 1786 1044 Item

220 1071 406 1168 porculum
445 1095 513 1146 non
550 1075 721 1148 laborant
760 1077 848 1148 Item
875 1101 993 1174 oscyepn
1019 1082 1168 1153 solvunt.
1208 1083 1296 1154 Item
1322 1085 1556 1182 molendinum
1583 1095 1638 1159 est
1663 1090 1723 1180 ibi,
1749 1097 1790 1164 et

223 1193 331 1294 solvit
367 1194 455 1266 duas
490 1217 626 1268 marcos
661 1218 724 1287 pro
752 1219 866 1270 censu.
905 1201 992 1272 Item
1020 1203 1168 1274 taberna
1193 1208 1248 1274 est
1272 1204 1322 1276 ibi
1347 1227 1419 1278 uua
1443 1207 1577 1285 babens
1602 1230 1724 1301 agros,
1749 1217 1787 1284 et

224 1315 332 1386 solvit
359 1335 425 1406 pro
452 1336 557 1388 censu
585 1339 688 1389 uuam
707 1339 868 1390 marcam.
894 1320 983 1392 Item
1011 1322 1231 1396 hortulaoiae
1248 1345 1318 1394 uon
1344 1332 1435 1397 sunt
1461 1327 1549 1400 Item
1568 1336 1649 1420 post
1666 1307 1792 1426 opponesx

222 1457 329 1526 agros
357 1436 506 1508 solvitur
532 1443 569 1509 et
595 1438 800 1512 conducitur
827 1440 961 1514 decima
986 1443 1213 1533 manipularis
1232 1449 1269 1516 et
1286 1447 1688 1537 canapalis...Goutinat
1705 1472 1783 1524 cum

222 1555 393 1647 Bidlin,
421 1555 708 1650 Golyaczow.
1265 1563 1281 1588 '

328 1677 510 1769 Gnoson,
537 1679 622 1751 villo
657 1681 721 1754 sub
749 1681 916 1772 parochia
942 1683 1108 1756 ecclesiae
1135 1684 1179 1756 de
1204 1676 1656 1780 Raczslawiczesitc,
1683 1693 1782 1766 cuius

223 1799 425 1890 proprietas
452 1805 489 1871 ει
513 1800 703 1873 dominium
729 1802 774 1874 ad
801 1789 1055 1878 monasterium
1075 1805 1348 1897 Zwyerzyueuse
1366 1807 1528 1896 pertinet
1553 1809 1595 1881 In
1613 1832 1682 1902 qua
1700 1820 1782 1886 suut

223 1920 315 1992 lanei
351 1921 590 2012 cmetbouum,
618 1927 653 1994 et
689 1923 836 2014 quilibet
870 1923 976 1996 solvit
1002 1944 1066 2015 pro
1093 1947 1208 1997 annuo
1235 1946 1341 1998 ceusu
1367 1947 1491 2002 novem
1517 1936 1667 2021 scottos,
1693 1933 1777 2005 item

221 2064 289 2114 ova
316 2043 471 2133 triginta,
498 2043 583 2114 item
606 2044 721 2133 gallos
748 2044 836 2118 duos
861 2044 946 2118 item
973 2066 1092 2120 caseos
1110 2047 1198 2122 duos
1225 2048 1375 2122 solvunt.
1400 2049 1490 2121 Item
1516 2051 1687 2143 laborant,
1715 2053 1778 2126 du-

222 2171 343 2235 cturas
361 2163 520 2236 faciendo
538 2164 583 2236 ad
601 2166 860 2238 monasterium.
886 2166 973 2238 Item
984 2166 1172 2262 powobom
1188 2169 1322 2242 faciunt
1337 2174 1529 2262 utramque.
1555 2173 1644 2244 Item
1662 2196 1779 2271 oosyep

222 2285 372 2356 solvunt.
407 2285 494 2356 Item
530 2287 678 2358 taberna
714 2291 769 2357 εει
794 2285 844 2359 ibi
870 2307 941 2358 una
966 2288 1099 2360 babens
1125 2285 1245 2381 agros,
1271 2295 1308 2362 et
1324 2290 1441 2362 soluit
1466 2291 1553 2363 duas
1581 2314 1781 2386 sexagenas.
1833 2315 1837 2321 ·

76 2397 77 2402 ‘
223 2405 311 2477 Item
348 2406 537 2478 hortolani.
575 2407 663 2478 Item
699 2407 942 2480 molendinum.
982 2408 1069 2480 Item
1106 2410 1287 2499 praedium
1314 2416 1370 2482 est
1396 2413 1614 2503 coenobiale,
1641 2414 1685 2486 de
1712 2436 1781 2506 quo

222 2527 308 2598 uuili
345 2527 452 2599 solvit
488 2527 673 2637 decimam,
700 2527 770 2615 scd
797 2548 874 2600 eom
910 2549 974 2620 pro
1002 2549 1039 2600 εε
1065 2530 1160 2602 tollit
1195 2538 1232 2602 et
1256 2531 1293 2602 in
1319 2531 1485 2604 borreum
1510 2554 1610 2604 suum
1637 2535 1780 2608 inducit

221 2648 309 2720 Item
337 2655 419 2740 post
446 2669 564 2720 omnes
591 2669 695 2739 egros
723 2648 864 2720 solvunt
890 2654 927 2720 et
952 2641 1333 2724 conducuut'decimcm
1350 2653 1601 2744 manipularem
1619 2647 1657 2727 et'
1673 2676 1776 2728 cana-

76 2811 77 2814 *
221 2770 342 2860 palem
362 2790 427 2860 pro
454 2769 654 2860 praebendo
680 2768 902 2842 Gracoviensi
920 2823 928 2840 .
947 2823 982 2841 ..

326 2890 568 2980 Kosczurouq
594 2891 679 2964 uilla
704 2891 768 2962 sub
786 2890 952 2980 parocbia
968 2889 1135 2962 ecclesiae
1151 2890 1197 2964 de
1213 2890 1558 2984 Raczslawicze
1585 2893 1662 2983 sita
1680 2894 1780 2966 cuius
1806 2877 1817 2888 ⁸

222 3011 423 3102 proprietas
450 3010 487 3084 'et
513 3011 700 3084 dominium
730 3012 772 3083 ad
801 3013 1050 3104 monasterium
1072 3011 1345 3103 Zwyerzyueuse
1362 3013 1526 3103 pertinet
1552 3014 1593 3084 In
1611 3035 1681 3104 qua
1698 3021 1780 3087 suut

76 3166 77 3224 p
222 3133 314 3222 lanei
342 3133 572 3223 sunthorum,
600 3139 636 3206 et
663 3131 809 3224 quilibet
836 3133 942 3206 solvit
968 3154 1032 3224 pro
1060 3154 1175 3207 annuo
1202 3154 1309 3206 censu
1335 3154 1398 3224 per
1416 3139 1489 3206 tres
1506 3133 1676 3224 fertonem
1694 3135 1779 3207 item

219 3275 284 3326 ova
301 3255 470 3345 ’triginta
497 3253 592 3326 item
606 3255 717 3345 gallos
743 3254 841 3348 duos,
868 3255 951 3327 item
978 3275 1097 3333 caseos
1124 3255 1213 3330 duos
1239 3255 1398 3344 solruot3
1423 3256 1509 3328 item
1529 3256 1636 3328 labor
1663 3256 1779 3328 nullus
1915 3267 1918 3273 '

155 3473 158 3481 λ
219 3377 373 3450 babetur
399 3377 444 3448 ab
471 3376 566 3466 ipsis,
582 3381 732 3466 praeter
759 3375 934 3466 ducturas,
962 3397 1049 3467 quas
1075 3374 1207 3449 fomuut
1222 3397 1288 3468 pro
1305 3379 1527 3449 monasterio.
1553 3377 1642 3450 Item
1652 3399 1775 3473 powe-

204 3495 301 3568 'bum
327 3498 490 3570 laborant
516 3504 706 3588 utramque.
735 3497 818 3569 item
845 3519 962 3593 08qu
988 3498 1084 3570 dant
1120 3498 1208 3570 Item
1234 3499 1383 3570 taberna
1408 3519 1480 3570 una
1504 3499 1638 3570 babens
1664 3519 1778 3590 agros,

218 3627 255 3690 et
282 3619 390 3690 solvit
404 3619 503 3692 duas
530 3633 722 3710 sexagenas
749 3631 812 3710 pro
831 3637 946 3707 ceusu,
964 3619 1048 3690 item
1066 3619 1288 3692 bortulauiae
1306 3624 1456 3710 quatuor
1473 3620 1643 3692 babentes
1661 3640 1775 3710 agros,

182 3772 189 3783 ·
219 3741 362 3812 solvunt
388 3761 451 3831 per
476 3763 582 3812 uuum
608 3737 777 3812 fertonem
804 3760 868 3830 pro
887 3760 1010 3829 censu3
1037 3741 1120 3812 item
1139 3739 1373 3812 molendmum
1391 3761 1461 3811 nou
1480 3746 1542 3810 est
1569 3739 1657 3811 Item
1676 3760 1776 3830 prae-

218 3861 314 3934 dium
341 3869 397 3934 εει
421 3861 631 3952 coenobiale,
657 3860 704 3932 de
727 3861 826 3932 cuius
852 3861 946 3953 agris
965 3861 1213 3934 monasterium
1229 3881 1295 3950 pro
1313 3881 1351 3932 se
1368 3861 1463 3931 tollit
1479 3861 1657 3932 decimam.
1684 3861 1772 3932 Item

76 4049 77 4054 ,
219 3991 273 4056 εει
300 3983 351 4056 ibi
378 3983 548 4074 scoltetia,
576 4003 664 4073 quae
691 3983 798 4054 babet
823 3982 943 4054 laneos
970 3988 1131 4072 quotuor,
1148 3986 1185 4053 et
1201 4001 1304 4054 uuam
1323 3982 1566 4053 bortulauiam.
1592 3983 1680 4052 Item
1698 3987 1778 4072 post

219 4125 339 4176 omnes
367 4123 470 4194 agros
497 4103 637 4176 solvunt
671 4109 708 4174 et
733 4102 931 4176 conducunt
957 4101 1127 4176 decimam
1153 4102 1404 4194 manipularem
1430 4107 1468 4173 et
1493 4102 1709 4191 compotem,
1737 4108 1774 4174 et

218 4226 325 4297 ctiam
352 4231 433 4315 post
458 4225 576 4298 laneos
603 4225 750 4315 scolteti,
767 4245 832 4314 pro
850 4222 1299 4322 praebendaGracoviensi,
1318 4243 1407 4314 quae
1424 4227 1568 4296 vocatur
1585 4212 1772 4294 Zakrzow'·

220 4347 295 4437 ska,
322 4353 360 4418 et
386 4346 486 4419 valor
511 4347 586 4418 cius
612 4345 657 4417 ad
684 4345 809 4444 uiginti
835 4365 969 4418 marcas
997 4345 1213 4418 aestimatur.
1288 4414 1293 4423 .

319 4468 494 4558 Snssru,
530 4467 615 4539 villa
650 4467 715 4540 sub
750 4467 927 4558 parochis·
952 4467 1117 4539 ecclesiae
1151 4466 1194 4538 de
1221 4464 1531 4538 scarbimiria
1566 4465 1653 4556 sita,
1679 4466 1777 4538 cuius

218 4591 417 4681 proprietas
444 4595 481 4661 et
507 4589 695 4662 dominium
723 4588 767 4660 ad
785 4589 1042 4661 monasterium
1066 4588 1341 4680 Zwyerayneuse
1357 4587 1521 4678 pertinet
1545 4587 1587 4658 Io
1606 4607 1674 4677 qua
1693 4589 1775 4658 sunt
1823 4617 1826 4626 ·
1866 4649 1873 4658 .
1902 4616 1911 4633 x

221 4709 417 4802 quindecim
445 4711 536 4782 lanei
563 4711 802 4800 cmethonum,
829 4716 866 4782 et
892 4709 1039 4802 quilibet
1075 4710 1180 4782 solvit
1206 4729 1272 4799 pro
1298 4729 1404 4780 censu
1430 4729 1545 4780 annuo
1570 4713 1644 4782 tres
1669 4706 1778 4780 ferto-
1815 4783 1822 4795 ‘
1861 4774 1868 4788 ,

219 4853 290 4921 nes,
317 4833 402 4904 item
429 4851 496 4903 ova
521 4831 677 4922 triginta
704 4831 786 4902 item
813 4831 924 4922 gallos
952 4831 1048 4924 duos,
1075 4830 1159 4902 item
1185 4851 1305 4902 caseos
1331 4830 1428 4920 duos,
1455 4829 1540 4902 item
1566 4829 1653 4900 duos
1678 4849 1778 4918 gros-

220 4975 275 5026 sos
303 4953 351 5025 ad
376 4973 520 5044 pernam
547 4952 647 5024 lardi.
674 4952 761 5024 Item
788 4953 925 5025 laborat
951 4952 1097 5046 quilibet
1123 4972 1229 5024 snam
1244 4951 1347 5037 ,diem
1363 4951 1420 5044 iq.
1436 4950 1640 5041 septimana
1666 4949 1776 5020 seda
1864 4995 1868 5001 -
1910 4972 1915 4980 ·

122 5138 132 5161 ,
220 5075 309 5148 testo
347 5074 466 5148 Sancti
501 5073 672 5146 lobannis
708 5073 753 5145 od
789 5073 1048 5146 Bartholomcei
1083 5079 1157 5145 tres
1192 5073 1267 5146 dies
1303 5073 1464 5144 laborare
1490 5075 1662 5144 tenentur.
1687 5057 1777 5140 Itein

215 5195 400 5292 mabam
426 5201 609 5287 utrumque
644 5195 823 5286 laborant,
850 5201 1001 5287 quatuor
1026 5196 1185 5286 personis
1212 5201 1249 5266 et
1275 5194 1475 5266 cmetbones
1501 5197 1538 5264 et
1562 5192 1776 5264 tabemator.

219 5319 306 5390 Item
334 5339 453 5413 oasycp
487 5318 605 5408 regiae
641 5315 817 5390 maiestati
853 5317 1002 5390 solvunt.
1041 5317 1129 5388 Item
1157 5317 1306 5388 taberna
1331 5318 1385 5386 est
1410 5333 1480 5401 uua
1505 5313 1649 5384 babens
1663 5331 1776 5402 agros,
1823 5364 1837 5386 2

139 5486 142 5492 ·
207 5457 308 5531 quoe
335 5439 441 5512 solvit
468 5439 553 5512 duas
580 5458 780 5530 sexagenas,
807 5457 914 5510 unum
940 5437 1091 5529 lapidem
1119 5437 1202 5526 sepi.
1229 5437 1318 5507 Item
1344 5434 1564 5508 hortulaniae
1591 5432 1679 5505 duae
1706 5433 1776 5504 sol-

76 5575 77 5604 *
177 5577 182 5588 ·
222 5568 399 5652 vuntpro
427 5579 532 5636 censu
559 5577 753 5651 perunum
780 5560 959 5634 fertonem.
999 5559 1085 5631 Item
1113 5557 1347 5630 molendinmn
1374 5555 1524 5645 ostiti,
1552 5553 1644 5646 quod
1671 5554 1776 5626 solvit

76 5671 77 5674 '
222 5703 323 5788 uuam
352 5703 502 5757 maroam
539 5703 615 5754 cum
650 5682 773 5754 media.
809 5683 895 5754 Item
923 5679 1102 5773 praedium
1128 5685 1185 5754 est
1209 5679 1259 5751 ibi
1286 5675 1486 5751 coenobiale
1511 5676 1657 5767 bonnm,
1684 5675 1785 5766 quod-

323 5837 553 5914 mnsmecmm'
1528 5831 1531 5838 '
1572 5827 1589 5874 ⁹
