4492 6592
500 776 573 848 306

488 1002 572 1053 vero
599 986 653 1051 est
679 978 788 1065 liber;
815 977 976 1047 scoltetia
1000 981 1115 1048 autern
1142 974 1301 1065 praefata
1326 974 1413 1045 alias
1439 996 1509 1047 non
1535 975 1730 1046 habebatur
1755 974 1895 1045 invilla
1911 972 2050 1059 eadem
2152 1058 2158 1071 ι

380 1128 385 1137 ’
488 1100 549 1171 sed
576 1105 656 1189 post
682 1096 919 1169 fundationem
955 1102 992 1167 et
1027 1096 1241 1166 dotationem
1276 1095 1479 1166 monasterii
1505 1096 1541 1165 in
1568 1094 1819 1184 praeiudicium
1845 1095 1940 1181 eius,
1968 1112 2048 1163 cum

486 1220 582 1291 nulla
609 1219 797 1291 necessitas
824 1222 885 1287 aut
912 1216 1044 1287 utilitas
1071 1222 1217 1304 extaret,
1243 1216 1378 1287 creavit
1393 1236 1470 1286 eam
1490 1214 1792 1304 Sthephanus
1818 1216 1917 1304 prior
1935 1214 2050 1284 alma·

487 1361 552 1411 nus
579 1358 706 1428 genere
733 1343 769 1408 et
795 1336 948 1426 Agnes
985 1336 1170 1425 priorissa,
1196 1340 1234 1406 et
1259 1335 1329 1407 levi
1355 1335 1513 1407 mercede
1540 1334 1703 1407 vendidit
1742 1335 1830 1406 ltem
1857 1335 1893 1404 in
1921 1333 2049 1404 eadem

488 1459 571 1531 villa
597 1466 652 1529 est
678 1456 877 1528 coenobiale
904 1454 1083 1545 praedium
1112 1456 1239 1526 bonum
1266 1475 1344 1526 cum
1371 1456 1477 1543 curia,
1504 1456 1539 1525 in
1567 1461 1640 1526 tros
1663 1474 1803 1545 campos
1821 1454 1986 1542 diuisum,
2003 1452 2050 1522 de

487 1579 585 1651 cuius
612 1578 706 1667 agris
733 1576 882 1647 solvitur
908 1574 1043 1645 decima
1069 1574 1294 1664 manipularis
1320 1575 1427 1645 etiam
1452 1575 1489 1645 in
1513 1572 1721 1669 panacem
1746 1575 1915 1645 ecclesiae
1942 1594 2050 1663 paro

488 1698 592 1770 chiali
628 1697 664 1768 in
699 1695 837 1785 Gory3
873 1694 1048 1784 canapalis
1083 1714 1153 1766 non
1188 1694 1301 1765 datur.
1340 1694 1429 1765 Item
1464 1694 1500 1765 iu
1527 1694 1648 1765 eadem
1674 1694 1757 1766 villa
1783 1702 1865 1765 sunt
1891 1699 2051 1783 quatuor

489 1818 643 1908 piscinae
669 1816 705 1887 in
732 1821 890 1886 torrente
916 1812 1178 1905 Pyotrkow,
1206 1820 1242 1884 et
1268 1814 1304 1885 in
1332 1834 1400 1885 nna
1425 1814 1562 1884 illarum
1582 1814 1705 1885 maiori
1722 1821 1778 1886 est
1797 1814 2050 1902 molendinum,

488 1938 580 2029 quod
607 1958 671 2028 pro
698 1935 908 2007 monasterio
935 1934 1040 2005 solvit
1067 1934 1154 2006 duas
1181 1939 1354 2023 metretas
1382 1934 1489 2005 tertia
1506 1954 1571 2024 pro
1589 1955 1628 2006 se
1645 1941 1794 2025 recepta,
1812 1936 1921 2006 habet
1938 1954 2051 2006 nuum

487 2059 625 2129 laneum
652 2056 696 2127 de
723 2054 817 2146 agris
844 2054 1001 2143 liberum,
1028 2060 1063 2124 et
1090 2053 1185 2126 solus
1211 2053 1345 2143 lapides
1371 2060 1409 2126 et
1426 2054 1541 2125 omnia
1558 2075 1760 2145 comparare
1777 2060 1927 2140 tenetur.
1955 2054 2049 2127 item

487 2177 654 2249 ecclesiae
681 2177 716 2245 in
744 2172 1027 2246 Orasruicza
1053 2174 1194 2246 solvunt
1220 2170 1404 2269 lcolyoduoc
1428 2194 1534 2245 unum
1560 2194 1718 2264 grossam
1746 2174 1790 2245 de
1817 2175 1928 2247 laneo.
1957 2174 2047 2246 liam

430 2355 435 2363 .
485 2302 623 2387 pratum
651 2296 686 2367 in
714 2293 964 2385 Ozyrnyow
1000 2293 1221 2384 falcastrant,
1249 2300 1421 2382 castrant,
1447 2294 1615 2385 colligunt
1640 2302 1678 2366 et
1702 2296 1910 2367 conducunt.
1953 2294 2047 2369 Item

486 2438 662 2511 mamam
688 2436 757 2486 non
784 2414 932 2485 solvunt.
959 2413 1047 2483 ltem
1074 2414 1248 2486 melliilcia
1270 2436 1338 2485 non
1356 2415 1494 2486 habent
1521 2415 1608 2487 Item
1626 2416 1883 2487 molendinator
1900 2421 2049 2487 tenetur

487 2536 630 2615 reficere
666 2534 918 2623 molendinum,
954 2540 991 2605 et
1027 2534 1057 2605 si
1084 2535 1351 2631 destrueretur,
1377 2541 1490 2607 totum
1518 2536 1562 2607 de
1588 2558 1677 2607 novo
1704 2542 1917 2609 construere.
1957 2536 2049 2608 Item

460 2658 571 2729 'villa
597 2656 755 2747 praelata
789 2656 940 2727 confluat
975 2675 1053 2727 cum
1080 2655 1173 2727 villis
1198 2654 1421 2745 Jablona,
1448 2655 1712 2744 Thusszow,
1738 2656 2048 2745 Oszmolicze,

490 2776 824 2868 Prawydlinky‚
851 2774 1092 2846 Manthou.

594 2898 840 2984 Snaznmczn,
867 2894 954 2967 alias
981 2894 1238 2985 Ponunrown,
1265 2894 1347 2966 villa
1373 2894 1439 2967 snb
1465 2896 1631 2985 parocbia
1656 2896 1823 2968 ecclcsiae
1839 2896 1883 2967 de
1902 2896 2048 2968 Abra-

487 3017 762 3089 hamowicze
789 3014 875 3104 sita,
903 3014 1001 3085 cuins
1028 3015 1226 3105 proprietas
1252 3021 1290 3085 et
1314 3014 1503 3087 dominium
1529 3016 1575 3087 ad
1601 3018 1804 3088 coenobium
1829 3017 1984 3087 matrum
2010 3026 2049 3087 et
2160 3091 2161 3106 ,

487 3158 646 3209 sororum
675 3135 821 3206 Sanctae
857 3134 1032 3223 Brigittae
1066 3136 1103 3205 in
1139 3135 1309 3206 Luhlin
1336 3135 1507 3225 pertinet,
1535 3136 1664 3207 donata
1689 3136 1801 3207 eidem
1827 3139 2046 3208 monasterio
2160 3113 2161 3126 ἵ

488 3256 679 3329 donatione
706 3259 875 3345 perpetua
892 3274 955 3344 per
981 3254 1276 3334 Vladislaum
1303 3256 1558 3327 Secundum
1575 3256 1741 3328 Poloniae
1759 3276 1886 3347 regem.
1912 3258 1956 3328 ln
1976 3278 2047 3347 qua

487 3382 569 3447 sunt
596 3375 787 3447 octodecim
813 3374 905 3445 lanei
932 3374 1177 3465 cmetbousles,
1203 3381 1239 3446 et
1265 3376 1410 3465 quilibet
1434 3376 1555 3448 laneus
1582 3376 1687 3449 solvit
1714 3398 1778 3466 pro
1804 3398 1919 3449 annuo
1938 3398 2047 3449 censu

488 3495 700 3585 monasterio
727 3494 874 3565 Sanctae
901 3494 1075 3584 Brigittae
1102 3516 1208 3565 uuum
1234 3495 1405 3567 sermnem
1431 3498 1621 3569 communis
1647 3498 1824 3587 pecuniae,
1851 3498 1941 3569 alias
1959 3498 2048 3569 duo·

489 3616 600 3689 decim
635 3634 786 3705 grossos.
826 3613 914 3685 Item
951 3614 1098 3705 quilibet
1133 3614 1269 3687 cmetbo
1304 3616 1348 3687 de
1384 3616 1504 3707 laneo,
1530 3624 1670 3689 teneam
1696 3618 1733 3689 in
1760 3640 1845 3708 agro
1871 3618 2047 3709 praedioli

487 3735 688 3807 monasterii
715 3755 737 3804 a
762 3754 800 3805 se
827 3738 927 3805 arato
954 3740 991 3805 et
1017 3734 1121 3824 culto,
1148 3735 1320 3807 seminare
1347 3756 1411 3826 pro
1439 3758 1522 3808 vere
1548 3758 1651 3808 unam
1670 3744 1814 3809 tunnam
1833 3739 1921 3811 alias
1940 3735 2045 3809 blodo

488 3857 531 3927 de
558 3876 669 3927 avena
695 3853 837 3944 propria
859 3860 895 3925 et
914 3852 1049 3943 munda,
1076 3874 1259 3927 mensurae
1276 3855 1401 3946 phuae
1419 3862 1456 3927 et
1472 3858 1627 3947 aequalis
1644 3858 1874 3948 Imblinensis,
1893 3860 1929 3928 in
1949 3860 2046 3949 agris

450 4019 454 4025 -
487 3998 572 4047 vero
609 3974 845 4065 praedialibus
881 3994 945 4063 pro
981 3974 1105 4064 hyeme
1140 3996 1163 4045 a
1193 3996 1231 4046 se
1265 3976 1375 4047 aratis
1410 3983 1448 4048 et
1473 3977 1576 4049 cultis
1601 3983 1741 4051 tenetur
1766 3979 1870 4049 aliam
1897 3985 2044 4049 tunnam

338 4120 343 4143 ·
489 4098 647 4187 siliginis,
674 4096 718 4166 de
736 4095 873 4184 siligine
892 4095 1101 4184 monasterii,
1120 4095 1207 4166 alias
1225 4096 1312 4169 duos
1329 4118 1430 4169 coros
1447 4118 1629 4170 mensurae
1647 4098 1868 4171 Lublinensis
1886 4100 2044 4189 aequalis

486 4218 667 4307 seminare,
694 4222 729 4287 et
756 4216 870 4286 omnia
896 4218 1059 4286 tenentur
1084 4214 1278 4306 disponere,
1305 4224 1446 4308 metere,
1463 4218 1663 4290 conducere.
1690 4218 1778 4291 Item
1804 4240 1873 4291 non
1901 4220 2044 4291 solvunt

489 4334 686 4409 crolcwstmo
714 4358 776 4407 seu
796 4332 981 4430 podymne.
1008 4334 1095 4406 ltem
1115 4336 1314 4410 cmethones
1331 4360 1403 4409 uon
1421 4338 1561 4411 solvunt
1578 4340 1764 4411 stationem
1787 4360 1851 4429 pro
1870 4360 1963 4429 rme,
1980 4338 2043 4411 sed

486 4456 637 4528 suntab
664 4476 706 4527 ea
732 4455 843 4527 liberi.
870 4454 957 4525 Item
985 4460 1066 4526 sunt
1091 4454 1180 4525 dnae
1207 4456 1383 4546 tabernae,
1411 4458 1473 4529 sed
1497 4480 1568 4530 nou
1595 4459 1724 4531 bahent
1751 4480 1864 4549 agros,
1882 4459 1944 4531 sed
1962 4465 2041 4530 tan-

489 4576 665 4649 tummodo
692 4576 841 4665 hortos,
869 4582 905 4645 et
941 4574 1117 4665 quaelibet
1152 4576 1300 4647 taberna
1335 4577 1439 4650 solvit
1465 4580 1676 4654 monasterio
1703 4600 1767 4669 pro
1794 4600 1909 4651 annuo
1935 4600 2042 4651 censu

488 4703 562 4767 tres
588 4696 750 4785 fertones,
778 4702 814 4766 et
841 4716 909 4767 non
936 4694 1020 4767 facit
1040 4695 1183 4785 aliquos
1210 4696 1357 4787 labores,
1382 4716 1495 4789 neque
1522 4718 1641 4789 sepum
1659 4700 1772 4788 solvit,
1790 4720 1903 4790 neque
1919 4700 2041 4790 gallos,

488 4838 600 4907 neque
627 4836 702 4887 ova.
729 4816 818 4887 Item
845 4822 927 4887 sunt
954 4820 1104 4906 quatuor
1129 4816 1359 4907 hortulaniac,
1377 4825 1415 4888 et
1433 4818 1608 4909 quaelibet
1624 4820 1730 4892 solvit
1746 4836 1852 4891 unum
1870 4820 2041 4891 fertonem

442 4944 445 4951 '
489 4944 526 5009 et
553 4936 638 5007 nihil
675 4936 822 5007 laborat.
858 4934 944 5006 Item
972 4936 1008 5006 in
1035 4934 1155 5007 eadem
1182 4937 1266 5007 uilla
1294 4944 1350 5009 est
1376 4938 1534 5011 scoltetia
1558 4960 1603 5011 ex
1630 4940 1792 5031 antiquo,
1819 4960 1908 5039 quae
1934 4941 2041 5011 habet

491 5058 578 5129 duos
605 5056 725 5127 laneos
752 5056 883 5127 liberos
909 5062 946 5126 et
973 5074 1076 5125 unam
1103 5055 1280 5145 piscinam,
1307 5064 1344 5143 et
1361 5062 1500 5129 tenetur
1517 5060 1650 5131 servire
1668 5060 1880 5135 monasterio
1898 5061 1935 5130 in
1953 5080 2041 5150 equo

488 5178 640 5267 proprio,
668 5191 882 5267 quocumque
910 5175 1070 5246 mittitur.
1097 5174 1186 5247 Item
1212 5182 1283 5247 tam
1310 5178 1386 5268 agri
1413 5178 1656 5269 cmethonales,
1683 5200 1785 5269 quam
1812 5180 1888 5269 agri
1915 5180 2038 5251 scolte·
2119 5248 2121 5251 .

488 5299 591 5370 tiales
618 5303 655 5369 et
681 5298 879 5386 liberorum,
906 5296 1045 5369 solvunt
1070 5295 1239 5367 decimam
1260 5298 1509 5390 manipularem
1528 5300 1694 5371 ecclesiae
1711 5300 1903 5390 parochiali
1921 5300 2039 5371 Sancti

342 5410 349 5421 “
487 5420 577 5491 Vitti
616 5420 650 5489 in
687 5418 807 5510 Gory
844 5438 953 5508 prope
990 5416 1349 5511 Sandomiriam,
1375 5428 1412 5491 et
1436 5426 1601 5496 tenentur
1626 5442 1702 5492 eam
1728 5420 1862 5491 incolae
1888 5422 2039 5511 propriis

366 5558 368 5563 ·
475 5540 647 5635 curribus
675 5540 838 5611 inducere
865 5538 900 5611 in
927 5540 1091 5611 horreum
1119 5562 1141 5611 a
1167 5540 1315 5631 plebano
1342 5540 1386 5613 de
1412 5539 1532 5631 Gory
1559 5542 1750 5629 locandum,
1777 5548 1814 5611 et
1840 5540 1940 5612 valor
1965 5542 2038 5612 eius

489 5662 693 5732 aestimatur
727 5661 771 5733 ad
807 5661 925 5733 decem
960 5680 1112 5750 marcas,
1149 5660 1347 5753 canapalem
1384 5667 1500 5734 autem
1527 5661 1694 5733 decimam
1720 5683 1764 5733 ex
1791 5661 2038 5733 consuetudine
