4492 6592
961 2172 1151 2309 onno
1196 2172 1560 2309 urnoanu.

610 2455 789 2535 Primum
822 2457 1125 2537 monasterium
1158 2456 1318 2537 ordinis
1364 2456 1574 2536 Minorem
1607 2453 1915 2535 Oracovianaa.

588 2672 848 2746 sacratissimus
875 2674 961 2747 ordo
987 2674 1183 2766 Minorum,
1219 2677 1278 2765 qui
1305 2680 1341 2746 et
1368 2675 1468 2746 Beati
1495 2674 1671 2747 Francisci
1699 2674 1917 2767 appellatur,
1944 2675 2031 2763 prin-

486 2794 629 2885 cipalem
656 2800 693 2865 et
718 2795 793 2885 ipse
820 2796 855 2866 in
883 2794 1029 2866 ecclesia
1055 2795 1120 2865 Dei
1155 2801 1252 2867 tenet
1278 2796 1399 2885 locum,
1427 2802 1463 2866 et
1489 2796 1658 2885 singulari
1685 2796 1811 2887 dignus
1838 2796 2029 2885 praeconio,

485 2934 562 2987 com
589 2935 651 2986 nec
678 2915 811 2987 alienae
837 2916 989 3007 regulae,
1015 2936 1079 2987 nec
1105 2916 1207 2988 alteri
1242 2916 1435 3007 legislatori
1460 2922 1502 2986 ut
1528 2914 1614 2987 ordo
1634 2916 1951 3003 ,Praedicatorum,
1977 2915 2032 2985 sed
2140 2964 2141 2967 ,

486 3036 648 3126 propriae
674 3035 821 3125 innixus,
848 3038 1026 3127 proprium
1062 3036 1168 3108 etiam
1204 3037 1309 3108 habet
1335 3035 1497 3108 Sanctum
1525 3034 1746 3107 Franciscum
1785 3056 1868 3107 suae
1895 3034 2031 3125 regulae

485 3156 730 3245 legislatorem
755 3156 844 3226 mira
871 3176 1007 3247 quoque
1024 3156 1091 3228 Dei
1117 3157 1332 3247 benignitate
1359 3164 1473 3229 actum
1500 3163 1564 3247 est,
1591 3164 1630 3228 ut
1648 3162 1795 3247 uterque
1822 3156 1911 3227 ordo
1930 3154 2030 3225 Prae-

486 3275 679 3345 dicatornm
706 3275 838 3347 scilicet
864 3282 900 3347 et
925 3276 1111 3368 Minorem,
1139 3278 1184 3349 ad
1206 3276 1477 3349 saecundandam
1504 3277 1736 3349 universalem
1763 3277 1945 3349 ecclesiam
1964 3276 2031 3364 Dei,

487 3395 551 3465 sub
578 3415 646 3465 uno
672 3393 780 3465 ferme
806 3402 979 3487 tempore,
1007 3418 1028 3468 a
1054 3399 1140 3471 viris
1176 3398 1314 3489 quidem
1351 3397 1497 3469 diversis
1533 3397 1774 3469 Dominico
1810 3398 1960 3488 hispano
1993 3396 2031 3466 de

412 3610 418 3618 ¹
459 3506 733 3605 ¹Calorega,
761 3523 797 3588 et
823 3538 845 3588 a
870 3517 1126 3589 Francisco
1167 3519 1251 3590 italo
1280 3518 1322 3589 dc
1349 3518 1528 3608 Asisio,
1564 3518 1625 3589 sed
1652 3539 1721 3589 uno
1748 3518 1942 3608 eodemque
1968 3518 2031 3607 spi-

485 3636 556 3705 ritu
591 3636 821 3743 pollentibus,
860 3622 1019 3729 idemque
1055 3640 1294 3711 commercium
1328 3644 1363 3709 et
1382 3640 1585 3729 'sponsionis
1621 3639 1793 3715 vinculum
1831 3645 2029 3729 perpetuum

444 3818 448 3822 ,
485 3776 562 3826 cum
590 3764 710 3827 sancta
737 3764 773 3829 et
799 3758 871 3859 alta
896 3767 1104 3850 paupertate
1131 3761 1260 3831 habere
1279 3760 1494 3850 voventibus,
1522 3760 1683 3850 oriretur,
1711 3766 1749 3831 ut
1776 3766 1812 3831 et
1838 3761 1907 3849 ipsi
1936 3760 2029 3830 insti-

484 3882 632 3948 tutores*
647 3878 817 3969 ordinum,
843 3892 915 3970 pro·
934 3902 1003 3951 uno
1030 3886 1067 3951 et
1094 3880 1214 3952 eodem
1241 3886 1397 3970 tempore
1416 3883 1588 3971 vixerunt,
1616 3902 1721 3971 seque
1749 3882 1843 3971 ipsos
1873 3900 2030 3970 corpora-

485 3998 576 4070 libus
602 3998 711 4071 oculis
738 3998 900 4071 Romae
940 4001 1107 4092 videndo,
1146 4000 1364 4073 familiariter
1390 4006 1701 4092 pertractaverunt,
1728 4002 1772 4073 ab
1795 4022 1866 4073 uno
1898 4022 2029 4091 quoque

486 4118 558 4189 fere
576 4098 708 4191 summo
726 4120 887 4211 pontifice
906 4122 1200 4194 confirmationem
1220 4142 1360 4196 suorum
1380 4122 1539 4193 ordinum
1558 4127 1594 4192 et
1612 4122 1787 4212 petierint,
1806 4128 1843 4193 et
1857 4114 2031 4191 confirma·

398 4304 403 4313 .
487 4239 611 4328 verint3
639 4262 761 4311 novam
786 4262 921 4332 quoque
939 4242 1145 4334 stupendam
1164 4250 1199 4313 ct
1218 4242 1456 4314 admirabilem
1476 4242 1622 4313 formam
1650 4242 1829 4332 elegerint,
1848 4240 2030 4313 transactis

486 4360 631 4431 saeculis
659 4378 832 4452 nunquam
860 4363 1024 4454 auditam,
1051 4384 1115 4435 nec
1143 4364 1272 4453 visam,
1308 4384 1408 4454 quam
1437 4364 1542 4434 etiam
1569 4363 1717 4453 gentiles
1744 4364 1926 4453 etbostes
1953 4360 2028 4432 fidei

486 4482 694 4553 christianae
721 4504 889 4556 venerare
915 4490 951 4556 et
978 4485 1090 4556 colere
1127 4490 1306 4575 cogentum
1333 4489 1369 4554 ot
1396 4484 1552 4574 quamvis
1579 4489 1726 4574 uterque
1754 4483 1858 4573 ordo,
1883 4489 1956 4554 tam
1984 4483 2029 4551 vi-

486 4601 611 4672 delicet
637 4601 920 4677 Praedicatorum
947 4626 1050 4695 quom
1077 4604 1263 4694 Minorum,
1291 4624 1353 4694 per
1379 4610 1491 4675 totum
1517 4602 1782 4675 faramundum
1810 4605 1864 4673 sui
1891 4602 2028 4673 tentorii

484 4722 654 4794 funiculos
680 4724 884 4815 diffundens,
910 4725 1191 4816 frequentissima
1218 4727 1344 4816 ubique
1363 4726 1468 4797 habet
1487 4723 1700 4795 monasteria
1717 4730 1821 4814 atque
1839 4724 1926 4813 loca,
1945 4722 2024 4793 ordo

371 4850 375 4854 ’
485 4850 602 4915 tamen
630 4845 729 4917 Beati
756 4846 932 4917 Francisci
960 4868 1023 4918 seu
1044 4845 1230 4935 Minorum,
1257 4846 1293 4916 in
1321 4846 1495 4917 coenobiis
1523 4846 1595 4915 suis
1622 4845 1794 4935 copiosior
1821 4850 1895 4932 est,
1913 4844 1970 4933 qui
1998 4844 2028 4911 in

486 4964 595 5037 Terra
621 4974 751 5056 sancta,
778 4974 814 5038 et
841 4968 876 5037 in
904 4968 1045 5039 civitate
1072 4973 1200 5038 sancta‘
1220 4966 1254 5036 H
1262 4966 1525 5057 yerusalem
1554 4967 1697 5057 propria
1722 4964 1828 5036 habet
1855 4963 2029 5047 domicilia

486 5093 591 5177 atque
618 5087 711 5177 loca,
746 5086 913 5159 fratribus
950 5110 1085 5178 quoque
1113 5088 1213 5157 Beati
1240 5086 1416 5158 Francisci
1451 5088 1599 5157 maxima
1627 5108 1647 5157 a
1674 5086 1854 5157 Saracenis
1881 5092 1917 5155 et
1943 5082 2028 5155 Sol-

485 5208 599 5279 dano
627 5208 777 5301 Aegypti
804 5229 887 5299 rege
914 5216 1076 5279 servatur
1101 5209 1256 5296 libertas,
1284 5208 1454 5278 maximus
1487 5228 1623 5297 quoque
1649 5214 1685 5279 et
1712 5206 1822 5279 honos
1849 5212 1885 5301 et
1912 5206 2028 5292 cultus,

485 5330 577 5418 quod
604 5330 689 5402 nulli
716 5330 818 5401 alteri
845 5330 1017 5420 religioni,
1042 5334 1354 5420 quantumcumque
1383 5328 1535 5399 famosae
1555 5328 1710 5399 videmus
1729 5328 1925 5417 contigisse.
1953 5324 2028 5397 Am·

484 5451 590 5539 bigua
616 5456 731 5521 autem
759 5452 910 5522 vertitur
936 5451 1083 5521 certatio
1120 5450 1213 5521 inter
1249 5450 1388 5519 ordines
1425 5448 1621 5539 praedictos
1655 5448 1699 5519 de
1727 5450 1931 5538 prioritate,
1957 5446 2028 5536 quis

485 5572 582 5658 prior
609 5572 694 5642 ordo
721 5574 869 5662 primum
897 5574 1058 5663 coeperit,
1085 5579 1122 5642 et
1149 5571 1226 5662 quis
1250 5571 1467 5661 prioritatem
1485 5570 1652 5659 rapuerit.
1667 5567 1729 5661 ,Aa
1755 5590 1817 5640 nos
1844 5590 1923 5639 cum
1949 5566 2028 5638 fidu·

486 5691 539 5759 cia
565 5700 600 5761 et
628 5694 842 5764 correctione
878 5715 1089 5782 asseremus,
1121 5694 1213 5783 quod
1249 5691 1334 5761 ordo
1376 5690 1659 5761 Praedicatorum
1695 5690 1888 5779 praeripuit
1917 5686 2023 5758 ordini
