4492 6592
1687 803 1762 875 403

195 1016 328 1109 quibus
367 1016 516 1088 decimat
551 1014 716 1087 ecclesiae
743 1019 779 1085 et
804 1012 954 1105 plebano
982 1010 1263 1084 Waucboczensi.
1308 1010 1394 1081 ltcrn
1424 1010 1586 1107 pppidaui
1619 1008 1662 1081 de
1689 1010 1762 1084 suis
1833 1008 1842 1017 '

124 1219 128 1223 p
195 1140 293 1228 agris
322 1138 466 1210 solvunt
493 1136 814 1209 ›marzuceoclesiae
841 1142 878 1207 et
905 1134 1053 1226 plebano
1080 1132 1371 1225 Waucboczensi,
1409 1131 1596 1203 secundum
1625 1134 1762 1225 quanti-

195 1264 310 1331 tatem
341 1279 525 1350 agrorum,
561 1259 596 1329 in
624 1256 761 1349 siligine
787 1256 1028 1330 tantummodo
1059 1256 1158 1327 etin
1186 1276 1305 1327 avena.
1351 1249 1510 1329 Gauiinat
1537 1274 1612 1326 cum
1640 1252 1792 1347 Wye-.

197 1382 242 1470 lp
255 1400 455 1473 awyesz.
1608 1391 1615 1401 ’

306 1500 579 1573 Saauzrozsno
605 1500 833 1591 coenobialis,
868 1499 912 1571 ad
938 1496 1169 1575 differentiam
1198 1498 1359 1589 alterius,
1395 1506 1564 1589 quaeest
1592 1497 1763 1593 militaris,

198 1621 286 1695 nilla
314 1624 384 1695 sub
405 1622 573 1713 parocbia
598 1622 642 1697 de
668 1620 1017 1693 Wancboezslro
1054 1621 1132 1711 sita,
1160 1620 1257 1691 cuius
1285 1622 1482 1711 proprietas
1519 1620 1562 1693 ad
1589 1627 1762 1694 monaste-

201 1746 294 1816 num
325 1745 363 1815 in
391 1742 744 1816 Wancbocasbo
770 1744 933 1835 pertinet.
960 1742 1000 1814 lu
1028 1763 1097 1836 qua
1125 1744 1206 1813 sunt
1232 1741 1322 1813 lanei
1351 1742 1597 1833 emetbonaleS,
1625 1750 1660 1815 et
1688 1745 1762 1835 qui·

199 1866 289 1937 libet
319 1866 431 1937 solvit
456 1886 521 1957 pro
538 1874 645 1937 censu
671 1886 777 1938 unum
795 1865 976 1954 fertonem,
996 1865 1085 1935 -item
1105 1884 1172 1935 ova
1189 1863 1345 1954 triginta,
1370 1864 1456 1935 item
1475 1864 1585 1955 gallos
1604 1872 1763 1957 quatuor,

183 1989 287 2059 ‘item
326 2007 449 2059 caseos
475 1986 573 2076 duos3
586 1987 683 2058 item
710 1986 849 2058 laborat
883 1986 1030 2078 quilibet
1053 1985 1098 2056 de
1115 1985 1216 2057 laneo
1244 1986 1279 2055 in
1309 1986 1502 2077 septimana
1528 2008 1634 2058 uuum
1662 1987 1763 2077 diem,

185 2109 349 2207 ‚proprio
376 2121 481 2181 curru
508 2113 569 2180 aut
596 2114 725 2181 aratro.
767 2108 859 2180 item
880 2105 1065 2203 powubum
1092 2106 1263 2198 duplicem
1300 2128 1364 2199 pro
1391 2128 1473 2180 vere
1501 2114 1536 2179 et
1563 2108 1686 2201 hyeme
1713 2111 1763 2183 la-

200 2229 340 2319 borant,
369 2252 471 2323 quam
505 2236 631 2304 vocaut
651 2250 851 2325 polluctura
878 2230 960 2302 item
993 2250 1130 2325 oaazpop
1156 2226 1237 2301 octo
1269 2229 1393 2301 choros
1430 2249 1579 2322 avenae,
1615 2236 1764 2323 quatuor

202 2350 357 2442 siliginis
393 2353 542 2426 solvunt.
568 2352 657 2423 ltem
685 2352 852 2423 tabernae
878 2356 951 2423 tres
978 2350 1148 2422 babentes
1176 2370 1288 2442 agros,
1317 2357 1352 2423 et
1380 2352 1579 2425 hortulanis
1607 2376 1675 2425 una
1701 2356 1763 2427 ha-

202 2474 291 2545 bens
321 2494 448 2569 agros,
484 2480 521 2546 et
546 2474 684 2548 laborat
710 2494 815 2550 uuum
835 2472 925 2544 diem
953 2472 1058 2564 pedes
1085 2472 1120 2543 in
1144 2466 1345 2563 septimana.
1372 2473 1459 2545 ltem
1479 2474 1659 2566 praedium
1687 2472 1764 2547 coe-

204 2595 347 2667 uobiale
376 2601 519 2672 nonest
545 2595 720 2668 ineadem
748 2596 839 2667 villu.
866 2595 954 2667 ltem
982 2594 1219 2687 molendinum
1243 2615 1310 2666 non
1338 2602 1400 2667 est.
1428 2596 1515 2668 ltem
1543 2618 1661 2669 omnes
1689 2600 1764 2689 agri

204 2716 310 2789 villae
338 2718 489 2790 solvunt
513 2724 550 2791 et
584 2719 781 2790 conducunt
807 2717 978 2789 decimam
1008 2717 1257 2808 manipularem
1295 2722 1331 2793 et
1358 2718 1557 2810 canapalem
1594 2721 1764 2793 ecelesiae
1897 2694 1904 2707 ¹

203 2839 398 2929 parochiali
425 2842 460 2911 in
488 2837 857 2929 Wancboczslro,
884 2840 982 2911 cuius
1000 2838 1098 2911 valor
1110 2839 1160 2913 ad
1174 2842 1258 2910 octo
1278 2858 1412 2913 marcas
1431 2840 1646 2914 aestimatur.
1674 2840 1763 2915 Onn-

204 2960 290 3033 linat
317 2982 396 3034 cum
424 2961 536 3033 altera
561 2960 917 3053 Skarszyczslro
943 2952 1167 3051 Militari.

310 3082 456 3174 Mruez,
483 3082 725 3154 rilla‘babeus
751 3083 786 3153 in
808 3076 852 3154 ‘se
878 3079 1122 3174 parochialem·
1140 3080 1256 3154 Sancti
1283 3082 1455 3157 Leoumdi
1485 3085 1633 3177 ligneam
1655 3088 1763 3158 ecele'-

137 3225 140 3231 ²
205 3203 303 3294 siam,
330 3204 430 3276 cuius
456 3204 653 3295 proprietas
671 3202 714 3276 ad
733 3203 982 3275 monasterium
1009 3202 1044 3273 in
1073 3202 1420 3276 Wancboczsko
1447 3206 1609 3297 pertinet.
1636 3206 1676 3279 ln
1696 3229 1764 3299 qua

207 3331 288 3398 sunt
316 3326 579 3418 quatuordeeim
606 3324 697 3397 lanei
725 3324 969 3416 auctionales,
996 3328 1032 3396 et
1058 3324 1205 3417 quilibet
1232 3324 1336 3399 solvit
1364 3346 1426 3420 per
1453 3348 1558 3400 uuum
1585 3328 1765 3402 fertonem.

207 3445 293 3519 Item
322 3448 413 3520 duae
439 3448 624 3539 tabernae,
660 3447 836 3539 quaelibet
862 3467 926 3538 pro
954 3466 1058 3518 ceusu
1095 3445 1242 3519 mediam
1275 3468 1486 3539 sexagenum
1524 3451 1647 3543 solvit,
1684 3453 1765 3524 item

209 3590 274 3640 ora
299 3570 468 3661 triginta,
503 3560 586 3641 item
613 3569 725 3660 gallos
752 3548 919 3661 quatuor,
946 3568 1030 3639 item
1058 3588 1177 3640 caseos
1205 3568 1309 3659 duos,
1348 3570 1429 3641 item
1458 3570 1594 3643 laborat
1621 3574 1764 3665 quilibet

209 3690 434 3765 unum'diem
461 3692 497 3762 in
524 3690 737 3782 septimana,
765 3682 907 3782 proprio
935 3709 1039 3760 curru
1066 3694 1127 3761 aut
1153 3697 1289 3781 aratro,
1317 3691 1400 3761 item
1425 3691 1605 3787 powubam
1633 3700 1764 3767 utram-

210 3832 286 3902 que„
301 3832 368 3904 pro
396 3832 478 3884 rere
504 3818 546 3884 et·
567 3812 691 3905 byeme
716 3812 897 3901 laborant,
925 3811 1008 3881 item
1037 3831 1174 3907 oaazyep
1201 3810 1350 3900 solvunt,
1377 3818 1454 3882 octo
1482 3814 1607 3884 choros
1635 3835 1765 3888 avenae

107 3974 108 3979 =
209 3940 244 4004 et
270 3940 423 4026 quatuor
450 3934 607 4025 siliginis.
651 3933 738 4005 Item
765 3931 986 4005 hortulauiae
1012 3936 1164 4023 septem,
1201 3930 1377 4023 quaelibet
1412 3952 1474 4024 per
1510 3932 1597 4007 duos
1623 3957 1766 4027 grossos

211 4054 323 4128 solvit
368 4056 457 4127 Item
484 4031 664 4152 praedium
699 4054 900 4127 coenobiale
926 4059 980 4125 est
1016 4053 1052 4124 in
1079 4051 1199 4153 eadem
1227 4052 1329 4145 villa,
1366 4052 1409 4130 de
1436 4056 1532 4127 cuius
1566 4058 1660 4147 agris
1697 4080 1765 4131 non

116 4188 124 4194 “
211 4174 360 4250 decimat
387 4176 490 4249 alicui
518 4178 775 4249 monasterium.
819 4176 927 4247 item·
943 4174 1176 4247 molendinum
1197 4194 1280 4255 ¹non
1308 4182 1383 4265 es't3
1421 4174 1595 4249 frumenta.
1631 4180 1765 4271 praedii

211 4300 375 4371 tenentur
401 4300 600 4371 emetbones
628 4299 672 4371 ad
699 4297 948 4370 monasterium
975 4297 1101 4369 ducere
1129 4296 1164 4367 in
1191 4316 1311 4387 grano.
1337 4296 1424 4369 Item
1453 4319 1572 4399 omues
1600 4302 1675 4396 agri
1702 4302 1765 4373 vil·
1853 4362 1857 4367 .

213 4417 266 4491 lae
300 4411 442 4519 solvunt
468 4426 506 4491 et
532 4418 729 4492 eoudu‘cuut
763 4418 930 4491 decimam
966 4418 1217 4511 manipularem
1255 4424 1291 4490 et
1317 4419 1516 4511 canapalem
1558 4442 1622 4513 pro
1649 4444 1766 4494 mona-

214 4543 319 4613 sterio
346 4541 637 4633 Wancboezensi,
673 4548 709 4614 et
735 4540 834 4614 valor
869 4542 1074 4613 aestimatur
1109 4541 1154 4613 ad
1190 4540 1385 4633 quindecim
1422 4562 1564 4615 marcas.
1609 4544 1694 4617 Item
1730 4546 1801 4631 in=

215 4662 332 4736 eadem
360 4662 443 4735 nilla
469 4670 551 4736 sunt
578 4664 729 4755 quinque
753 4664 922 4735 tabernae
949 4662 1098 4755 plebani,
1139 4662 1308 4735 habentes
1335 4684 1449 4755 agros,
1477 4664 1519 4736 de
1547 4666 1671 4757 quibus
1699 4668 1767 4740 sol-

215 4792 299 4857 vunt
335 4786 504 4857 decimam
531 4785 780 4876 manipularem
808 4791 845 4855 et
870 4784 1068 4876 canapalem
1105 4784 1271 4857 eeclesiae
1299 4791 1335 4857 et
1362 4784 1510 4877 plebano
1538 4786 1573 4858 in
1601 4768 1768 4881 Mirez,

215 4908 423 4979 monasterio
449 4914 567 4979 tamen
594 4904 867 4978 Wancboczeusi
894 4906 1046 4978 reddunt
1072 4906 1160 4979 duos
1186 4906 1317 4998 gallos,
1352 4908 1498 4999 triginta
1525 4931 1589 4981 ovs
1616 4916 1652 4981 et
1679 4909 1766 4982 duos

217 5044 342 5119 caseos,
369 5035 405 5100 et
432 5048 496 5120 per
521 5027 690 5101 fertonem
716 5028 972 5119 prestatione.
1006 5024 1094 5100 Item
1122 5034 1203 5099 sunt
1229 5028 1279 5113 ibi
1307 5038 1380 5122 tres
1407 5028 1499 5101 lanei
1527 5030 1704 5123 speciales,
1731 5038 1766 5103 et

218 5148 360 5237 quilibet
385 5149 490 5222 soluit
515 5171 619 5221 unam
646 5166 862 5253 sexagenum.
889 5146 1051 5221 Continui
1077 5168 1155 5221 cum
1173 5148 1266 5221 villis
1293 5150 1546 5242 episcopalibus
1574 5150 1765 5227 Thicbow

220 5274 253 5339 et
278 5268 447 5343 Mirow.
1735 5354 1740 5364 ,

318 5391 456 5484 Bzruo,
482 5385 654 5465 villa‘sub
680 5392 847 5483 parocbia
874 5390 917 5463 de
943 5390 1290 5467 Wanchoczslro
1318 5392 1404 5484 sita,
1431 5414 1494 5485 per
1520 5414 1681 5486 magnum
1709 5416 1766 5467 co-

220 5509 337 5586 mitem
360 5507 600 5585 Nicolaum
627 5512 765 5604 donata3
792 5514 890 5584 cuius
916 5514 1112 5604 proprietas
1140 5513 1184 5584 ad
1211 5514 1458 5586 monasterium
1487 5514 1765 5588 W'ancho'czense

214 5637 376 5727 ¹laertiuet
419 5635 460 5707 ln
487 5656 555 5726 qua
581 5642 663 5706 suut
690 5640 840 5727 quatuor
865 5635 957 5706 lanei
984 5634 1236 5725 emethonales,
1273 5642 1309 5707 et
1336 5636 1483 5727 quilibet
1519 5636 1623 5709 solvit
1662 5660 1765 5711 unam

221 5772 338 5829 urnam
363 5730 488 5846 mellisJ
512 5763 574 5827 aut
598 5777 703 5827 unam
729 5776 881 5827 marcam
907 5777 971 5847 pro
999 5731 1123 5846 ceusu,
1151 5756 1236 5827 item
1263 5777 1329 5829 ova
1354 5758 1518 5850 triginta,
1544 5760 1629 5831 item
1652 5760 1768 5852 'gallos
1912 5786 1914 5791 ·
