4492 6592
1665 782 1736 851 193

172 984 259 1052 Item
298 1003 431 1052 morene
465 981 580 1054 media
614 1002 732 1053 marca
757 981 932 1072 pecuniae
959 984 1168 1073 communis,
1205 989 1268 1056 aut
1302 1005 1427 1056 novem
1455 987 1559 1056 scotti
1585 986 1736 1059 latorum

172 1123 387 1194 grossorum.
427 1103 515 1176 Item
542 1103 585 1176 de
608 1104 767 1176 omnibus
795 1105 890 1194 agris
917 1105 1066 1176 solvitur
1092 1105 1227 1177 decima
1253 1106 1480 1196 manipularis
1506 1114 1543 1178 et
1561 1110 1736 1199 canapalis

172 1245 235 1316 pro
262 1225 479 1296 monasterio
508 1224 744 1315 Thinczieusi,
772 1230 808 1298 et
825 1245 888 1315 per
914 1226 1046 1298 incolas
1073 1225 1280 1298 conducitur
1305 1229 1343 1298 in
1369 1228 1547 1318 borreum,
1574 1235 1611 1300 et
1638 1230 1736 1301 valor

172 1345 246 1417 eius
274 1345 486 1440 aestimatur
512 1345 557 1418 ad
575 1346 692 1418 decern
711 1366 856 1418 marcas.
896 1347 985 1418 Item
1010 1353 1065 1418 est
1088 1347 1138 1418 ibi
1156 1348 1316 1419 scoltetia
1342 1349 1475 1420 babens
1502 1349 1589 1421 duos
1608 1350 1735 1441 laneca,

169 1465 210 1538 de
237 1466 341 1538 cuius
369 1469 465 1558 agris
492 1468 596 1540 datur
623 1467 757 1539 decima
784 1469 820 1540 in
847 1467 1125 1540 Radziszow
1155 1469 1284 1542 ibidem
1315 1470 1484 1541 eccleciae
1510 1475 1547 1542 et
1576 1470 1733 1561 plebano.

174 1586 338 1660 donfinat
364 1609 442 1660 cum
468 1589 673 1678 ZorzoW,
700 1589 988 1662 Brunowslra
1013 1588 1183 1681 Wolya,
1209 1591 1499 1664 Brunaczow.
1539 1592 1580 1662 ln
1606 1592 1734 1664 Zatbo·

174 1709 279 1781 riensi
307 1709 482 1782 districtu.

276 1830 641 1922 Baunnczow,1villa
659 1833 723 1903 sub
741 1832 907 1922 parochia
934 1831 977 1904 de
1003 1822 1281 1905 R-adz'eanow
1308 1835 1393 1923 sita,
1420 1834 1519 1905 cuiue
1536 1836 1735 1924 proprietas

119 1935 124 1948 ’
175 1951 217 2022 ad
243 1951 496 2024 monasterium
534 1950 760 2025 Thinczienae
797 1954 957 2044 pertinet
998 1954 1038 2024 ln
1066 1975 1135 2044 qua
1170 1960 1252 2028 aunt
1285 1955 1378 2025 lanai
1414 1956 1734 2045 auctionemque

177 2073 299 2163 quibus
320 2074 552 2165 solviturpro
571 2095 675 2147 censu
691 2129 698 2144 .
715 2131 722 2144 .
737 2129 767 2145 ..
794 2075 882 2146 Item
901 2075 985 2146 villa
1003 2075 1163 2165 praelata
1180 2077 1216 2148 in
1234 2082 1311 2148 toto
1330 2079 1384 2147 est
1401 2075 1561 2166 decerta,
1579 2081 1615 2147 et
1631 2098 1735 2166 agros

175 2195 246 2265 eius
274 2195 397 2267 colunt
422 2196 621 2268 cmetbonos
648 2196 691 2268 de
718 2195 801 2268 villa
827 2196 1118 2287 Radzeszow,
1148 2203 1184 2269 et
1210 2197 1349 2270 solvunt
1375 2217 1440 2287 pro
1468 2218 1574 2268 censu
1592 2246 1738 2267 .......
1814 2289 1818 2294 .

177 2316 259 2390 Item
287 2315 425 2388 decima
460 2318 563 2389 villae
597 2317 774 2408 praefatae
810 2318 963 2408 pertinet
998 2318 1042 2389 ad
1070 2319 1305 2408 praebendam
1337 2318 1467 2390 dictam
1493 2319 1734 2409 Zakrzowslca,
1844 2367 1852 2376 -

176 2456 236 2526 pro
263 2458 337 2527 qua
363 2441 562 2512 cmethones
590 2439 633 2510 de
659 2438 970 2511 Radzeschow
1001 2459 1060 2510 eos
1088 2440 1260 2529 colentes,
1287 2439 1427 2511 solvunt
1452 2440 1618 2511 canonico
1644 2439 1732 2510 duas

177 2577 366 2648 sexagenas
402 2560 553 2632 latorum
587 2557 789 2650 grossorum
824 2561 888 2650 pro
916 2561 1049 2633 damma
1084 2561 1308 2652 manipulari,
1344 2561 1389 2631 ad
1417 2580 1518 2651 quam
1545 2581 1588 2632 ex
1615 2561 1732 2632 debito

180 2678 396 2770 obligantur,
423 2682 466 2762 ai,
481 2686 574 2756 esset
599 2682 864 2772 possessionatu.
905 2681 946 2752 ln
972 2680 1193 2754 Zathorienei
1220 2682 1392 2754 districtu.
1577 2771 1582 2784 Ι
1742 2669 1747 2677 ’

278 2802 594 2874 Bauuaezowsnn
622 2801 787 2892 WonrA,
814 2801 898 2874 villa
915 2802 1047 2874 babens
1065 2803 1300 2892 parochialem
1317 2801 1498 2874 ecclesiam
1515 2802 1552 2870 in
1570 2822 1617 2890 se,
1635 2801 1732 2873 cuius

144 2915 147 2920 ’
179 2923 376 3014 proprietas¹
410 2924 456 2995 ad
482 2925 729 2997 monasterium
766 2924 971 2996 Thinciense
998 2925 1159 3014 pertinet.
1200 2925 1239 2995 ln
1267 2929 1444 3013 quaeunt
1472 2922 1733 3013 quatuordecim

178 3044 263 3116 lanei
298 3045 554 3135 emethouales,
587 3050 625 3117 et
652 3045 797 3137 quilibet
832 3045 936 3116 solvit
971 3066 1035 3135 pro
1072 3065 1177 3116 censu
1214 3045 1363 3116 mediam
1390 3065 1551 3116 marcam.
1590 3041 1656 3112 Est
1682 3041 1732 3112 ibi

180 3167 319 3238 ecclesia
346 3167 557 3257 parochialia
583 3166 717 3258 lignea,
754 3166 942 3239 Nativitati
978 3167 1109 3238 Beatae
1136 3166 1273 3238 Mariae
1299 3166 1444 3256 virginis
1470 3165 1598 3251 dicam,
1634 3162 1731 3234 cuius

110 3267 111 3362 J
184 3288 323 3360 collator
340 3289 464 3361 unicus
482 3289 591 3362 abbas
618 3294 655 3361 et
673 3295 863 3362 conventus
882 3287 1139 3375 Thinczicusis3
1166 3289 1250 3360 item
1269 3286 1374 3360 solvit
1399 3285 1545 3376 quilibet
1571 3282 1613 3356 de
1630 3281 1731 3348 laneo

110 3383 112 3394 ¹
181 3410 296 3500 viginti
325 3417 477 3502 quatuor
503 3432 591 3500 ova,
617 3431 737 3483 caseos
764 3410 869 3500 duos,
895 3409 1007 3500 gallos
1034 3431 1102 3482 nou
1130 3410 1284 3498 solvunt,
1310 3405 1527 3490 hortulaniae
1554 3418 1623 3468 11011
1651 3404 1731 3469 sunt

110 3545 112 3560 ¹
185 3528 323 3626 increpui
351 3531 533 3622 laborant,
560 3537 725 3604 tenentur
751 3532 842 3603 euim
870 3551 991 3621 arare,
1018 3531 1208 3620 seminare,
1234 3535 1385 3607 metere,
1407 3517 1620 3628 conducere,
1646 3519 1730 3590 item

184 3673 313 3724 vaccam
341 3653 405 3726 dat
422 3675 486 3745 pro
503 3653 593 3728 festo
620 3654 739 3728 Sancti
766 3654 864 3726 Petri
891 3659 967 3725 tota
994 3653 1096 3740 villa3
1115 3643 1206 3723 'item
1231 3660 1420 3738 properea
1446 3638 1537 3710 lardi
1564 3645 1730 3728 quatuor·

184 3773 284 3846 decim
311 3795 466 3866 moesos,
493 3777 576 3847 item
603 3796 668 3867 pro
688 3772 860 3871 porcdlac
886 3783 960 3847 tres
984 3794 1136 3862 marcas,
1163 3791 1240 3862 cum
1256 3760 1451 3850 duissdffliffi
1476 3761 1620 3849 diffisis,
1645 3762 1728 3830 item

185 3915 240 3983 pro
265 3893 401 3967 browne
427 3917 530 3968 uuam
557 3917 725 3986 marcam,
752 3899 835 3970 item
864 3897 1165 3968 decimam
1207 3881 1367 3952 0011fifl8t
1392 3901 1470 3950 0¹11ss
1496 3880 1728 3952 Lflssczlffl·

187 4036 306 4107 roua,
334 4017 669 4110 Krzyweczka,
697 4019 874 4107 hincne,
901 4014 1165 4092 ,lucerina
1192 4001 1481 4072 Radzefflw·

275 4137 582 4230 Powozowuczn,
601 4141 683 4213 villa
697 4141 762 4212 snb
780 4139 947 4230 parochia
958 4135 1008 4234 dc
1023 4123 1325 4215 ezirnyacnow
1350 4122 1436 4211 sita,
1455 4122 1553 4193 cuius
1570 4123 1727 4211 proprie-

185 4263 233 4329 tas
249 4261 291 4332 ad
309 4263 558 4335 monasterium
587 4262 811 4334 Thincziense
830 4255 987 4350 pertinet
1026 4245 1066 4316 In
1086 4267 1155 4336 qua
1181 4250 1263 4316 aunt
1292 4245 1443 4334 quinque
1461 4243 1554 4313 lanei
1573 4244 1727 4314 cmetho-
1794 4317 1800 4320 ,
1834 4307 1838 4314 ,

188 4379 285 4470 noles,
302 4387 338 4453 et
353 4382 498 4473 quilibet
515 4383 619 4455 solvit
638 4405 699 4473 pro
715 4402 819 4454 censu
833 4371 981 4446 mediam
1000 4387 1165 4455 marcam,
1184 4367 1268 4437 item
1283 4386 1349 4437 ova
1365 4365 1501 4450 decem,
1519 4364 1601 4434 item
1615 4364 1726 4452 gallos

187 4521 246 4571 non
263 4503 416 4592 solvunt;
435 4504 518 4575 item
537 4525 675 4577 caseum
694 4516 811 4583 unum,
830 4495 910 4566 item
929 4489 1067 4561 laborat
1085 4488 1232 4578 quilibet
1249 4486 1411 4558 metendo
1430 4491 1587 4575 tempore
1603 4485 1726 4556 messis

189 4623 324 4713 quinque
344 4625 512 4712 cassulas3
539 4626 621 4696 item
647 4611 867 4714 prr'poccubc
888 4617 1052 4682 tenentur
1070 4611 1194 4680 messis
1213 4615 1371 4698 tempore
1389 4607 1593 4678 falcastrare
1617 4611 1727 4696 prata,
1804 4688 1806 4691 ,

189 4742 337 4834 colligere
350 4745 501 4835 foenum,
517 4745 718 4825 conducere,
735 4733 870 4825 quoties
885 4739 1061 4821 vocantur,
1081 4732 1242 4821 expensis
1256 4729 1474 4816 monasterii;
1491 4729 1575 4798 item
1590 4749 1727 4822 ocszycp

179 4883 247 4948 ¹non
261 4867 409 4957 solvunt,
424 4869 483 4942 sed
492 4880 674 4961 poacoczac
687 4855 985 4955 unum-fertonem.
1013 4853 1102 4925 Item
1116 4853 1264 4925 taberna
1277 4873 1347 4922 una
1359 4851 1491 4922 habens
1505 4870 1619 4940 agros,
1639 4867 1727 4938 quae
1816 4886 1820 4894 ·

192 4984 282 5058 solvit
299 5008 361 5078 pro
379 4988 467 5060 festo
487 4988 519 5056 S.
539 4978 720 5054 Michaelis
738 4977 886 5050 mediam
914 4995 1137 5066 sexagenam3
1160 4975 1244 5045 item
1255 4968 1428 5067 paradica
1445 4971 1598 5059 solvunt,
1621 4989 1726 5039 unum

190 5100 342 5180 fertonem
362 5129 429 5199 pro
440 5105 529 5174 festo
548 5100 666 5172 Sancti
690 5099 889 5187 Adalberti3
916 5099 1000 5169 item
1018 5095 1198 5186 praedium
1216 5113 1285 5166 nou
1304 5099 1358 5164 est
1377 5093 1444 5181 ibi;
1467 5092 1552 5162 item
1570 5088 1725 5162 hortula-

193 5223 265 5296 niae.
300 5229 384 5302 item
404 5243 520 5294 omnes
548 5221 623 5310 agri
643 5219 746 5293 villae
764 5219 905 5292 solvunt
932 5218 1100 5306 decimam
1118 5215 1369 5305 manipularem
1388 5218 1425 5283 et
1443 5210 1644 5301 canapalem
1661 5229 1725 5299 pro

194 5345 320 5419 ecclesia
345 5348 380 5416 in
407 5342 742 5434 Gzirnyechow
769 5346 805 5412 et
826 5339 1022 5412 conducunt
1050 5358 1141 5424 eam,
1168 5341 1204 5407 et
1231 5336 1329 5407 valor
1356 5333 1431 5404 eius
1459 5331 1662 5402 aestimatur
1679 5327 1725 5400 ad

195 5471 325 5551 quatuor
342 5485 495 5554 marcas,
513 5463 700 5554 aliquando
719 5461 763 5532 ad
782 5462 931 5552 quinque
950 5477 1093 5529 marcas.
1121 5456 1280 5528 Gondnat
1297 5475 1375 5526 cum
1392 5452 1687 5526 Jaszkowicz
1698 5471 1726 5540 e,
1742 5525 1753 5541 ,

117 5617 121 5628 ·
197 5563 1728 5677 Trzabolya,Szosznowicze,Ghuaczimyecb.anatboriensidistrictu.

282 5705 527 5796 Lanczrnnr,
554 5705 637 5778 villa
664 5705 728 5777 sub
746 5703 912 5795 parochia
929 5699 1094 5773 ecclesiae
1121 5698 1165 5769 de
1192 5695 1542 5786 Spitlrlrowicze
1569 5695 1647 5773 sita,
1664 5698 1727 5782 est,

288 5873 332 5915 mn.
346 5873 489 5916 ammam.
1494 5863 1500 5868 “
1529 5845 1567 5892 ‘²⁵
