4492 6592
1698 733 1772 804 357

203 928 339 1000 futuris
347 960 360 1019 ·,
392 933 625 1021 praesentium
662 932 825 1004 notitiam
861 933 1052 1024 habituris,
1080 933 1171 1025 quod
1198 956 1263 1006 nos
1281 915 1334 1007 'ab
1361 936 1503 1007 ineunte
1529 940 1664 1028 aetate,
1691 943 1779 1010 nutu

174 1065 242 1120 *ac
271 1050 502 1142 beneplacito
530 1052 651 1142 optimi
678 1053 868 1124 conditoris
895 1055 1095 1145 gestientes,
1123 1076 1247 1145 parere
1274 1077 1337 1147 per
1362 1058 1496 1146 omnia,
1523 1063 1560 1128 et
1585 1053 1627 1130 ut
1651 1059 1775 1131 melius

201 1176 238 1242 et
265 1172 432 1260 quietius
468 1174 662 1264 opitulante
698 1175 790 1264 Deo,
818 1195 996 1265 possemus
1024 1177 1136 1246 nostri
1163 1176 1385 1267 principatus·
1404 1178 1640 1267 gubernacula
1666 1180 1777 1269 possi-

202 1291 309 1381 dere,
340 1298 382 1363 et
411 1293 555 1364 consilio
583 1302 718 1368 maturo
747 1296 954 1369 venerahilis
981 1297 1017 1368 in
1045 1295 1186 1368 Christo
1214 1298 1325 1388 patris
1352 1297 1483 1374 domiai
1509 1297 1664 1370 Vislai
1692 1299 1777 1371 (lra-

201 1414 388 1488 coviensis
426 1416 598 1506 episcopi,
624 1417 835 1509 decretoque
871 1417 1021 1488 omnium
1059 1418 1266 1506 optimatum
1303 1423 1502 1490 nostrorum
1529 1439 1571 1490 ac
1596 1419 1775 1509 baronum,

202 1535 392 1606 adiutorio
430 1537 495 1608 Dei
539 1539 669 1629 primo,
706 1541 945 1612 coniunximus
985 1538 1085 1610 nobis
1120 1539 1245 1628 copula
1281 1539 1433 1611 maritali
1473 1541 1775 1629 generosissimam
1805 1602 1808 1608 .

201 1655 386 1728 dominam
414 1656 735 1748 Kunegundim
762 1659 991 1732 illustrissimi
1031 1660 1125 1749 regis
1160 1657 1362 1750 Hungariae
1393 1660 1532 1738 domini,
1555 1654 1691 1734 Belae¹
1707 1661 1772 1733 fili·

201 1798 277 1866 am,
306 1799 383 1848 non
423 1779 533 1852 solum
564 1801 675 1870 auro,
703 1787 849 1872 argento
886 1786 922 1850 et
948 1779 1122 1869 lapidibus
1154 1781 1321 1870 preciosis
1346 1781 1502 1871 gloriosa
1527 1783 1637 1874 regali
1655 1784 1771 1873 provi·
1814 1791 1841 1872 J

201 1899 324 1986 denda
354 1905 397 1976 et
424 1901 680 1990 magnificentia
707 1902 871 1992 dotatam,
900 1921 1021 1972 verum
1050 1901 1217 1972 virtutum
1245 1903 1350 1973 etiam
1376 1923 1417 1973 ac
1443 1901 1610 1974 nobilium
1637 1924 1772 1974 morum

202 2019 350 2092 dotibus
381 2021 568 2110 plurimum
595 2023 802 2112 redimitam,
826 2003 918 2114 'quae
944 2023 1139 2112 inspirante
1166 2021 1251 2111 Deo,
1268 2023 1471 2112 temporalis
1489 2023 1645 2113 suffragii
1663 2023 1774 2096 admi-

203 2129 323 2212 nicula
352 2143 469 2232 nobis,
496 2148 661 2238 tempore
679 2149 819 2216 nostrae
846 2144 1079 2234 permaximae
1106 2143 1326 2214 necessitatis
1352 2144 1529 2233 praestitit
1555 2145 1708 2234 copiose,
1735 2151 1774 2216 ut
1840 2183 1849 2194 ·

202 2283 243 2334 cx
271 2263 343 2352 his,
372 2285 465 2354 quae
493 2266 746 2338 subnectuntur
772 2266 920 2356 liquebit
945 2265 1150 2336 luculenter.
1177 2263 1262 2340 Cum
1289 2267 1382 2338 euim
1407 2272 1564 2357 tempore
1583 2267 1675 2338 malo
1693 2287 1773 2357 per-

203 2384 372 2456 mittente
401 2386 487 2476 Deo,
502 2388 734 2478 peccatisque
761 2387 891 2458 nostris
907 2387 1147 2476 exigentibus,
1175 2385 1314 2458 Tartari
1339 2391 1455 2458 terras
1477 2388 1577 2458 uobis
1595 2387 1770 2460 subiectas

204 2525 376 2582 mucrone
405 2506 537 2588 crudeli
565 2507 765 2598 depopulati
790 2507 946 2611 luissent,
973 2503 1173 2598 terramque
1201 2508 1317 2578 subito
1343 2513 1380 2578 et
1406 2508 1584 2598 inopinate
1611 2507 1767 2582 debrias-

205 2633 283 2698 sent
310 2627 488 2718 profluvio
516 2629 694 2719 sangvinis
721 2629 911 2720 christiani,
939 2629 1144 2719 demumque
1171 2633 1338 2719 pereunte
1364 2629 1497 2700 cultore
1515 2629 1631 2700 omnia
1648 2629 1770 2720 deper-

203 2748 285 2820 iisse
314 2749 541 2840 viderentur,
570 2751 737 2840 nobisque
775 2770 870 2822 more
897 2750 1080 2840 principali
1107 2769 1148 2820 ac
1174 2749 1430 2838 magnificentia
1455 2750 1614 2832 omnibus
1639 2751 1770 2838 gratio·

205 2892 280 2976 sum
308 2870 551 2961 reddentibus,
579 2872 733 2962 nihilque
760 2870 1072 2961 perfunctoriamm
1099 2870 1324 2960 pecuniarum
1343 2871 1408 2941 sub
1426 2869 1505 2941 duri
1522 2871 1637 2942 cordis
1655 2871 1770 2960 lapide
1912 2907 1915 2910 -
1945 2957 1953 2970 ·

207 2992 412 3064 esmollitae
438 2993 634 3084 largitatis,
660 2993 730 3065 imo
756 2975 947 3092 laudabilis
973 2990 1232 3082 prodigalitatis
1259 2991 1436 3062 sitibundo
1463 2997 1574 3081 aestu,
1600 2993 1771 3063 avaritiae

207 3113 465 3203 retinentibus,
492 3103 670 3205 magisque
706 3113 832 3186 nobilis
868 3113 1014 3185 militiae
1041 3113 1202 3202 cohorte,
1229 3132 1332 3202 quam
1359 3111 1559 3184 divitiarum
1585 3113 1640 3182 vel
1667 3131 1770 3202 pecu-

204 3234 344 3305 niarum
384 3235 644 3326 cumulatione,
664 3235 699 3306 in
727 3234 878 3306 archivis
913 3219 1196 3309 delitescentibus
1222 3224 1364 3304 nostrae
1391 3233 1623 3304 conscientiae
1649 3233 1779 3324 stipati

207 3353 372 3436 incedere
400 3355 639 3445 gauderemus,
666 3377 706 3426 ac
733 3356 778 3428 ob
806 3355 841 3426 i'd
868 3347 1120 3446 consequenter
1146 3353 1191 3424 ad
1209 3354 1399 3440 notabilem
1418 3355 1569 3444 inopiam
1587 3352 1771 3425 fuissemus
1800 3396 1805 3406 =

207 3474 365 3554 amolum
395 3497 438 3548 en
465 3499 517 3568 eo,
544 3477 637 3568 quod
664 3477 839 3568 stipendia
865 3477 969 3548 solita
987 3476 1142 3550 militiae
1169 3481 1312 3546 nostrae
1339 3474 1429 3546 unde
1456 3475 1681 3564 solveremus,
1707 3495 1768 3564 pe·

209 3595 302 3668 nitus
339 3619 413 3669 non
449 3599 702 3688 inveniremus,
739 3605 774 3670 et
811 3619 853 3670 en
890 3598 1089 3688 praemissis
1126 3617 1231 3686 saepe
1257 3596 1352 3666 dicta
1378 3596 1588 3666 venerabilis
1613 3596 1769 3685 gloriosa

112 3778 120 3807 ,
209 3716 348 3790 domina
376 3740 520 3792 consors
548 3725 671 3817 nostra
697 3720 885 3808 carissima,
912 3739 1055 3789 cernens
1083 3739 1146 3788 nos
1172 3716 1357 3807 plurimum
1384 3717 1530 3802 anxiari,
1549 3714 1715 3786 ineffabili
1733 3720 1769 3785 et

209 3837 384 3912 infallibili
411 3841 559 3931 glutinio
593 3839 748 3912 fervidae
784 3840 962 3929 caritatiS,
990 3861 1057 3930 quo
1084 3838 1215 3909 nostris
1242 3836 1420 3909 aflectibus
1447 3836 1577 3926 iugiter
1603 3836 1767 3924 inhaesit,

210 3962 404 4053 concitata,
441 3963 653 4054 compatiens
689 3984 731 4034 ex
768 3953 916 4049 intimis,
953 3981 1058 4051 saepe
1093 3959 1204 4030 dicas
1237 3958 1401 4048 pecunias
1427 3956 1482 4028 sui
1509 3956 1679 4046 dotalitii,
1706 3976 1769 4046 per

210 4080 326 4168 plures
354 4086 450 4157 vices
477 4085 725 4174 impensionem
754 4081 1006 4174 stipendiorum
1034 4082 1101 4151 iam
1130 4080 1300 4150 dictorum
1327 4077 1485 4167 largiflue
1512 4077 1680 4167 exhihuit,
1707 4097 1768 4148 en-

210 4205 431 4297 pendendas,
468 4226 509 4278 ea
543 4211 659 4278 tamen
695 4205 893 4276 conditione
929 4203 1065 4276 adiecta
1101 4222 1217 4272 coram
1248 4200 1423 4291 aliquibus
1450 4198 1624 4270 nobilibus
1651 4204 1767 4270 terrae

145 4335 149 4353 ¹
211 4332 369 4419 nostrae,
398 4336 438 4400 ut
465 4329 545 4399 data
571 4328 638 4399 sibi
666 4347 771 4417 super
798 4327 927 4396 nostris
954 4323 1198 4415 sponsionibus
1225 4320 1311 4411 lide,
1338 4321 1477 4412 saepius
1506 4320 1634 4391 dictam
1661 4340 1764 4410 pecu-

200 4445 300 4518 „niam
337 4469 435 4522 mere
471 4454 507 4520 et
542 4449 695 4539 integre,
709 4437 763 4519 ‘ac
799 4447 874 4519 sine
902 4447 994 4518 omni
1021 4444 1250 4516 diminutione
1277 4449 1435 4533 tempore
1461 4446 1497 4512 et
1523 4427 1599 4512 loco
1627 4440 1764 4512 solvere

167 4653 177 4676 .
214 4567 462 4660 obligaremur3
497 4569 588 4662 quod
624 4575 661 4642 et
691 4567 854 4658 fecimus,
880 4571 1100 4659 praestantes
1136 4565 1204 4640 sibi
1232 4583 1335 4656 super
1362 4563 1493 4634 nostris
1520 4561 1765 4653 sponsionibus

215 4685 375 4764 debitam·
394 4693 600 4782 cautionem,
626 4697 742 4782 atque·
756 4696 873 4763 tantas
899 4689 1073 4780 pecunias,
1091 4687 1136 4759 ad
1155 4707 1241 4778 quas
1268 4706 1333 4758 nos
1350 4684 1541 4756 solenniter
1559 4703 1606 4760 ac,
1617 4683 1767 4754 fideliter

104 4863 105 4868 ,
215 4809 497 4904 obligaveramus
523 4821 680 4905 tempore
707 4819 744 4884 et
770 4812 846 4884 loco
874 4817 912 4882 ut
939 4795 1178 4901 praemittitur
1194 4805 1453 4898 persolvendas,
1472 4805 1764 4897 urgentispeces·

216 4930 324 5006 sitatis
351 4937 492 5012 stimulo
521 4935 730 5026 impellente,
757 4939 860 5026 atque
889 4932 980 5024 quod
1008 4932 1278 5022 promiseramus
1305 4927 1447 5026 crebris,
1465 4933 1501 4998 et
1529 4925 1636 4997 variis
1655 4924 1762 4996 infor·

216 5055 304 5126 tusis
331 5057 602 5130 succedentibus.
640 5057 798 5146 Dumque
825 5054 870 5125 ad
897 5054 1102 5126 solutionem
1130 5056 1304 5122 tantarum
1333 5044 1574 5140 pecuniarum,
1601 5044 1764 5116 insuffici-

218 5179 309 5248 entes
336 5184 373 5252 et
400 5178 542 5250 invalidi
569 5178 813 5270 reperiremur,
841 5175 895 5247 usi
923 5174 1067 5246 salutari
1095 5172 1239 5244 consilio
1266 5169 1473 5242 venerabilis
1500 5167 1612 5258 patris
1631 5165 1761 5236 domini

207 5290 511 5372 ·Prandothae
539 5292 779 5371 Cracoviensis
806 5295 968 5387 episcopi,
996 5301 1032 5364 et
1059 5315 1101 5363 en
1129 5291 1269 5363 decreto
1296 5290 1447 5362 omnium
1475 5293 1673 5359 nostrorum
1701 5285 1762 5358 ba·
1856 5291 1862 5297 '

218 5432 342 5510 ronam,
361 5423 409 5521 'ac
436 5421 589 5492 unanimi
617 5419 795 5492 voluntate
823 5417 956 5507 pariter
983 5421 1026 5486 et,
1045 5430 1199 5501 assensu,
1227 5420 1357 5482 terram
1385 5409 1655 5480 Sandeczeusem
1673 5411 1760 5498 pu're

220 5539 252 5603 et
275 5532 415 5631 integre,
443 5549 481 5615 et
501 5542 576 5612 sine
603 5541 695 5610 omni
723 5537 964 5625 diminutione,
993 5556 1068 5605 cum
1095 5535 1198 5624 pleno
1213 5578 1217 5587 ·
1233 5532 1385 5604 dominio
1420 5531 1512 5601 sicut
1546 5529 1613 5619 ipsi
1647 5528 1762 5598 tenui-

218 5675 303 5747 mus,
338 5663 404 5733 sibi
440 5663 561 5734 damus
597 5669 633 5732 et
669 5659 892 5746 conferimus,
924 5649 1266 5744 irrevocabilitbrque
1292 5652 1464 5723 tradimus
1491 5652 1760 5740 inperpetuum
