4492 6592
1689 728 1763 798 235

201 931 283 1000 item
314 927 551 1000 molendinum
581 927 672 1018 quod
701 927 805 1000 solvit
834 981 1046 1016 .........
1073 929 1156 1000 item
1185 934 1240 1000 est
1265 929 1446 1021 praedium
1472 931 1692 1021 coenobiale,
1718 932 1763 1003 de

198 1049 297 1122 cuins
325 1050 424 1139 agris
451 1049 623 1138 aliquibus
650 1048 798 1120 solvitur
834 1047 967 1120 decima
1002 1069 1065 1138 pro
1093 1049 1241 1120 eeclesia
1266 1051 1302 1120 in
1329 1049 1690 1140 Modliboricze‚
1718 1053 1763 1124 de

199 1169 380 1260 aliquibus
408 1190 481 1240 eam
501 1169 749 1242 monasterium
767 1189 830 1258 pro
850 1187 887 1240 se
904 1168 1011 1258 tollit5
1038 1169 1200 1240 videlicet
1226 1170 1270 1242 de
1288 1171 1426 1242 noviter
1443 1170 1637 1260 extirpatis
1673 1173 1763 1253 Item

200 1311 320 1363 omnes
349 1291 428 1380 agri
447 1291 664 1362 cmetbonum
693 1289 832 1376 solvunt
858 1295 895 1362 et
917 1289 1114 1362 conducunt
1141 1290 1309 1362 decimam
1328 1284 1578 1380 manipularem
1604 1298 1641 1362 et
1658 1313 1763 1364 cana-

198 1411 312 1502 palem
352 1431 419 1502 pro
446 1411 592 1484 ecclesia
628 1409 754 1482 ibidem
792 1410 827 1482 in
856 1387 1241 1500 Modliboszy'oze
1268 1417 1304 1480 et
1330 1431 1394 1500 pro
1421 1410 1569 1500 plebano
1596 1403 1763 1502 eiusdem,

204 1537 241 1603 et
268 1531 376 1602 valor
412 1532 487 1602 eius
514 1531 720 1603 aestimatur
756 1529 799 1602 ad
828 1535 906 1601 octo
933 1549 1078 1600 mareas.
1123 1530 1211 1601 Item
1246 1530 1392 1602 ecclesia
1426 1531 1636 1621 parochialis
1660 1532 1767 1605 habet

163 1673 168 1679 ·
200 1653 248 1724 ibi
275 1651 450 1742 speciales
477 1673 598 1741 agros,
633 1651 731 1724 ouius
767 1651 887 1722 unicus
922 1649 1069 1724 collator
1103 1660 1140 1722 et
1166 1656 1333 1738 patronus
1360 1655 1414 1722 est
1439 1651 1549 1722 abbas
1575 1671 1653 1722 oum
1681 1672 1762 1724 con-
1880 1681 1884 1688 ¹

200 1779 308 1844 sautu
337 1771 488 1852 Sanctae
515 1771 650 1860 Crucis,
686 1777 722 1842 et
748 1777 884 1862 partem
921 1770 1075 1842 eiusdem
1102 1771 1396 1861 iurispatronatus
1422 1771 1530 1842 babet
1565 1771 1689 1844 haeres
1725 1773 1763 1842 in

203 1891 529 1984 Golyschicze.
569 1893 656 1964 Item
692 1893 859 1982 plebanus
885 1898 922 1964 et
948 1891 1094 1964 ecclesia
1120 1891 1244 1964 babuit
1269 1892 1319 1962 ibi
1351 1911 1455 1962 unam
1480 1891 1662 1962 tabernam
1691 1898 1764 1962 tor·

201 2015 282 2086 tiam
311 2035 394 2090 cum
422 2015 531 2104 agris,
563 2013 624 2086 sed
652 2013 816 2086 cambivit
843 2033 934 2101 eum,
971 2012 1058 2084 dans
1083 2011 1178 2082 illam
1209 2012 1419 2083 monasterio
1447 2010 1594 2082 Sanctae
1629 2008 1762 2099 Crucis,

203 2155 265 2224 pro
284 2134 388 2206 alveo
408 2140 443 2206 et
461 2135 571 2224 pratis
591 2133 634 2204 ad
653 2133 843 2224 parandum
863 2133 1039 2222 piscinam.
1067 2130 1229 2204 Gontinm
1245 2153 1323 2202 cum
1342 2129 1632 2218 Goliszicze,
1658 2129 1763 2201 Bra·

203 2255 342 2344 tkow,
379 2255 614 2346 Rudniky‚
641 2254 890 2344 Pyslrrzin‚
917 2252 1126 2343 Zirnilry‚
1152 2252 1422 2324 Ozemblow.
1472 2287 1474 2292 ·

307 2375 645 2464 demissum,
672 2375 755 2446 villa
782 2375 845 2445 sub
864 2373 1030 2464 parochie
1048 2373 1214 2445 ecclesiae
1240 2372 1284 2443 de
1304 2371 1519 2458 Antiqua
1545 2366 1657 2457 Slup
1683 2369 1762 2458 sita

205 2498 300 2570 cuius
337 2498 538 2588 proprietas
573 2501 610 2567 et
644 2496 833 2568 dominium
868 2495 912 2566 ad
949 2494 1197 2566 monasterium
1231 2492 1364 2565 Calvi
1399 2489 1576 2559 Montis
1613 2487 1760 2558 Sanctae

206 2617 327 2690 (irnois
354 2619 517 2709 pertinet.
557 2618 597 2688 In
625 2638 693 2708 qna
709 2605 800 2688 ¹sum
837 2636 898 2688 ser
925 2616 1017 2686 lanei
1043 2613 1292 2700 matitunales,
1328 2616 1365 2682 et
1391 2607 1538 2698 quilibet
1564 2608 1669 2678 solvit
1695 2628 1759 2697 pro

206 2759 309 2812 censu
337 2740 464 2829 viginti
490 2757 649 2830 grossos,
676 2743 720 2809 ct
738 2759 801 2829 pro
828 2733 995 2832 porudloe
1020 2741 1172 2826 quatuor
1197 2752 1357 2824 grossos,
1393 2730 1476 2800 item
1511 2748 1578 2799 ova
1603 2728 1760 2818 triginta,

205 2861 286 2932 item
303 2861 419 2950 gallos
446 2860 550 2946 duos;
577 2859 664 2930 duos
683 2861 767 2931 item
786 2879 923 2944 caseos3
951 2858 1034 2928 item
1053 2856 1189 2928 laborat
1216 2850 1362 2942 quilibet
1386 2849 1423 2918 in
1442 2848 1637 2937 septimana
1653 2867 1760 2919 unum

144 3030 148 3036 -
206 2980 303 3070 diem,
323 2983 476 3074 proprio
495 3001 600 3052 curru
618 2987 679 3052 aut
697 2985 834 3068 aratro,
870 2980 954 3050 item
981 2978 1168 3060 tabernae,
1194 2973 1275 3042 item
1293 2967 1487 3054 hortulani,
1514 2967 1599 3038 item
1625 2974 1681 3040 est
1707 2967 1759 3038 ibi

207 3123 309 3174 unum
346 3102 547 3174 coenobiale
592 3101 790 3202 praedium,
825 3099 867 3170 de
895 3099 991 3170 ouius
1028 3096 1120 3186 agris
1156 3090 1304 3162 solvitur
1343 3087 1475 3158 decima
1516 3087 1759 3178 manipulatim

208 3224 284 3296 item
313 3231 369 3296 ost
395 3224 444 3296 ibi
463 3221 695 3295 molendinum
722 3222 758 3292 in
776 3221 917 3292 flumine
942 3210 1325 3305 Koprzywyanka
1348 3213 1388 3279 ‚et
1414 3207 1520 3280 solvit
1546 3208 1759 3310 monasterio

207 3365 307 3414 unam
335 3365 554 3436 sexagenum,
594 3343 680 3416 Item
708 3343 751 3413 de
771 3343 929 3414 omnibus
956 3337 1049 3426 agris
1077 3315 1295 3404 cmetlronium
1323 3328 1471 3400 solvitur
1498 3333 1534 3400 et
1552 3328 1759 3401 conducitur

209 3464 337 3536 decima
365 3465 592 3555 manipularis
617 3471 654 3564 et
672 3462 847 3552 canapalis
874 3459 1013 3528 induas
1040 3455 1189 3542 partas,¹
1203 3469 1274 3520 una
1295 3449 1387 3518 enim
1413 3469 1497 3538 pars
1516 3449 1619 3521 villae
1646 3449 1760 3520 media

210 3585 309 3656 solvit
336 3587 504 3658 decimam
532 3585 697 3656 ecclesiae
715 3579 903 3672 parochiali
931 3577 965 3646 in
993 3570 1300 3657 Bodzenczin,
1327 3570 1439 3641 altera
1457 3569 1626 3642 medietas
1650 3571 1756 3644 solvit

211 3724 280 3776 eam
300 3708 468 3778 ecclesiae
486 3706 675 3796 parochiali
694 3706 729 3774 in
748 3700 934 3786 Grampa
971 3691 1131 3764 Continet
1148 3711 1224 3762 cum
1244 3690 1452 3780 Ant-ique
1469 3691 1593 3780 Slup‚
1622 3689 1758 3762 Gran-

212 3827 363 3916 stlrow,
391 3827 588 3916 Wlochy.
628 3820 859 3896 Hancvillam
887 3811 1270 3904 Koprzywyanka
1296 3809 1505 3880 Mattius
1536 3817 1620 3882 tnnc
1647 3811 1757 3884 abbas

212 3948 371 4028 cambivit
398 3969 474 4018 cum
502 3942 675 4019 nobilibus
703 3937 873 4012 Stanisloo
906 3939 942 4004 et
967 3931 1136 4004 iratribus
1169 3931 1211 4001 de
1238 3930 1626 4020 Koprzywyanka
1652 3930 1757 4002 dictis

212 4043 478 4160 Staclnyrky,
515 4039 703 4138 dando'eis
738 4058 854 4128 villam
892 4052 1093 4125 monasterii
1121 4051 1402 4141 Wylanycze
1437 4051 1571 4122 decima
1598 4051 1757 4140 manipu-
1883 4119 1888 4130 ,

212 4185 272 4258 lari
305 4187 473 4279 praedioli
501 4187 566 4256 sibi
594 4190 630 4252 et
656 4201 718 4250 sno
745 4175 956 4249 monasterio
983 4179 1173 4244 reservata.

308 4309 475 4395 Rznern,
502 4305 583 4376 villa
611 4301 706 4373 cuius
734 4297 902 4370 medietas
930 4295 1088 4368 unasub
1116 4293 1283 4384 parochia
1309 4292 1474 4364 ecclesiae
1506 4291 1549 4364 de
1575 4291 1755 4381 Panion,

216 4430 374 4501 etaltera
391 4427 557 4498 medietas
584 4423 627 4492 de
646 4419 888 4510 Szwyanth
900 4440 919 4488 o
931 4439 962 4490 m
975 4437 1083 4488 arza
1114 4417 1203 4486 sitae
1221 4421 1311 4485 sunt.
1353 4415 1392 4484 ln
1411 4435 1481 4506 qua
1499 4420 1580 4484 sunt
1598 4414 1755 4486 undecim
1813 4404 1819 4414 ’

215 4567 282 4620 cum
299 4543 412 4622 medio
439 4545 528 4616 lanei
547 4541 794 4628 cmethonales,
822 4545 858 4610 et
875 4538 1021 4630 quilibet
1045 4537 1150 4608 solvit
1166 4557 1230 4625 pro
1249 4557 1354 4606 censu
1374 4535 1497 4624 viginti
1515 4543 1552 4605 et
1570 4547 1633 4625 pro
1646 4556 1755 4629 poro-

213 4663 289 4737 dlac
310 4673 458 4756 quatuor
475 4685 630 4753 grossos,
659 4663 739 4734 item
760 4682 826 4732 ora
849 4660 1008 4750 triginta,
1037 4660 1119 4729 item
1138 4657 1250 4747 gallos
1269 4657 1369 4742 duos,
1398 4658 1481 4726 item
1499 4675 1619 4727 caseos
1647 4656 1751 4744 duos;
1839 4643 1845 4657 ⁸

215 4787 285 4856 itam
305 4793 357 4858 est
384 4787 431 4857 ibi
451 4785 682 4856 molendinum
708 4784 742 4852 in
762 4782 893 4870 piscina
920 4787 955 4850 et
973 4781 1077 4852 fluvio
1106 4779 1362 4868 Szwyslina
1388 4783 1424 4848 et
1442 4778 1547 4848 solvit
1569 4784 1756 4865 metretas;
1860 4835 1865 4844 .

213 4905 287 4976 item
314 4906 459 4998 quilibet
485 4906 622 4976 laborat
649 4903 738 4974 diem
767 4904 801 4972 in
821 4902 1015 4990 septimana
1042 4901 1183 4990 proprio
1212 4903 1316 4969 curru
1343 4889 1404 4968 aut
1430 4904 1561 4985 aratro,
1590 4905 1625 4967 et
1653 4918 1754 4966 unam

215 5025 350 5116 siliginis
378 5034 413 5098 et
431 5027 517 5098 duas
545 5045 674 5096 avenae
702 5045 881 5094 mensuras
909 5023 1082 5094 confertas
1110 5021 1232 5108 solvit3
1259 5022 1341 5090 item
1363 5017 1548 5112 peccabam
1573 5024 1756 5108 utramque

215 5144 346 5219 laborat.
373 5149 460 5220 Item
487 5153 569 5218 sunt
590 5147 644 5228 ibi
672 5146 761 5216 duae
788 5145 954 5216 tabernae
981 5143 1152 5214 habentes
1179 5163 1296 5230 agros
1324 5147 1360 5210 et
1378 5139 1483 5210 solvit
1509 5159 1577 5208 nna
1604 5123 1754 5210 sedecim

217 5275 349 5358 scottos,
368 5269 437 5340 alie
452 5287 540 5358 quae
555 5277 699 5338 vocatur
717 5267 752 5336 in
767 5264 936 5336 Zawada
954 5265 1133 5334 fertonem.
1159 5263 1246 5332 item
1265 5267 1347 5331 sunt
1361 5260 1408 5330 ibi
1424 5259 1512 5328 dnae
1531 5258 1753 5342 hortulaniae

217 5383 371 5462 habentes
397 5409 518 5479 agros,
553 5394 590 5460 et
617 5386 792 5477 quaelibet
828 5385 933 5455 solvit
960 5405 1023 5472 pro
1051 5403 1155 5452 censu
1182 5435 1297 5450 .....
1344 5380 1432 5462 Item
1461 5384 1515 5448 est
1541 5379 1588 5448 ibi
1616 5378 1754 5448 unicum

157 5543 164 5554 ·
218 5509 382 5592 praedium
410 5509 626 5598 coenobiale,
654 5508 698 5578 ad
724 5513 796 5576 tres
823 5506 941 5576 laneos
968 5503 1187 5572 aestimatum
1214 5507 1251 5570 et
1277 5500 1374 5570 curia
1400 5499 1529 5588 optime
1557 5521 1619 5588 per
1646 5500 1755 5588 magi·
1806 5583 1811 5593 ⁵

197 5631 313 5700 strum
347 5629 623 5702 Michaelem
660 5626 857 5716 aedificata,
891 5631 927 5696 ct
959 5623 1001 5695 de
1034 5623 1128 5712 agris
1165 5621 1399 5716 praedialibus
1436 5619 1584 5722 solvitur
1619 5619 1754 5690 decima
