4492 6592
481 737 571 840 nas

495 947 677 1032 postquam
705 939 790 1010 duas
818 937 917 1008 villas
944 935 1119 1028 praefatas
1146 934 1346 1006 Koclrow
1373 941 1410 1006 et
1427 933 1720 1024 Cobylnicza
1745 933 1784 1002 in
1801 950 1898 1004 suern
1916 939 2028 1006 sortem

496 1068 532 1133 et
557 1061 805 1150 proprietatem
834 1058 975 1147 accepit,
1002 1057 1182 1127 ecclesiam
1208 1057 1315 1126 otiam
1341 1055 1575 1144 parochialem
1601 1055 1638 1124 in
1656 1051 1860 1150 Cothon,
1878 1067 1963 1142 quae
1977 1074 2030 1143 per
2145 1138 2146 1153 χ

497 1181 707 1252 saecularem
744 1178 958 1250 sacerdotem
995 1182 1221 1250 consueverat
1246 1177 1340 1266 regi,
1368 1175 1624 1263 administrari,
1650 1175 1755 1246 etiarn
1781 1173 1851 1246 sibi
1877 1193 1943 1244 una
1966 1193 2031 1245 cum

496 1303 636 1372 decimis
664 1306 700 1372 et
726 1301 803 1370 aliis
830 1300 1055 1388 proventibus
1084 1298 1249 1368 ecclesiae
1276 1297 1428 1368 eiusdem
1456 1296 1696 1387 appropriavit
1720 1301 1759 1365 et
1784 1295 1821 1366 in
1847 1315 1952 1366 unum
1968 1315 2056 1372 cor.

497 1441 562 1509 pus
598 1420 710 1490 univit
746 1423 781 1488 et
818 1418 998 1507 compegit.
1035 1416 1226 1486 Vacatione
1253 1421 1367 1491 tumen
1394 1413 1572 1504 praefatae
1599 1408 1765 1486 ecclesiae
1789 1415 1826 1484 in
1853 1412 2035 1484 Kocborr

497 1533 984 1635 quomodolibet-occurrente,
1004 1557 1071 1607 non
1099 1537 1166 1604 iarn
1195 1535 1405 1604 saecularem
1425 1535 1666 1623 presbyterum
1683 1534 1750 1604 loci
1769 1534 1946 1605 ordinario
1963 1532 2036 1604 Gra·
2146 1558 2147 1561 ¹

497 1661 657 1747 ooviensi,
686 1660 745 1730 sed
773 1659 916 1729 fratrem
944 1657 1140 1745 regularem
1167 1655 1443 1744 investigendnm
1472 1655 1514 1724 de
1542 1655 1688 1725 ecclesia
1722 1653 1881 1744 praelata
1907 1655 1944 1724 in
1968 1653 2037 1726 Ko

498 1782 621 1850 cbow
649 1785 850 1869 praesentat
877 1779 919 1848 de
947 1799 1010 1847 sno
1038 1782 1137 1846 coetu
1165 1783 1201 1846 et
1219 1776 1498 1865 congregatione,
1518 1777 1575 1865 qni
1594 1780 1630 1846 et
1650 1775 1826 1866 praefatas
1844 1774 1931 1848 duas
1949 1776 2039 1847 villas
2146 1772 2147 1838 3

499 1901 691 1971 Cochow
720 1907 755 1970 et
782 1899 1115 1985 Kobilniczam,
1143 1903 1180 1967 et
1205 1899 1297 1968 bona
1322 1897 1604 1986 praepositurae,
1631 1918 1692 1967 seu
1718 1896 1886 1968 ecciesiae
1912 1895 2038 1968 Kocbo·

500 2023 646 2110 vIensiS,
682 2028 754 2093 tam
791 2022 826 2091 in
855 2020 1112 2110 spiritualibr·S,
1142 2040 1243 2109 quarn
1280 2019 1314 2088 in
1342 2019 1604 2108 temporalibus·
1619 2019 1730 2108 regit,
1767 2017 1987 2089 administrat
2008 2024 2039 2088 et
2146 2022 2147 2027 ’

498 2143 679 2232 gubernat.

454 2307 455 2312 =
603 2237 780 2352 Kosmou,
807 2262 889 2332 villa
916 2261 1012 2332 iuxta
1039 2260 1179 2332 flurium
1206 2259 1341 2329 VIsla
1367 2260 1446 2345 sita,
1474 2260 1604 2330 babens
1631 2261 1666 2330 in
1694 2281 1732 2332 se
1749 2243 1932 2332 ecclesiam
1947 2280 2037 2350 paro

499 2385 643 2454 chialem
671 2385 837 2473 ligneam,
867 2382 1103 2471 Assumptioni
1143 2381 1274 2452 Beatae
1301 2381 1436 2452 Mariae
1463 2381 1630 2470 dIcatam,
1657 2383 1754 2452 cuius
1782 2382 1978 2472 proprietas
2001 2381 2038 2452 sd

499 2505 743 2575 monasterium
773 2505 807 2574 in
836 2503 1172 2591 Czerrryenslro
1201 2504 1372 2591 pertinet,
1399 2523 1467 2572 una
1488 2523 1570 2592 ¹oum
1597 2503 1840 2592 praepositura
1866 2503 1935 2574 loci
1959 2502 2039 2573 eins

496 2624 582 2694 dem.
619 2625 682 2696 Oui
709 2625 968 2696 Gasimirns
1004 2623 1242 2693 Secundus
1280 2623 1443 2694 Polouise
1470 2645 1550 2713 rer,
1577 2629 1616 2694 nt
1643 2631 1762 2713 posset
1787 2625 1824 2694 in
1850 2644 1895 2694 ea
1921 2624 2034 2694 civitas

498 2746 624 2832 locari,
651 2745 749 2816 dedit
785 2745 1003 2835 privilequm
1031 2751 1067 2814 et
1093 2749 1312 2842 potestatem.
1335 2744 1386 2834 ,In
1415 2765 1484 2833 qua
1511 2749 1592 2814 sunt
1615 2745 1710 2814 lanei
1736 2743 1986 2832 cnretbonales,
2009 2749 2040 2813 et
2147 2838 2148 2841 Ἴ

499 2865 644 2955 quilibet
670 2865 775 2937 solvit
802 2887 865 2956 pro
893 2885 998 2935 censu
1018 2919 1024 2932 .
1045 2864 1185 2935 ..Item
1213 2864 1364 2952 quinque
1391 2864 1558 2934 tabernae
1584 2865 1754 2936 babentes
1772 2886 1886 2954 agros,
1904 2885 2039 2953 quarum
2147 2844 2148 2859 ¹

498 2991 571 3056 tres
608 2987 785 3076 pertinent
820 2985 864 3056 ad
904 2985 1064 3056 abbatem
1101 2985 1137 3056 in
1173 2984 1525 3073 Czyrwienslro,
1553 2990 1601 3055 et‘
1624 2985 1712 3055 duae
1739 2985 1785 3056 ad
1811 2986 2039 3074 praepositum

498 3107 790 3194 Kochoviensem,
818 3113 854 3176 et
881 3105 985 3176 solvit
1022 3125 1084 3193 pro
1112 3125 1217 3174 censu
1237 3158 1244 3172 .
1264 3159 1271 3172 .
1290 3157 1323 3172 ..
1352 3104 1437 3175 Item
1466 3111 1521 3175 est
1546 3105 1595 3175 ibi
1621 3105 1720 3176 curia
1745 3111 1781 3175 et
1806 3105 1987 3195 praedium
2011 3106 2041 3176 in
2147 3180 2148 3195 ,

499 3226 848 3315 Ozirwyensko,
877 3225 920 3296 de
948 3247 1015 3314 quo
1043 3229 1078 3294 et
1105 3225 1263 3294 omnibus
1291 3225 1566 3297 cmetbonalibus
1593 3227 1706 3315 agris,
1732 3225 1881 3298 solvitur
1906 3231 1945 3296 et
1971 3247 2042 3296 con·

500 3345 638 3415 ducitur
665 3344 796 3416 decima
832 3345 1055 3435 manipularis
1083 3349 1118 3414 et
1144 3345 1320 3433 canapalis
1346 3345 1512 3416 ecclesiae
1538 3347 1574 3416 in
1600 3345 1806 3417 Kochow.
1846 3345 1934 3416 Item
1966 3351 2041 3420 sunt
2147 3324 2149 3377 ³

500 3466 550 3536 ibi
588 3465 676 3536 dnae
711 3467 948 3554 hortulaniac,
975 3465 1144 3536 habentes
1170 3486 1291 3554 agros,
1323 3466 1538 3555 pertinentes
1569 3467 1614 3538 ad
1644 3468 1880 3556 praeposItum
1907 3467 1945 3538 in
1971 3467 2043 3538 IIo

500 3587 624 3657 chon
658 3592 694 3656 et
727 3587 872 3676 quilibet
908 3587 1049 3677 proprio
1073 3607 1178 3657 curru
1205 3593 1267 3657 aut
1293 3592 1412 3659 aratro
1444 3588 1581 3660 laborat
1607 3609 1712 3659 unum
1739 3588 1830 3658 diem
1856 3609 1922 3678 pro
1948 3609 2042 3679 prae·
2148 3640 2149 3665 ÷

499 3708 624 3796 posito.
653 3706 906 3778 Confinatcnm
925 3707 1135 3798 Byeliny,
1161 3705 1333 3798 Oramy,
1360 3707 2044 3799 Maczeyowicze,0blyn,War·
2148 3692 2149 3701 ἵ

498 3829 674 3916 goczin,
702 3827 918 3919 Thyrzyn
945 3835 981 3900 et
1008 3827 1384 3919 Pyotrlrowycze.

602 3946 856 4037 Koarnmozn,
883 3949 966 4018 villa
993 3948 1057 4019 sub
1076 3949 1243 4038 parocbIa
1264 3949 1430 4020 ecclesiae
1456 3948 1500 4019 de
1526 3949 1720 4020 (locborr
1747 3950 1825 4038 sita,
1852 3951 1952 4022 cuius
1970 3973 2043 4041 pro

498 4068 629 4157 pristas
665 4068 709 4138 ad
736 4069 981 4140 monasterinm
1017 4071 1052 4140 in
1092 4067 1424 4159 Gzyrwienslro
1460 4071 1621 4158 pertinet.
1666 4070 1706 4160 In
1733 4092 1803 4160 qua
1837 4079 1921 4142 sunt
1958 4073 2043 4142 lanei

498 4188 739 4278 emethonales,
766 4194 803 4258 et
830 4189 975 4278 quilibet
1002 4189 1106 4260 solvit
1134 4209 1196 4278 pro
1224 4209 1330 4260 censu
1347 4244 1355 4260 .
1463 4190 1550 4260 Item
1577 4197 1659 4262 sunt
1685 4192 1721 4261 in
1747 4213 1791 4277 ea
1816 4192 1906 4263 duae
1934 4194 2043 4264 taber-

498 4329 563 4378 nae
590 4309 759 4380 habentes
786 4330 905 4399 agros,
942 4314 977 4378 et
1002 4310 1124 4380 ambae
1146 4310 1196 4380 ad
1222 4311 1459 4400 praepositum
1495 4312 1531 4381 in
1558 4311 1754 4387 Kochow
1791 4313 1988 4402 pertinent,
2013 4319 2044 4383 et

499 4428 673 4516 quaelibet
700 4429 804 4500 solvit
830 4430 976 4500 mediam
1004 4450 1154 4504 marcam
1182 4451 1246 4519 pro
1274 4451 1388 4503 censu.
1415 4432 1502 4502 Item
1530 4439 1604 4504 tres
1622 4433 1851 4522 hortulaniae,
1877 4434 1923 4504 ad
1950 4455 2043 4524 prae·

497 4548 647 4636 positum
683 4549 957 4620 Kochoviensem
993 4551 1217 4640 pertinentes,
1251 4558 1288 4622 et
1314 4553 1489 4642 quaelibet
1525 4574 1630 4624 unum
1665 4554 1755 4625 diem
1791 4555 1826 4624 in
1856 4555 2043 4646 septimana

386 4733 390 4740 .
498 4667 643 4756 laborat,
671 4669 757 4739 nihil
785 4671 932 4741 solvens.
959 4671 1046 4741 Item
1074 4671 1308 4744 molendinum
1334 4679 1389 4743 est
1406 4675 1441 4744 in
1460 4674 1580 4745 eadem
1607 4675 1754 4746 villain
1780 4676 1970 4748 medietate
1987 4677 2043 4749 llu-

497 4789 599 4860 minis
626 4787 855 4880 Okrzeya,
882 4797 918 4862 et
945 4791 1050 4862 solvit
1076 4813 1255 4863 mensuras
1282 4814 1346 4882 pro
1364 4794 1490 4864 abbate
1517 4793 1561 4864 de
1588 4794 1933 4886 Ozyrwiensko.
1961 4797 2042 4868 Item

496 4909 677 5000 praedium
704 4932 773 4980 non
800 4917 854 4982 est
880 4911 916 4981 in
943 4911 1063 4982 eadem
1091 4913 1174 4982 villa
1201 4935 1312 5003 neque
1339 4914 1508 4986 scoltetia
1544 4916 1631 4986 Item
1658 4937 1721 5005 per
1746 4938 1867 4988 omnes
1894 4918 2042 4989 emetbo

496 5052 558 5102 nes
586 5037 622 5102 et
647 5032 890 5103 tabematores
918 5033 1064 5103 solvitur
1091 5039 1127 5104 et
1153 5034 1357 5106 conducitur
1396 5035 1529 5106 decima
1555 5038 1781 5126 manipularis
1809 5046 1845 5108 et
1872 5039 2040 5130 canapaIIs

496 5151 662 5221 ecclesiae
690 5148 928 5222 GooboVIensi.
955 5149 1114 5223 Oonfinat
1137 5173 1214 5222 cum
1241 5153 1272 5223 B
1281 5153 1355 5245 yel
1364 5175 1419 5244 yn
1428 5177 1461 5244 y,
1489 5153 1651 5246 Orany,
1678 5156 2041 5244 Maczeiowicze,

497 5268 666 5362 Oblyn,
695 5271 1001 5364 Wargoczyn,
1029 5273 1233 5364 Thyrsin
1260 5263 1684 5366 et'Pyotrlroaricze.
