4492 6592
1620 681 1945 811 'so‘

249 943 447 1037 credimus,
473 944 555 1019 dum
583 945 684 1036 bona,
712 964 802 1035 quae
828 942 1063 1035 possidemus,
1090 944 1127 1014 in
1153 905 1230 1034 pias
1256 943 1493 1035 eleemosynas
1520 920 1638 1034 egenis
1665 948 1702 1014 et
1726 943 1836 1020 indi.

201 1137 204 1142 .
250 1067 437 1158 gentibus,
464 1087 651 1158 erogamus
678 1066 764 1156 ipsis
791 1070 973 1138 eteorum
1000 1065 1225 1156 praepositis,
1251 1065 1296 1136 de
1320 1065 1441 1136 innata
1466 1062 1567 1137 nobis
1593 1065 1816 1157 benignitate,

249 1187 408 1278 singulis
440 1189 541 1262 anuis
570 1188 614 1259 'in
642 1187 765 1278 zuppis
800 1186 930 1260 nostris
956 1185 1237 1277 Bochnensibns,
1271 1192 1417 1278 propter
1451 1186 1748 1298 propinquitatem
1779 1193 1816 1260 et

117 1315 121 1321 '
247 1305 451 1381 faciliorem
478 1309 572 1382 dicto
598 1308 790 1382 Busznensi
831 1307 1042 1386 monasterio
1070 1307 1204 1380 aditum
1229 1312 1266 1378 et
1291 1327 1477 1399 accessum,
1517 1312 1667 1399 quatuor
1684 1309 1815 1381 bancos
1965 1397 1975 1414 ⁴

246 1431 382 1520 grossi,
410 1436 560 1522 quatuor
586 1450 693 1504 urnas
714 1425 865 1520 ammos,
892 1433 1042 1520 quatuor
1059 1448 1240 1501 mensuras
1257 1429 1383 1503 minuti
1409 1429 1492 1502 salis
1518 1429 1610 1520 apud
1628 1431 1814 1520 zupparios

247 1553 412 1644 nostros,
439 1553 494 1626 vel
522 1551 581 1643 qui
607 1551 730 1642 zuppis
757 1549 946 1641 praedictis
981 1550 1232 1642 praesidebunt
1266 1551 1445 1642 perpetuis
1484 1550 1701 1641 temporibus
1727 1552 1814 1624 assi·
1909 1591 1916 1603 ι

247 1691 409 1762 gnamus
435 1679 473 1746 et
498 1673 688 1761 donamus3
723 1672 792 1762 ita,
829 1670 921 1762 quod
948 1673 992 1744 ad
1020 1691 1140 1744 eorum
1177 1663 1385 1762 quittantias
1410 1676 1448 1744 et
1473 1672 1628 1762 litteras,
1654 1673 1813 1763 zupparii
1869 1678 1886 1698 ‘

248 1793 382 1883 nostri,
410 1793 465 1867 vel
490 1794 553 1866 alii
578 1793 700 1884 zuppis
726 1792 983 1884 praesidentes,
1018 1793 1104 1883 ipsis
1140 1793 1297 1884 qualibet
1330 1794 1407 1866 vioe
1433 1796 1582 1884 quatuor
1616 1797 1812 1898 temporum

231 1913 446 1988 cuiuslibet
471 1915 562 2006 anni,
589 1915 633 1988 de
659 1935 728 1988 uno
755 1915 866 1987 banco
893 1915 1017 2005 grossi,
1044 1935 1115 1988 una
1141 1935 1304 1988 mensura
1329 1914 1454 1986 minuti
1479 1919 1517 1986 et
1542 1935 1613 1985 una
1638 1935 1727 1986 urna
1751 1938 1812 1986 aa

248 2030 350 2105 ectaz
379 2035 465 2110 salis
491 2035 846 2127 praedicaterem,
880 2034 1061 2128 parimodo
1088 2035 1167 2108 aliis
1194 2037 1277 2108 anni
1303 2040 1455 2127 quatuor
1480 2035 1697 2125 temporibus
1723 2055 1812 2106 sem·
1915 2063 1920 2079 ¹

245 2175 313 2246 per
341 2155 561 2249 tenebuntur
587 2147 744 2230 reddere.
789 2155 883 2247 Quas
911 2155 1049 2248 quidem
1077 2176 1217 2228 sorores
1247 2156 1465 2256 approbante
1500 2160 1537 2226 et
1571 2155 1812 2228 authorisante

246 2273 415 2367 praefato
442 2277 582 2350 domino
608 2276 807 2350 Alberto
833 2278 995 2368 episcopo
1023 2297 1217 2367 oneramus,
1243 2282 1282 2348 et
1306 2277 1382 2349 eius
1408 2276 1640 2350 eonscientiae
1666 2275 1812 2368 imponi·
1866 2311 1870 2316 ·

246 2415 338 2486 mus,
367 2401 410 2470 ut
435 2401 622 2488 praetextu
649 2397 845 2472 donationis
862 2397 1062 2470 huiusmodi
1088 2403 1239 2488 nostrae,
1267 2397 1413 2489 singulis
1439 2395 1538 2470 feriis
1563 2397 1725 2468 secundis
1752 2417 1811 2470 cu-

245 2517 399 2591 inslibet
423 2518 524 2610 anni,
564 2539 629 2610 pro
664 2519 779 2592 anima
814 2514 966 2611 inclytae
981 2544 983 2548 ’
1001 2517 1161 2592 dominae
1196 2518 1345 2592 Hedvi
1352 2519 1427 2610 gis
1466 2518 1609 2610 reginae
1643 2517 1810 2618 Poloniae

248 2639 432 2712 consortis
467 2641 609 2724 noemae
624 2622 627 2628 ’
644 2638 844 2731 damnatae,
880 2659 922 2712 ac
956 2645 1098 2712 nostrae
1125 2645 1163 2711 et
1188 2645 1388 2735 nostrorum
1423 2659 1662 2712 successorum
1698 2638 1810 2712 saluta
1848 2657 1855 2666 ·

248 2761 462 2852 mimarum,
488 2760 593 2834 duam
620 2762 760 2834 missam
787 2759 1027 2836 defunctorum
1054 2761 1128 2834 alta
1153 2781 1238 2834 uoce
1255 2767 1293 2834 et
1309 2761 1446 2853 vigilias
1472 2780 1597 2834 uorem
1622 2760 1809 2832 lectionum

249 2882 471 2974 quibuslibet
497 2887 646 2974 quatuor
671 2883 887 2974 temporibus
922 2884 1014 2974 anni,
1040 2888 1209 2974 perpetuo
1236 2884 1308 2956 sint
1333 2883 1493 2956 adstricti
1519 2882 1721 2972 decantare,
1746 2882 1810 2953 ha-

247 3025 350 3094 rum,
388 3003 514 3095 quibus
541 3003 692 3095 sigillum
718 3004 911 3078 maiestatis
938 3010 1081 3078 nostrae
1107 3009 1163 3077 est
1187 3006 1463 3096 subappensum,
1489 3003 1688 3076 testimonio
1714 3003 1808 3075 litte-
1864 2994 1871 3004 ’

247 3117 384 3198 rarum.
410 3125 540 3199 Datum
559 3126 594 3196 in
613 3124 854 3218 Wislicza,
881 3124 970 3200 feria
987 3125 1140 3198 secunda
1157 3132 1237 3217 post
1253 3125 1380 3200 testum
1397 3123 1656 3235 Assumptionis
1673 3124 1809 3196 Mariae

226 3243 343 3318 'anno
371 3246 513 3320 Domini
544 3249 652 3320 1415.
678 3247 921 3338 praesentibus
948 3247 1140 3338 magnificis
1166 3252 1204 3320 et
1229 3248 1421 3322 nobilibus
1438 3247 1524 3318 viris
1561 3245 1809 3318 christino

250 3368 507 3459 castellano,·J
516 3369 696 3441 ohanne
722 3369 876 3460 palatino
895 3366 1130 3461 Graooriensi,
1146 3369 1292 3442 Nicolao
1310 3369 1354 3441 de
1371 3367 1618 3440 Michalow
1648 3366 1811 3458 palatino,
1868 3405 1872 3409 ·

247 3487 488 3564 Michaele
515 3489 706 3564 castellano
726 3489 1007 3579 Sandomiriensi,
1024 3489 1132 3565 Petro
1159 3488 1529 3582 Schaifranyecz
1556 3467 1808 3560 snccamerario

248 3611 476 3685 Graooviensi
502 3616 539 3683 et
563 3610 718 3702 Zbigneo
754 3611 798 3684 de
824 3611 1056 3702 Brzeszye
1090 3611 1262 3684 marsalco
1288 3611 1407 3702 regni,
1433 3615 1470 3682 et
1497 3610 1575 3682 aliis
1601 3630 1704 3703 quam
1730 3596 1808 3700 pluss
1927 3609 1935 3618 “

248 3733 350 3806 ribus
378 3731 446 3804 tide
472 3731 597 3824 dignis.
623 3731 753 3804 Datum
780 3753 844 3823 per
870 3752 993 3806 manus
1020 3732 1204 3806 reverendi
1229 3733 1267 3804 in
1284 3730 1424 3817 Christo
1451 3732 1562 3822 patris
1588 3730 1718 3802 domini
1735 3730 1808 3820 epi-

250 3855 349 3946 scopi
379 3853 627 3944 cracoviensis,
653 3853 753 3944 regni
778 3852 945 3926 Poloniae
972 3853 1189 3943 concellarii,
1215 3852 1350 3924 sincere
1375 3853 1476 3926 nobis
1502 3851 1631 3941 dilecti,
1657 3871 1721 3922 uec
1738 3871 1808 3922 non

248 3975 463 4048 uenerabilis
498 3973 628 4046 domini
664 3974 786 4047 decani
822 3972 1062 4048 creaviensis
1098 3979 1135 4046 et
1164 3973 1357 4064 praepositi
1392 3966 1651 4048 (irac‘oviae
1687 3970 1807 4044 Sancti
1904 3965 1911 3980 ’

106 4099 109 4110 ’
248 4095 418 4186 Floriani,
445 4095 598 4170 eiusdem
626 4095 726 4186 regni
752 4094 917 4170 Poloniae
945 4094 1244 4169 vice-cancellarii

357 4337 519 4429 Buszro,
545 4338 795 4425 monasterium
821 4337 857 4410 in
885 4335 1090 4412 occidentali
1111 4341 1148 4410 et
1165 4335 1429 4429 septentrionali
1455 4338 1555 4426 parte
1581 4333 1701 4426 oppidi
1727 4335 1807 4408 Bu-

251 4461 364 4532 szko
391 4459 515 4550 situm,
552 4459 685 4532 habens
711 4459 811 4532 iuxta
837 4479 874 4532 se
897 4459 1082 4532 vecclesiam
1109 4464 1283 4532 muratam
1308 4457 1457 4530 Sanctae
1483 4455 1631 4547 Mariae,
1656 4460 1694 4528 et
1719 4455 1807 4529 duas
1941 4489 1944 4494 ·
2018 4494 2022 4502 ·

251 4580 497 4671 habitationes,
522 4601 627 4653 unam
653 4601 717 4672 pro
744 4581 830 4654 viris
848 4585 885 4654 et
901 4580 1046 4654 alteram
1073 4601 1139 4672 pro
1156 4580 1361 4672 virginibus,
1387 4578 1510 4651 ambae
1527 4582 1643 4650 tamen
1670 4577 1807 4667 ligneae

252 4707 343 4790 siunt,
371 4701 433 4774 scd
459 4701 631 4776 habitatio
658 4702 830 4794 virginum
857 4723 958 4780 muro
983 4701 1199 4776 circumdata
1223 4707 1297 4792 est,
1332 4705 1370 4772 et
1396 4699 1674 4772 sanctimoniales
1709 4696 1811 4790 ipsae

252 4824 315 4896 sub
343 4823 504 4895 clausura
530 4823 699 4916 habitant,
726 4829 763 4896 et
789 4823 900 4898 omnis
927 4823 1104 4916 divagatio
1131 4824 1262 4896 osteis
1288 4822 1448 4896 inhibita
1480 4820 1707 4912 Praepositae
1733 4841 1806 4892 mo-

126 4927 133 4936 ’
250 4945 397 5018 naatmii
432 4948 528 5016 tenet
562 4944 696 5038 aliquot
729 4943 857 5019 iratres
893 4945 1026 5019 ordinis
1053 4945 1420 5037 praemonstratensis,
1448 4947 1485 5016 et
1509 4943 1616 5014 habet
1650 4940 1805 5012 cumeis

253 5086 406 5139 mansam
433 5085 656 5158 communem,
683 5067 776 5140 bona
802 5088 939 5160 qnoque
965 5068 1169 5142 monasterii
1187 5067 1224 5139 in
1241 5065 1482 5158 spiritualibus
1500 5068 1538 5136 et
1554 5062 1804 5154 temporalibus
1944 5133 1950 5145 ,

250 5186 491 5278 administrat,
528 5193 564 5260 et
590 5189 908 5263 sanctimonialibus
943 5189 987 5262 de
1013 5191 1120 5264 victu.
1136 5195 1173 5262 et
1198 5189 1326 5260 amictu
1352 5186 1570 5276 amarisque
1595 5183 1802 5256 necessariis
1870 5269 1876 5277 ι

136 5298 144 5313 ’
250 5308 419 5398 providet,
447 5309 568 5382 habito
596 5297 830 5384 moderamine
857 5311 902 5384 ad
928 5311 1131 5384 monasterii
1157 5310 1368 5382 facultatem.
1412 5305 1637 5397 Praepositus
1664 5324 1801 5397 quoque
1896 5311 1899 5315 ’
1941 5331 1949 5340 ·

251 5429 325 5520 ipse
344 5435 381 5502 et
397 5427 525 5504 iratres
552 5432 607 5504 sui
624 5445 708 5506 ‘rem
735 5433 888 5506 diuinam
914 5439 1051 5525 gerunt,
1079 5438 1115 5505 et
1142 5437 1282 5504 caetera
1308 5429 1521 5503 charismata
1547 5427 1697 5520 explent,
1724 5447 1804 5500 san—

253 5551 467 5624 ctimoniales
503 5539 609 5626 horas
645 5556 827 5630 canonicas
862 5560 1050 5629 nocturnas
1076 5559 1113 5627 et
1139 5554 1282 5626 diurnas
1308 5551 1481 5645 singulas,
1509 5550 1570 5623 sed
1598 5554 1634 5623 et
1659 5550 1801 5622 missam
1827 5547 1832 5566 ²
1975 5535 1982 5550 '

253 5694 350 5789 uuam
381 5673 526 5764 singulis
545 5675 666 5749 diebus
684 5678 865 5770 complent,
882 5678 926 5750 in
945 5677 1026 5750 aliis
1040 5676 1265 5770 temporibus,
1283 5675 1356 5748 suis
1373 5672 1616 5748 devotionibus
1634 5651 1799 5764 vacando,

350 5806 558 5886 amandatas
1464 5860 1468 5869 ·
1599 5812 1635 5860 ¹²
