4492 6592
480 749 552 822 118

471 965 544 1026 tres
570 953 693 1026 domus
719 959 754 1023 et
781 973 893 1042 areae,
921 973 1007 1042 quas
1037 951 1210 1044 quondam
1228 949 1646 1043 Nicolausplebanus
1663 951 1707 1024 de
1724 950 2023 1024 Slaboschow

473 1080 509 1146 et
535 1073 693 1146 venditor
729 1074 938 1144 decimarum
974 1074 1220 1163 episcopalium
1248 1075 1285 1144 in
1312 1074 1400 1144 clavi
1428 1074 1634 1163 Leloviensi,
1663 1073 1708 1144 ad
1734 1094 1813 1144 eum
1840 1075 1917 1144 inre
1944 1073 2025 1142 hae-

390 1207 394 1217 ·
473 1193 639 1264 redituris
676 1191 875 1282 devolutas,
902 1193 1101 1281 obtinebat,
1138 1195 1199 1282 qui
1234 1213 1311 1263 cum
1338 1195 1374 1264 in
1401 1194 1547 1264 ecclesia
1573 1195 1697 1264 suain
1724 1192 2024 1264 Slaboschow

473 1333 495 1384 a
520 1313 753 1402 praedonibus
779 1319 815 1382 et
840 1311 975 1384 furibus
1002 1320 1171 1384 nocturno
1197 1320 1354 1402 tempore
1381 1321 1524 1384 necatus
1549 1311 1689 1401 fuisset,
1716 1313 1761 1383 de
1788 1314 1885 1383 cuius
1911 1316 2024 1382 morte

473 1433 742 1522 Potoczsky
769 1433 1034 1504 insimulabatur
1061 1435 1104 1503 de
1132 1434 1239 1503 armis
1265 1432 1700 1523 Szrcnyawitarum,
1726 1431 1904 1504 lohannes
1924 1429 2025 1501 Gru-

474 1554 675 1644 sczynslr
682 1575 705 1643 y
731 1559 815 1624 tunc
841 1553 1023 1642 episcopus
1060 1553 1299 1625 Gracoriensis
1335 1573 1495 1625 asserens
1521 1553 1589 1625 sibi
1615 1552 1811 1642 praefatum
1839 1554 2025 1642 plebanum

473 1675 510 1744 in
537 1672 834 1745 Slaboschow
861 1674 896 1743 in
923 1674 1057 1773 magnis
1084 1674 1226 1744 summis
1252 1673 1442 1762 obligatum
1462 1674 1677 1762 remansisse,
1694 1679 1768 1744 tres
1786 1673 1906 1744 domos
1924 1692 2027 1761 praev

473 1793 563 1866 fatas
589 1795 625 1864 in
652 1793 906 1864 Casimiria
941 1794 994 1862 sui
1021 1794 1107 1864 ians
1135 1813 1212 1864 esse
1238 1813 1415 1883 asserens,
1442 1794 1536 1882 ipsas
1563 1793 1728 1864 ecclcsiae
1755 1793 1799 1863 de
1825 1790 2028 1882 Rupella

473 1920 641 2006 perpetuo
678 1914 837 2002 donavit3
874 1935 1018 2003 quarum
1045 1935 1116 1984 una
1142 1916 1207 1985 sub
1233 1915 1399 2002 parochia
1425 1914 1590 1984 ecclesIae
1617 1913 1650 1985 S.
1676 1913 1817 2002 Jacobi,
1844 1914 1881 1983 in
1907 1913 2028 2002 platea

475 2055 582 2124 prope
609 2041 755 2123 portam,
783 2053 851 2124 qua
876 2035 947 2104 Itur
974 2035 1009 2104 in
1036 2033 1259 2122 Skawina,
1285 2031 1378 2104 iuter
1405 2033 1544 2104 domum
1570 2033 1739 2122 Hedvigis
1757 2033 2027 2103 Przeczsla-

475 2175 609 2226 wowa
635 2175 678 2224 ex
704 2175 790 2243 una,
818 2161 855 2225 et
881 2154 973 2224 inter
1000 2175 1117 2224 aream
1144 2154 1358 2224 Andreae
1383 2154 1592 2243 carpentarii
1620 2153 1687 2224 sita
1713 2160 1769 2224 est
1794 2153 1955 2243 partibus
1983 2173 2026 2221 ex
2161 2139 2163 2144 ’

476 2274 605 2362 altera,
633 2273 676 2344 de
712 2295 780 2363 qua
814 2293 878 2363 pro
913 2293 1027 2346 annuo
1063 2295 1169 2345 censu
1194 2275 1343 2345 solvitur
1369 2273 1580 2345 monasterIo
1614 2293 1704 2344 unus
1738 2273 1899 2344 florenus.
1937 2272 2027 2342 Item
2161 2355 2163 2360 .

476 2394 626 2466 secunda
660 2395 782 2465 domus
817 2397 853 2464 in
881 2395 1000 2465 eodem
1029 2395 1155 2485 oppido
1182 2394 1437 2483 Oasimiriensi,
1465 2391 1562 2466 etin
1589 2395 1709 2464 eadem
1736 2395 1870 2483 platea,
1885 2391 1936 2463 'et
1962 2393 2028 2463 snb

475 2514 594 2586 eadem
621 2515 795 2605 parocbia,
823 2515 920 2586 iuxta
946 2515 1084 2586 domum
1111 2515 1310 2585 immediate
1336 2515 1545 2603 descriptam
1571 2515 1650 2603 sita,
1676 2515 1713 2584 in
1742 2535 1811 2604 qua
1836 2533 1927 2584 nunc
1954 2533 2029 2582 mo·
2160 2503 2163 2576 l

475 2642 574 2706 ratur
600 2632 753 2708 Mathias
780 2633 1036 2725 Gaszorelr,
1064 2655 1153 2725 quae
1188 2635 1294 2706 solvit
1320 2636 1529 2717 monasterio
1555 2655 1620 2724 pro
1648 2655 1762 2705 unnuo
1789 2655 1894 2705 censu
1921 2653 2026 2703 unam
2161 2651 2163 2724 3

475 2775 635 2826 marcam.
675 2755 794 2825 TertIa
829 2762 944 2826 autem
978 2754 1100 2826 domus
1116 2776 1121 2784 ·
1136 2774 1199 2844 per
1233 2754 1426 2844 praelatum
1462 2755 1656 2826 Iohannem
1692 2752 2028 2844 drusczynslry
2161 2725 2163 2790 ἶ

475 2876 622 2965 donata,
649 2897 719 2946 non
754 2877 788 2944 in
817 2874 1067 2946 OasImIria
1093 2877 1155 2946 sed
1182 2877 1217 2946 in
1245 2875 1390 2964 Nigra
1416 2876 1554 2964 villa,
1581 2876 1617 2945 in
1643 2874 1935 2965 Poluwszye,
1963 2875 2029 2944 sub

475 2995 638 3083 parochia
664 2995 829 3066 ecelesiae
856 2993 973 3065 Sancti
1000 2994 1166 3085 Stephani
1181 2997 1229 3066 .in
1248 2995 1476 3066 cracovia
1502 2995 1671 3084 consistit,
1690 2995 1759 3065 sita
1776 2996 1870 3065 inter
1887 2993 2028 3064 domum
2160 2995 2163 3048 i

476 3114 611 3184 Nicolai
637 3135 679 3184 ex
708 3135 776 3184 una
803 3121 838 3184 et
857 3135 981 3185 aream
1008 3114 1173 3186 Stauislai
1200 3116 1370 3186 Koszel
1398 3117 1556 3205 partibus
1582 3135 1626 3185 ex
1653 3115 1784 3204 altera,
1810 3117 1909 3184 cuius
1936 3135 2029 3183 nunc

475 3235 690 3304 inhabitator
725 3239 779 3305 est
812 3233 981 3324 Mirek,
1018 3255 1106 3323 quae
1142 3237 1247 3307 solvit
1280 3257 1345 3325 pro
1371 3255 1477 3307 censu
1503 3255 1618 3306 annuo
1643 3235 1792 3306 mediam
1818 3255 2028 3323 sexagenam

477 3352 657 3443 profesto
685 3353 801 3425 Sancti
827 3354 982 3438 Martini,
1012 3355 1222 3427 monasterio
1249 3357 1286 3426 in
1313 3356 1494 3427 Skallra.

583 3472 735 3568 Bleclry.
766 3475 854 3546 Item
881 3477 945 3547 sub
972 3475 1131 3548 terminis
1158 3477 1276 3565 oppidi
1303 3476 1581 3566 Kazimiriensis,
1607 3483 1645 3548 et
1670 3482 1771 3547 extra
1796 3476 1871 3546 eius
1898 3495 2027 3563 muros,

477 3594 575 3666 iuxta
610 3595 749 3667 fluvium
777 3595 941 3686 WIsla,
968 3603 1022 3668 est
1057 3597 1180 3667 hortus
1207 3598 1377 3687 optimus,
1404 3599 1440 3667 in
1466 3617 1535 3686 quo
1561 3598 1668 3686 panni
1694 3597 1777 3667 linei
1805 3597 2026 3686 dealbantur,

476 3716 540 3787 sub
575 3717 739 3806 parochia
773 3717 938 3788 ecclesiae
973 3717 1006 3788 S.
1032 3717 1172 3807 Jacobi,
1200 3724 1279 3807 post
1314 3718 1493 3788 ecclesiam
1521 3717 1554 3786 S.
1580 3717 1762 3788 Laurentii
1789 3717 1896 3805 sitne,
1924 3737 2026 3806 quem

477 3835 613 3924 quidem
649 3835 774 3908 Petrus
811 3837 954 3927 Niger
991 3839 1075 3910 civis
1111 3837 1366 3909 Casimirieusis
1393 3837 1614 3927 possidebat,
1640 3858 1732 3908 nunc
1757 3857 1842 3907 vero
1868 3837 2028 3926 possidet

475 3955 572 4026 illum
607 3955 733 4028 Lanlr
770 3957 875 4029 Peter
910 3959 1029 4028 consul
1057 3958 1211 4048 civisque
1237 3957 1494 4046 Cracoviensia,
1522 3957 1565 4027 de
1592 3977 1660 4047 quo
1687 3963 1756 4046 pro
1779 3976 1894 4027 arrnuo
1921 3977 2028 4026 censu

478 4077 626 4148 solvitur
653 4079 863 4150 monasterio
890 4081 926 4148 in
954 4079 1161 4168 Rupella,
1188 4079 1224 4148 In
1250 4079 1341 4150 festo
1367 4077 1400 4149 S.
1427 4075 1592 4149 Stauislai
1618 4079 1655 4147 in
1681 4077 1776 4147 Maio
1804 4097 1873 4148 nna
1898 4066 2028 4164 marca,

475 4205 512 4267 et
538 4216 601 4286 pro
629 4199 805 4286 praetorIo
833 4197 1068 4270 Oasimiriensi
1095 4199 1185 4270 duae
1211 4219 1357 4287 marcae,
1376 4205 1413 4268 ct
1431 4199 1553 4269 hortus
1571 4197 1748 4287 praelatus
1766 4203 1821 4268 est
1838 4197 2026 4286 contiguus

476 4318 579 4388 horto
606 4317 753 4407 Agnetis
781 4319 1094 4390 Borzuchowa
1120 4320 1214 4390 dicto
1242 4317 1546 4410 Pobrzeszye.

580 4437 824 4509 Puaazuszrn.
851 4439 939 4510 Item
966 4459 1064 4510 secus
1092 4433 1268 4510 Vislam
1296 4445 1332 4508 et
1357 4440 1393 4508 in
1420 4440 1521 4528 rippa
1547 4439 1621 4509 eiua
1648 4438 1713 4509 sub
1732 4438 1896 4527 parocbia
1914 4437 2025 4508 eccle·
2159 4461 2163 4466 ·

475 4557 548 4628 siae
575 4558 627 4628 de·
644 4558 845 4648 Rupella
871 4567 926 4630 est
952 4559 1082 4649 domus,
1110 4562 1203 4630 Inter
1229 4561 1367 4630 domum
1394 4559 1584 4630 Franconis
1611 4559 1795 4649 piscatoria
1822 4579 1865 4628 en
1892 4579 1963 4629 una
1989 4564 2025 4628 et

475 4677 647 4750 lobannis
673 4674 856 4768 piscatoris
883 4681 1041 4769 partibus
1067 4700 1110 4750 ex
1136 4681 1249 4751 altera
1275 4681 1357 4767 sita;
1384 4699 1487 4769 quam
1505 4699 1597 4750 nunc
1613 4680 1787 4750 inhabitat
1804 4679 2025 4767 Laurentius,

476 4819 566 4889 quae
592 4819 656 4888 pro
682 4819 796 4870 annuo
824 4819 928 4871 censu
955 4799 1060 4872 solvit
1085 4802 1295 4871 monasterio
1322 4801 1365 4871 de
1392 4801 1564 4870 Skallra
1590 4805 1667 4870 octo
1693 4811 1844 4888 grossos.
1882 4791 1891 4813 ⁸

583 4916 842 4992 Oolumbelio.
869 4921 956 4993 Item
983 4921 1028 4991 ad
1055 4921 1232 4992 ecclesiam
1252 4922 1287 4991 in
1306 4920 1480 4992 Skallra
1507 4921 1682 5009 pertinent
1700 4919 1886 4989 nonnullae
1904 4920 2026 4990 domus
2131 4957 2134 4963 =

475 5042 511 5111 iu
548 5040 676 5130 oppido
713 5039 948 5113 Gasimiriensi
983 5041 1096 5131 sitae,
1126 5043 1212 5111 Item
1248 5041 1351 5112 villae
1386 5039 1706 5130 PychowIcze‚
1741 5039 2028 5129 Kobyercyu,

476 5162 741 5252 Dambnilry,
768 5161 1054 5253 Wolwarfky,
1082 5161 1260 5251 Blonye,
1288 5160 1613 5250 Pobrzezye...

580 5280 842 5355 omassum.
869 5283 957 5354 Item
983 5283 1128 5372 singulis
1146 5281 1219 5352 fere
1246 5282 1378 5370 diebus,
1396 5288 1432 5352 et
1449 5282 1654 5370 praesertIm
1673 5281 1795 5351 diebus
1813 5279 1875 5350 Ve
1886 5302 1907 5349 n
1920 5281 2028 5369 eris,

476 5403 521 5473 ad
547 5405 792 5474 monasterinm
821 5405 853 5475 S.
881 5404 1042 5476 Stauislai
1071 5405 1105 5474 in
1133 5403 1419 5492 Rumpellam
1445 5402 1677 5491 frequentant,
1696 5409 1732 5472 et
1758 5402 1871 5471 locum
1889 5403 2023 5490 passIo-

477 5543 521 5591 ne
556 5522 753 5594 Beatissimi
788 5525 961 5613 pontificis
981 5524 1030 5606 ,S
1057 5523 1223 5595 Stauislai
1258 5523 1478 5594 nobilitatum
1517 5522 1683 5611 singulari
1710 5523 1894 5593 devotione
1923 5541 2025 5592 vene-

477 5647 617 5729 rantur,
644 5649 680 5712 et
706 5643 899 5714 oblationes
935 5665 1017 5714 suas
1053 5649 1156 5733 atque
1193 5650 1276 5712 vote
1302 5643 1401 5711 iuxta
1435 5661 1532 5712 suam
1569 5642 1713 5730 ansque
1747 5641 1949 5711 facultatem
1975 5641 2025 5712 ibi
