4492 6592
507 739 581 812 346

505 945 623 1016 decem
649 935 783 1014 marcas
810 941 1022 1012 aestimatur.
1049 937 1138 1010 Item
1159 938 1297 1010 ratione
1323 960 1441 1032 oaoyep
1468 957 1572 1008 unam
1599 937 1747 1030 siliginis
1766 942 1802 1007 et
1819 941 1911 1008 duas
1928 957 2045 1009 avenae

506 1084 687 1136 mensuras
723 1059 912 1150 confertae,
948 1066 985 1130 et
1012 1064 1162 1149 quatuor
1195 1075 1338 1150 grossos
1373 1059 1595 1129 monasterio.
1639 1058 1727 1129 Item
1762 1058 1799 1128 in
1824 1055 1924 1146 agris
1954 1057 2046 1131 villae
2080 1135 2084 1144 ,

507 1182 684 1276 praefatae
712 1161 888 1253 invenitur
915 1195 1037 1252 aurum
1064 1179 1246 1270 optimum,
1281 1178 1490 1251 naturaliter
1516 1177 1559 1250 de
1585 1184 1682 1250 terra
1707 1198 1904 1268 erumpens.
1947 1176 2047 1260 Gonti-

505 1311 568 1376 nat
579 1357 701 1376 ......
1579 1310 1583 1315 ’

610 1423 848 1511 szaivvncz,
888 1421 972 1492 villa
1006 1419 1070 1490 sub
1098 1420 1265 1510 parocbia
1290 1419 1456 1490 eeclesiae
1483 1419 1527 1490 de
1560 1418 1800 1490 Lanczsko
1836 1418 1926 1506 sita,
1964 1419 2048 1492 cun
2131 1472 2132 1479 κ

505 1545 703 1636 proprietas
730 1547 767 1614 et
792 1541 979 1616 dominium
1007 1539 1054 1612 ad
1076 1539 1356 1630 sanctimoniales
1382 1540 1545 1630 pertinet.
1572 1539 1612 1610 In
1631 1559 1699 1628 qpa
1717 1546 1799 1610 sunt
1817 1544 1953 1628 septem
1969 1539 2048 1610 lanei

506 1663 752 1754 emethonales,
778 1669 814 1734 et
841 1660 989 1751 quilibet
1016 1660 1120 1732 solvit
1147 1680 1342 1750 perunum
1369 1651 1559 1748 fertonem,
1586 1661 1669 1730 item
1697 1681 1803 1731 unum
1831 1658 1983 1749 gallum,
2006 1660 2045 1732 vi-

505 1783 595 1876 ginti
622 1803 698 1873 ova,
726 1781 812 1854 duos
839 1801 971 1869 caseos;
996 1780 1079 1851 item
1106 1785 1271 1852 tenentur
1297 1779 1342 1850 ad
1365 1776 1527 1873 powcibos
1554 1778 1651 1868 duas,
1676 1799 1742 1868 pro
1769 1799 1853 1851 vere
1876 1783 1915 1850 et
1931 1778 2050 1867 hyeme

435 1931 438 1938 ·
507 1903 595 1976 Item
621 1904 786 1990 taberna,
823 1902 906 1972 item
933 1899 1128 1989 hortulani,
1168 1900 1253 1970 item
1280 1899 1479 1989 praedium3
1520 1901 1604 1970 item
1631 1905 1780 1972 nonest
1806 1900 1859 1971 ibi
1887 1899 2048 1971 scoltetns.

507 2023 594 2094 Item
621 2029 701 2113 post
728 2031 847 2093 omnes
874 2041 977 2112 agros
1004 2020 1237 2092 emethonales
1269 2019 1417 2092 solvitur
1443 2027 1479 2091 et
1506 2019 1684 2113 inducitur
1709 2021 1845 2092 decima
1872 2020 2049 2111 manipula-

508 2144 557 2215 ris
585 2165 648 2234 pro
677 2141 993 2215 sanctimonialibus
1021 2141 1064 2212 de
1091 2139 1299 2232 Antiqua
1324 2141 1549 2230 Sandecz‚
1585 2142 1681 2213 cuius
1717 2141 1814 2212 valor
1857 2141 2049 2214 aestimatur

509 2264 553 2336 ad
581 2268 715 2354 septem
740 2283 883 2334 marcas.
923 2262 1010 2334 Item
1038 2262 1176 2334 ratione
1202 2283 1340 2358 oeezyep
1367 2267 1507 2334 tenetur
1546 2262 1693 2352 quilibet
1719 2283 1821 2334 unam
1852 2262 2049 2352 siliginiset
2125 2243 2132 2261 ⁸

509 2384 596 2456 duas
622 2404 753 2456 avenae
780 2404 959 2456 mensuras
987 2382 1180 2474 confertas,
1206 2387 1243 2454 et
1269 2387 1418 2474 quatuor
1444 2404 1603 2474 grossos,
1630 2384 1797 2458 coenobio
1824 2382 2050 2457 Sandeczem'i

508 2503 669 2596 Confluat
687 2558 801 2575 .....
1476 2591 1485 2606 ⁶

575 2675 579 2683 ,
613 2624 816 2716 anzsczs,
843 2624 926 2695 villa
952 2623 1016 2696 sub
1035 2625 1201 2716 parocbia
1228 2624 1396 2696 ecclesiae
1421 2625 1465 2696 de
1492 2623 1732 2697 Lanczsko
1761 2625 1841 2715 sita,
1869 2625 1966 2698 onius
1981 2646 2047 2718 pro

510 2738 641 2837 pristas
668 2745 713 2817 ad
740 2745 988 2818 monasterium
1015 2745 1251 2836 Antiquae
1278 2744 1483 2817 Sandecz
1523 2747 1686 2835 pertinet
1729 2747 1771 2818 In
1797 2768 1870 2838 qua
1897 2751 1975 2818 snut
1997 2768 2048 2819 sei

412 2925 414 2932 .
509 2866 600 2938 lanei
627 2865 869 2955 cmetbonales‚
896 2871 932 2952 et
959 2865 1104 2956 quilibet
1131 2867 1236 2938 solvit
1262 2887 1326 2956 pro
1344 2885 1451 2938 censu
1477 2887 1583 2938 unum
1609 2866 1791 2958 fertonem,
1817 2877 1856 2941 et
1874 2873 1955 2940 sunt
1971 2868 2048 2940 lanei
2075 2874 2080 2882 '

508 2987 598 3078 largi
624 2992 660 3058 et
686 2987 757 3078 lati,
784 3006 862 3058 cnm
880 2985 1111 3059 cohaerentiis
1139 2987 1220 3058 suis.
1247 2986 1336 3058 Item
1363 2987 1509 3078 quilibet
1537 2986 1641 3058 solvit
1667 3009 1773 3060 uuum
1786 2988 1950 3079 gallum,
1974 2987 2047 3061 duos

510 3127 649 3204 caseos,
676 3107 802 3196 viginti
828 3127 902 3178 ova.
947 3105 1034 3178 Item
1061 3105 1225 3180 laborant
1251 3105 1338 3178 duas
1358 3105 1542 3209 powoboa,
1577 3128 1642 3198 pro
1669 3129 1903 3199 versunam,
1937 3116 1972 3182 et
1995 3131 2048 3198 pro

511 3231 646 3300 aestate
673 3227 829 3298 alteram.
874 3225 961 3298 Item
988 3227 1156 3331 tabernae
1182 3249 1251 3299 non
1279 3233 1378 3318 sunt,
1404 3227 1488 3298 item
1516 3228 1736 3323 bortiilaniae
1763 3251 1832 3302 non
1862 3235 1952 3321 sunt,
1977 3232 2047 3302 Item

511 3345 692 3436 praedium
719 3351 887 3436 nonest,
927 3347 1011 3419 item
1039 3347 1198 3420 scoltetia
1224 3369 1294 3420 nou
1321 3353 1384 3419 est.
1428 3347 1516 3420 Item
1544 3369 1662 3421 omnes
1689 3351 1766 3440 egri
1793 3350 1899 3422 villae
1926 3350 2049 3422 solvunt

511 3471 548 3536 et
573 3465 768 3538 conducunt
794 3465 1239 3568 deeimammanipnlarem
1266 3473 1301 3538 et
1328 3468 1527 3571 canapalem
1568 3489 1633 3558 pro
1660 3471 1891 3544 universitate
1919 3472 2047 3543 vicario

512 3591 588 3656 mim
616 3584 911 3678 Sandeczensinm‚
938 3608 1041 3679 quam
1068 3587 1120 3658 illi
1147 3587 1191 3659 de
1218 3608 1337 3661 mensa
1363 3609 1427 3660 sua
1453 3609 1530 3661 cum
1549 3610 1718 3662 consensu
1746 3593 1931 3683 capitulari
1956 3592 2046 3663 dona-

512 3705 564 3776 vit
590 3702 784 3778 Thomas
810 3707 992 3799 episcopus
1019 3705 1269 3800 cracoviensis,
1295 3713 1332 3781 et
1357 3710 1456 3782 valor
1484 3711 1689 3784 aestimatur
1715 3712 1791 3784 eius
1817 3713 1864 3785 ad
1891 3733 1951 3786 sex
1971 3732 2046 3782 mar-

513 3845 581 3896 cas.
608 3823 767 3896 Gonfinat
785 3879 898 3897 .....
1573 3849 1576 3853 ’

616 3943 875 4037 Zisnzsszrs,
910 3947 993 4019 villa
1019 3949 1084 4020 snb
1111 3949 1277 4040 parocbia
1303 3948 1470 4022 ecclesiae
1496 3950 1540 4022 de
1565 3951 1809 4026 Lanczslro
1846 3955 1933 4044 sita,
1965 3953 2045 4024 euius

513 4066 709 4156 proprietas
736 4065 780 4136 ad
807 4067 1087 4140 sanctimoniales
1114 4068 1367 4164 Sandeczenses
1393 4071 1556 4160 pertiuet.
1601 4072 1640 4143 In
1668 4079 1846 4163 quaeunt
1874 4082 1946 4147 tres
1970 4074 2046 4145 lanei

513 4185 757 4275 emethonales‚
785 4191 820 4256 et
847 4183 952 4258 solvit
979 4187 1125 4278 quilibet
1151 4210 1215 4280 pro
1235 4211 1339 4262 censu
1358 4212 1464 4262 unum
1490 4190 1670 4284 fertonem,
1698 4194 1781 4266 item
1800 4217 1909 4268 unum
1925 4195 2045 4287 gallum,

513 4306 636 4396 viginti
663 4327 739 4395 ova,
766 4305 852 4378 duos
880 4327 1008 4378 caseos.
1036 4306 1123 4380 Item
1150 4310 1318 4382 tabernae
1337 4333 1405 4384 non
1424 4317 1515 4402 sunt,
1543 4315 1625 4385 item
1644 4314 1866 4389 hortulaniae
1886 4339 1952 4389 non
1970 4321 2044 4387 sunt

513 4425 600 4496 Item
628 4425 788 4497 scoltetia
815 4429 886 4516 est,
923 4446 1011 4516 qnae
1038 4425 1145 4498 babet
1170 4451 1275 4501 unum
1303 4429 1439 4502 laneum
1466 4431 1633 4525 liberum,
1660 4442 1696 4507 et
1722 4442 1857 4510 sextum
1886 4437 2043 4510 denarium

514 4544 558 4616 de
585 4566 698 4618 censu.
713 4527 723 4542 ”
739 4544 826 4617 Item
854 4567 973 4619 omnes
1000 4547 1076 4638 agri
1102 4547 1206 4620 villae
1232 4551 1450 4624 emethonum
1477 4559 1514 4624 et
1541 4555 1728 4646 scoltetiae‚
1755 4558 1896 4632 solvunt
1921 4563 1954 4630 et
1978 4575 2043 4627 con·

514 4665 645 4737 ducunt
662 4666 829 4737 decimam
848 4667 1097 4757 manIpularem
1116 4674 1152 4739 et
1170 4671 1369 4760 canapalem
1388 4693 1452 4762 pro
1470 4675 1616 4747 ecclesia
1634 4683 1670 4750 et
1687 4679 1834 4768 plebano
1853 4680 1898 4762 in.
1914 4679 2043 4750 Lanci-

515 4786 616 4878 sko,
643 4792 679 4858 et
705 4786 803 4858 valor
831 4787 905 4858 eins
932 4787 1138 4860 aestimatur
1164 4789 1209 4860 ad
1236 4797 1384 4890 quatuor
1411 4814 1555 4884 marcas.
1583 4795 1743 4872 Continet
1769 4821 1847 4872 cum
1868 4851 1979 4870 .....

618 4906 793 4997 Bonzovv,
831 4907 913 4979 villa
939 4909 1003 4980 sub
1021 4910 1196 5000 ‚parochia
1221 4909 1266 4981 de
1285 4898 1530 4988 'Lanczsko
1558 4919 1643 5008 sita,
1671 4919 1768 5008 cuins
1795 4922 1985 5011 proprietas
2007 4913 2042 4985 ad

514 5027 793 5101 sanctimoniales
821 5027 1075 5102 Sandeczenses
1102 5031 1264 5122 pertinet.
1300 5030 1340 5102 In
1368 5053 1435 5124 qua
1462 5043 1543 5109 sunt
1569 5047 1720 5130 quatuor
1745 5041 1838 5114 lanei
1864 5040 2040 5116 emethona-

513 5151 583 5240 les,
610 5170 654 5222 ex
682 5149 805 5241 quibus
833 5171 956 5224 census
983 5150 1236 5224 diversificatur
1272 5173 1335 5242 pro
1363 5155 1559 5244 quantitate
1593 5181 1774 5252 agrorum;
1814 5163 1897 5234 item
1923 5159 2040 5234 solvunt

515 5293 620 5343 unum
646 5271 785 5364 gallum,
813 5270 899 5345 duos
926 5293 1056 5364 caseos,
1084 5273 1209 5364 viginti
1236 5294 1310 5346 ova.
1349 5273 1438 5345 Item
1465 5277 1631 5350 tabernae
1657 5302 1727 5352 non
1754 5289 1845 5372 sunt,
1872 5283 1952 5355 item
1974 5279 2040 5350 bor-

515 5392 666 5464 tulaniae
693 5414 762 5464 non
789 5399 881 5484 sunt3
908 5395 990 5466 item
1017 5394 1101 5466 villa
1125 5391 1285 5486 praelata
1309 5393 1386 5466 iure
1408 5395 1594 5470 scoltetiali
1620 5402 1773 5492 pertinet
1799 5403 1844 5475 ad
1869 5398 2040 5476 scoltetian

516 5512 552 5582 in
578 5511 839 5585 Zabrzesze
875 5519 911 5586 et
945 5515 1052 5588 babet
1089 5515 1255 5589 scultetus
1291 5515 1334 5587 de
1360 5515 1552 5592 Zabrzesze
1588 5541 1631 5592 ex
1657 5543 1763 5594 censu
1799 5523 1892 5612 eins,
1925 5525 2039 5593 sextum

518 5629 706 5702 denarium.
758 5633 845 5705 Item
886 5635 961 5726 egri
994 5635 1097 5708 villae
1142 5636 1280 5709 solvunt
1311 5641 1347 5706 et
1379 5637 1574 5712 conducunt
1612 5641 1779 5714 decimam
1815 5640 2038 5735 manipularem
