4492 6592
1671 766 1745 835 429

175 963 358 1035 laborant
389 966 477 1036 Item
495 987 612 1060 oasyep
630 965 726 1055 dant,
752 966 839 1037 duas
857 987 1037 1040 mensuras
1064 986 1195 1038 avenae
1222 971 1258 1037 et
1275 986 1379 1041 uuam
1398 968 1547 1058 siliginis
1565 988 1746 1041 mensurae

177 1084 352 1174 aequalis.
396 1085 482 1157 Item
509 1068 656 1157 taberna
682 1107 751 1157 una
776 1087 909 1159 babens
936 1109 1060 1178 agros;
1095 1093 1131 1159 et
1158 1087 1263 1159 solvit
1289 1108 1353 1178 pro
1380 1108 1486 1160 censu
1513 1094 1586 1161 tres
1613 1110 1748 1161 marcas

177 1226 238 1275 sex
277 1212 430 1278 scottos.
470 1207 558 1278 Item
585 1208 789 1279 hortulanis·
820 1229 890 1281 una
914 1210 1047 1281 babens
1073 1215 1194 1299 agros,
1231 1214 1267 1280 et
1293 1210 1398 1281 solvit
1434 1230 1540 1281 unum
1567 1209 1748 1283 fertonem.

177 1326 266 1399 Item
296 1329 486 1417 praedium
514 1329 564 1400 ibi
590 1329 789 1401 coenobiale
815 1330 949 1401 babens
976 1337 1125 1421 quatuor
1151 1331 1289 1420 laneos,
1316 1329 1496 1402 redactum
1522 1337 1577 1403 est
1595 1332 1631 1403 in
1658 1351 1749 1405 cme-

176 1448 329 1536 tbones,
359 1455 400 1519 et
416 1451 666 1521 monasterium
684 1450 778 1522 tollit
805 1450 850 1521 de
866 1452 936 1522 illis
962 1472 1026 1541 pro
1046 1472 1083 1522 se
1102 1451 1279 1555 deotmam.
1320 1452 1408 1523 lt'em
1435 1450 1668 1523 molendinum
1696 1456 1750 1523 est
1805 1478 1812 1493 ’

179 1568 247 1657 ibi,
275 1570 380 1659 quod
398 1570 528 1641 dicitur
553 1572 743 1662 Barlog,
770 1578 808 1643 et
825 1572 929 1643 solvit
951 1573 1039 1643 duas
1056 1593 1190 1643 marcas
1209 1594 1272 1663 pro
1291 1593 1415 1662 ceusu,
1443 1572 1534 1663 quod
1554 1592 1619 1664 per
1636 1578 1749 1645 sortes

179 1688 356 1760 Petrus
386 1692 513 1781 abbas,
548 1712 619 1765 una
645 1714 723 1764 cum
750 1698 844 1781 sorta
880 1693 1313 1784 MonyaczkowIcze
1339 1714 1404 1785 pro
1430 1694 1597 1765 trecentis
1624 1700 1743 1795 octua-

178 1812 280 1900 gInta
298 1814 433 1883 marcis
452 1816 677 1904 compararit.
709 1814 796 1886 Item
815 1821 897 1905 post
914 1837 1033 1886 omnes
1051 1836 1155 1905 agros
1174 1816 1322 1887 solvitur
1340 1822 1375 1887 et
1394 1816 1598 1888 conducitur
1615 1816 1749 1887 decima

180 1933 418 2021 manipularis
445 1940 482 2005 et
500 1936 675 2026 canapalis
701 1955 766 2026 pro
793 1938 1003 2030 monasterio
1030 1936 1074 2007 de
1101 1936 1287 2026 Mogila,
1313 1942 1350 2007 et
1377 1936 1475 2007 valor
1507 1936 1552 2007 ad
1579 1937 1747 2027 quiuqua-
1801 2018 1805 2031 ‚
1910 1972 1913 1977 ·

183 2052 281 2141 ginta
299 2073 452 2125 marcas,
492 2054 652 2127 Confluat
670 2078 746 2128 cum
773 2055 1042 2146 Prandoczin,
1068 2055 1385 2148 Obranowycze,
1412 2063 1448 2146 et
1466 2056 1748 2147 Zyelyenicze.

182 2174 279 2245 Ilaec
306 2176 398 2247 villa
424 2198 489 2266 pro
507 2179 718 2249 monasterio
744 2177 930 2267 Mogilensi
957 2185 1074 2268 empta
1099 2184 1154 2249 est
1180 2198 1243 2267 per
1269 2178 1388 2267 plures
1414 2183 1529 2250 sortes
1555 2198 1619 2268 per
1645 2176 1749 2249 Nico-

183 2295 275 2366 laum
305 2298 494 2390 abbatem,
520 2320 585 2389 pro
611 2301 779 2371 trecentis
805 2301 1007 2389 octuaginta
1032 2300 1167 2373 marcis.
1918 2391 1925 2403 ·

287 2417 633 2510 Sznzrsunwrczm
661 2421 744 2492 villa
762 2423 827 2493 snb
845 2422 1011 2512 parocbia
1037 2422 1081 2492 de
1108 2421 1516 2493 Racziborowicze
1543 2420 1621 2506 sita,
1648 2421 1745 2491 cuins
1881 2507 1888 2525 Ι

186 2536 391 2629 proprietas
409 2542 453 2612 ad
471 2540 718 2613 monasterium
739 2545 775 2614 in
798 2543 972 2640 Mogila
989 2544 1153 2632 pertinet.
1194 2543 1234 2613 In
1254 2563 1322 2632 qua
1340 2562 1409 2613 non
1427 2546 1508 2613 sunt
1526 2541 1633 2631 aliqui
1652 2541 1745 2611 lanei

188 2662 446 2753 cmetbonales,
463 2663 525 2734 sed
544 2670 683 2735 tantum
701 2665 821 2736 decem
838 2665 1075 2753 hortulaniae,
1099 2664 1275 2754 quaelibet
1294 2664 1398 2735 solvit
1415 2684 1479 2753 pro
1497 2682 1602 2733 censu
1621 2682 1744 2733 novem

188 2788 340 2873 scottos
356 2771 454 2855 'item
481 2806 549 2857 ova
574 2786 714 2859 solvunt
740 2787 940 2875 sexaginta3
967 2787 1051 2857 item
1077 2786 1188 2874 gallos
1224 2806 1294 2857 non
1321 2785 1478 2874 solvunt,
1514 2784 1598 2854 item
1625 2804 1744 2855 caseos

188 2926 270 2991 non;
298 2906 387 2976 item
406 2905 566 2978 laborant
593 2912 744 2997 quatuor
770 2908 946 2977 hortulani
974 2908 1010 2977 in
1028 2912 1156 2996 quarta
1182 2906 1374 2999 septimana
1401 2926 1505 2976 unum
1533 2904 1639 2993 diem,
1667 2924 1748 2994 pro-

189 3026 264 3113 prio
289 3046 403 3098 curru
429 3001 490 3097 aut
516 3034 649 3117 aratro,
684 3029 745 3099 alii
772 3029 919 3118 singulis
945 3028 1068 3099 diebus
1094 3048 1197 3099 unam
1225 3027 1316 3097 diem
1343 3020 1533 3117 pedestres,
1574 3026 1661 3095 Item
1683 3047 1750 3119 po-

189 3145 323 3217 rtabam
361 3170 431 3220 non
465 3150 635 3221 laborant.
675 3150 761 3221 Item
797 3172 935 3244 osszyep
970 3150 1128 3239 solvunt,
1164 3168 1267 3220 unam
1303 3154 1498 3219 mensuram
1537 3147 1685 3237 siliginis
1713 3152 1749 3217 et

192 3268 337 3339 alteram
357 3274 506 3342 'avenae
549 3271 636 3341 Item
665 3272 813 3342 taberna
839 3293 907 3341 una
933 3272 1065 3343 babens
1091 3290 1211 3360 agros,
1237 3274 1273 3341 et
1299 3269 1404 3341 solvit
1431 3289 1494 3359 pro
1521 3288 1626 3339 censu
1651 3268 1751 3357 quin-

126 3387 129 3393 ’
192 3408 257 3477 one
283 3411 433 3461 marcas.
472 3392 560 3463 Item
583 3392 802 3473 hortulaniae
830 3414 899 3463 non
926 3398 1008 3463 sunt
1034 3392 1143 3481 aliae,
1170 3396 1311 3480 praeter
1338 3412 1404 3475 serp
1417 3390 1634 3461 hortulanias
1652 3389 1750 3479 prius

195 3508 398 3600 descriptas,
437 3512 524 3582 Item
552 3513 918 3583 molendinum-unum
945 3514 979 3583 in
1007 3488 1146 3583 flumine
1173 3506 1404 3601 D'lubnya,
1437 3510 1528 3600 quod
1555 3510 1660 3581 solvit
1686 3530 1749 3598 pro
1813 3558 1820 3569 ,

196 3650 296 3701 censu
315 3640 451 3723 septem
470 3655 622 3723 marcas,
649 3634 836 3725 aliquando
849 3633 1031 3707 duodecim
1049 3654 1193 3703 marcas.
1234 3632 1319 3701 Item
1339 3632 1518 3721 praedium
1538 3630 1749 3717 coenobiale,
1770 3642 1773 3658 ·

196 3750 236 3820 de
262 3755 361 3825 onius
390 3756 484 3844 agris
511 3757 660 3827 solvitur
687 3755 851 3825 ecclesiae
882 3755 918 3824 in
945 3754 1375 3840 Racziborowicze3
1412 3752 1496 3822 item
1524 3755 1603 3841 post
1629 3770 1750 3849 omnes

198 3893 295 3962 agros
323 3876 474 3947 solvitur
508 3883 544 3949 et
568 3878 772 3950 conducitur
808 3875 941 3946 decima
967 3874 1193 3965 manipularis
1230 3880 1266 3945 et
1292 3873 1487 3962 campalis
1514 3893 1581 3961 pro
1605 3872 1758 3942 ecclesia·

201 3994 235 4063 in
269 3995 702 4088 Racziborowicze,
748 4006 785 4070 et
821 3999 920 4069 valor
955 3998 1029 4067 eins
1064 3980 1270 4066 aestimatur
1303 3994 1346 4067 ad
1367 3975 1443 4065 *sex
1479 4012 1622 4063 marcas.
1664 3991 1753 4063 Con-

199 4114 377 4189 finatcum
396 4121 488 4192 villis
507 4102 935 4208 Racziborowicze‚
956 4118 1310 4189 Ilistrzowicze.
1337 4116 1432 4186 Haeo
1452 4114 1535 4186 villa
1553 4113 1752 4203 perplures

201 4243 313 4323 partes
340 4247 378 4311 et
405 4248 518 4313 sortes
547 4248 665 4333 empta
699 4248 754 4313 est
796 4263 860 4332 pro
891 4224 1103 4311 monasterio
1131 4240 1167 4309 in
1194 4237 1385 4327 Mogila,
1423 4256 1485 4326 per
1512 4234 1751 4307 Nicolaum

159 4382 164 4388 ·
199 4359 372 4444 prImum
399 4364 560 4435 abbatem
586 4364 824 4454 Mogilensem.
857 4406 861 4421 ι
894 4395 899 4405 ·
957 4391 966 4399 ·

695 4627 737 4705 ln
770 4611 963 4707 districtu
996 4626 1248 4705 latoriensl.

300 4847 472 4933 Rrozow,
499 4850 583 4920 villa
609 4851 841 4939 parochialem
868 4850 1048 4921 ecclesiam
1076 4848 1224 4919 Sanctae
1248 4845 1350 4918 Cruci
1378 4846 1527 4917 dicatam
1555 4844 1688 4916 babens
1716 4844 1752 4914 In
1888 4872 1890 4877 ·

208 4984 256 5054 se,
278 4972 373 5041 cuius
391 4973 590 5061 proprIetas
607 4974 652 5043 ad
665 4948 914 5043 monasterium
932 4973 1099 5044 Clarae
1129 4970 1325 5041 Tumbae
1343 4968 1506 5058 pertinet.
1534 4968 1573 5037 In
1589 4987 1654 5055 qua
1674 4970 1756 5035 sunt
1776 4961 1780 4967 ’

207 5084 291 5159 lanei
316 5094 565 5184 cmetbonaleS,
592 5102 629 5165 et
648 5096 793 5184 quilibet
818 5095 939 5183 solvit,
966 5095 1030 5165 sed
1057 5117 1125 5165 non
1154 5093 1364 5183 aequaliter,
1401 5088 1588 5161 secundum
1616 5087 1753 5176 quanti-

209 5210 306 5282 tatem
316 5232 501 5303 agrorum,
529 5222 565 5286 et
582 5218 791 5306 proveniunt
808 5218 844 5286 in
863 5236 995 5286 summa
1014 5216 1195 5285 duodecIm
1214 5234 1351 5285 marcae
1369 5212 1520 5282 latorum
1538 5228 1754 5298 grossorum

209 5328 283 5402 item
309 5358 388 5425 ova,
415 5339 498 5408 item
516 5339 637 5427 gallos,
663 5339 745 5408 item
765 5358 904 5424 caseos3
919 5338 1015 5441 ‘item
1037 5336 1200 5406 laborant
1228 5331 1337 5429 morpi
1363 5334 1436 5404 sive
1463 5330 1643 5424 anaspum
1670 5330 1758 5399 item
1827 5350 1831 5362 ’

206 5454 395 5546 ammaon,
423 5461 506 5529 item
533 5482 670 5554 escapep
707 5480 775 5529 non
803 5459 961 5545 solvunt3
999 5459 1084 5527 item
1110 5458 1298 5543 tabernae,
1331 5456 1413 5524 item
1441 5452 1636 5540 hortulani,
1664 5452 1754 5521 ‘item

211 5578 380 5659 praedium
406 5587 462 5651 est
488 5581 703 5668 coenobiale,
729 5580 773 5650 de
792 5581 891 5650 cuius
918 5580 1012 5669 angs
1041 5578 1288 5648 monasterium
1317 5596 1383 5667 pro
1403 5596 1440 5645 se
1459 5574 1552 5644 tollit
1578 5572 1753 5661 decimum,
1809 5585 1812 5593 '
1843 5660 1846 5665 Ι

212 5692 284 5773 item
309 5703 550 5802 molendinum.
590 5703 678 5773 Item
715 5702 758 5772 de
785 5702 944 5773 omnibus
980 5702 1075 5790 agris
1103 5700 1207 5769 villae
1244 5698 1393 5769 solvitur
1419 5694 1612 5787 pecunialis
1640 5748 1754 5783 ...,.
