4492 6592
491 764 565 839 322

490 971 534 1040 ab
562 967 707 1040 ecclesia
734 964 924 1054 parochiali
951 964 987 1034 in
1016 963 1329 1053 Zarnowyeez
1355 962 1570 1050 abstractas,
1610 970 1647 1033 et
1673 962 1883 1034 monasterio
1909 960 1944 1032 S.
1975 959 2054 1031 An-

491 1090 595 1160 dreae
623 1087 739 1158 unitas
766 1091 803 1155 et
830 1080 1085 1174 incorporatus,
1112 1083 1256 1154 interius
1282 1103 1360 1154 cum
1386 1103 1513 1162 esrum
1532 1082 1601 1154 situ
1614 1063 1665 1154 ¹et
1690 1083 1889 1154 conditione
1914 1082 2055 1152 desani·

489 1211 615 1298 bimus,
644 1214 680 1278 et
705 1206 857 1297 propriis
884 1205 1062 1278 uocabulis
1089 1204 1314 1276 nominamus.

597 1325 712 1402 Leuat
741 1327 828 1398 alias
855 1323 929 1396 isari
956 1326 1053 1400 iusta
1089 1325 1397 1416 Zarnouyeoz
1424 1325 1502 1412 siti,
1529 1330 1566 1394 et
1591 1324 1656 1394 suh
1682 1324 1848 1414 parochia
1873 1322 1919 1394 de
1943 1321 2057 1393 Zar-

490 1471 647 1541 nowye
661 1471 707 1520 cz
743 1447 942 1536 constituti,
970 1468 1116 1537 quorum
1153 1445 1349 1536 proprietas
1381 1445 1425 1516 ad
1452 1445 1708 1534 serenhsimum
1735 1443 1903 1516 Poloniae
1929 1463 2057 1533 regem

490 1571 653 1660 pertinet,
680 1573 717 1639 et
743 1573 826 1640 sunt
852 1567 943 1638 lanei
962 1619 970 1636 .
989 1621 996 1636 .
1016 1620 1024 1636 .
1042 1567 1078 1638 in
1106 1585 1249 1638 numero
1276 1572 1313 1636 et
1339 1564 1507 1636 medietas
1524 1565 1720 1636 huiusmodi
1738 1565 1919 1635 laneorum
1938 1565 2056 1635 mador

491 1698 530 1762 et
555 1689 677 1760 melior
705 1687 809 1760 solvit
835 1693 871 1758 et
898 1684 1059 1758 conducit
1086 1685 1255 1757 decimam
1282 1685 1531 1775 manipularem
1557 1692 1594 1756 et
1619 1685 1819 1774 canapalem
1845 1705 1913 1774 pro
1932 1704 2058 1754 mona·
2105 1781 2108 1785 V
2135 1699 2139 1704 ’

474 1810 600 1882 ‘sterio
628 1809 746 1880 Sancti
773 1807 945 1895 Andreae,
974 1812 1009 1878 et
1036 1806 1135 1877 valor
1162 1807 1236 1878 eius
1263 1807 1470 1878 aestimatur
1496 1805 1541 1876 ad
1567 1787 1733 1876 tredecim
1760 1825 1907 1893 marcas,
1938 1805 2060 1874 altera
2107 1792 2111 1803 ’

492 1951 575 2002 vero
603 1928 772 2002 medietas
799 1928 903 2000 solvit
930 1947 1004 1998 eam
1032 1947 1096 2017 pro
1124 1926 1270 1998 ecclesia
1296 1927 1486 2016 parochiali
1513 1927 1559 1997 in
1575 1926 1890 2016 Zarnowyecz.

598 2050 665 2122 Est
699 2055 815 2122 autem
852 2047 887 2120 in
915 2047 1101 2138 praedictis
1137 2047 1247 2120 laneis
1282 2047 1429 2120 ecclesIa
1454 2048 1581 2120 Sancto
1608 2046 1801 2120 Adalherto
1827 2047 1967 2137 diram,
1997 2047 2059 2116 uhi

495 2173 576 2244 olim
604 2171 670 2243 fuit
697 2170 876 2261 antiquum
904 2169 1067 2260 oppidum
1094 2167 1425 2260 Zarnowyecz,
1452 2190 1541 2260 quae
1576 2173 1630 2241 est
1654 2169 1784 2240 matrix
1810 2168 1915 2240 huius
1941 2168 2059 2240 eccla-

495 2295 567 2366 siae
595 2290 823 2383 parochialis,
854 2311 942 2380 quae
979 2295 1033 2362 est
1059 2290 1095 2360 iu
1123 2289 1270 2380 oppido,
1296 2296 1333 2361 et
1359 2297 1543 2380 utramque
1569 2311 1659 2362 nnus
1686 2289 1854 2380 plebanus
1880 2290 1996 2380 regit,
2023 2293 2058 2359 et

497 2413 642 2504 singulis
669 2411 791 2484 diebus
827 2410 1009 2482 dominicis
1047 2411 1314 2484 administratur
1342 2431 1405 2501 per
1431 2411 1617 2501 plebanum
1644 2418 1704 2482 ant
1730 2411 1805 2483 eius
1832 2411 1989 2482 sicam
2016 2409 2060 2480 de

384 2513 389 2528 '
494 2535 810 2623 zarnowyecz.

600 2653 876 2741 ZrnuowuncZ,
906 2652 1069 2742 oppidum
1109 2652 1241 2724 hahens
1276 2654 1311 2723 in
1339 2675 1377 2722 se
1403 2653 1584 2724 ecclesiam
1611 2652 1843 2743 parochialem
1871 2658 2058 2742 maratana

497 2776 597 2846 iuxta
632 2773 775 2846 fluvium.
792 2771 974 2844 .Pilcua
1009 2772 1132 2860 sitnm,
1168 2772 1265 2843 cuins
1301 2753 1497 2862 proprietas
1532 2772 1578 2843 ad
1604 2773 1860 2844 serenissimum
1888 2771 2059 2844 Poloniae
2135 2828 2138 2835 .

496 2917 613 2986 regem
641 2915 731 2966 nunc
758 2895 920 2984 pertinet.
948 2893 987 2964 In
1016 2913 1083 2983 quo
1111 2899 1194 2964 sunt
1221 2873 1312 2964 lanei
1339 2892 1606 2983 oppidanorum,
1632 2900 1670 2964 et
1695 2894 1739 2964 de
1766 2893 1877 2964 laneIs
1904 2893 2058 2964 solvitur

499 3015 633 3088 decima
659 3014 885 3105 manipularis
911 3013 1161 3102 tantummodo,
1188 3019 1225 3086 et
1250 3035 1319 3086 nou
1345 3013 1520 3104 campulis
1546 3035 1611 3104 pro
1638 3013 1848 3084 monasterio
1866 3013 2058 3084 sanctimo-

497 3135 640 3206 nialium
667 3135 703 3204 in
731 3133 959 3206 Oracovia
985 3133 1102 3204 Sancti
1129 3132 1301 3223 Andreae,
1328 3140 1365 3206 et
1391 3133 1490 3206 valor
1515 3134 1591 3206 eius
1613 3134 1820 3236 aasumatnr
1838 3133 1886 3206 ad
1899 3141 2057 3224 quatuor

377 3288 382 3300 =
499 3274 651 3342 marcas3
678 3253 721 3325 de
748 3253 858 3324 laneis
887 3251 1035 3324 residuis
1063 3253 1211 3324 solvitur
1237 3253 1371 3326 decima
1397 3254 1577 3326 fertoualis
1597 3308 1605 3324 .
1623 3309 1631 3322 .
1650 3309 1658 3323 .
1676 3255 1866 3326 communis
1885 3254 2055 3344 pecuniae

499 3396 562 3464 pro
599 3373 808 3446 monasterio
835 3373 872 3444 in
904 3373 1289 3446 lmmramouicze
1315 3373 1447 3448 ordinis
1473 3375 1847 3463 praemonstratensis,
1874 3373 1937 3465 qui
1962 3374 2056 3444 lanei

500 3502 668 3568 uocantur
696 3495 1050 3568 Studzenicnno.
1079 3495 1166 3568 Item
1193 3495 1377 3569 advocatia
1402 3502 1459 3568 est
1478 3497 1514 3568 in
1532 3497 1809 3587 eodem-oppido,
1827 3497 1962 3568 hahens
1982 3503 2055 3566 tres

500 3618 618 3690 laneos
646 3637 828 3707 agrorum,
854 3615 898 3688 de
932 3617 1056 3707 quihus
1084 3615 1232 3690 solvitm
1258 3617 1393 3690 decima
1419 3617 1645 3708 manipularis
1671 3617 1836 3690 ecclesiae
1862 3615 2056 3708 parochiali

471 3743 536 3808 ¹et
563 3737 710 3828 plebano
738 3737 773 3807 in
800 3736 1134 3828 Zarnoapecu;⁴
1163 3737 1248 3818 dicti
1274 3744 1390 3810 autem
1418 3738 1509 3814 lanei
1535 3739 1730 3810 consistunt
1756 3743 1837 3828 post
1863 3737 1994 3809 vadum
2020 3737 2055 3806 in

498 3858 616 3930 laneis.
652 3857 740 3929 Item
767 3857 944 3948 praedium
973 3858 1089 3948 regale
1117 3858 1153 3930 in
1180 3858 1317 3950 oppido,
1346 3859 1389 3931 de
1416 3881 1484 3950 quo
1511 3859 1660 3933 solvitur
1677 3858 1810 3933 decima
1827 3858 2054 3950 manipularis

499 3999 563 4071 pro
591 3978 737 4050 ecclesia
764 3978 799 4048 in
826 3978 1148 4071 Zarnowyecz.
1181 3979 1268 4051 Item
1296 3979 1485 4052 advocatus
1512 3980 1619 4052 hahet
1643 3979 1793 4070 spontale
1817 3978 2054 4074 molendinum

398 4085 405 4094 ’
499 4101 535 4174 in
562 4098 701 4170 flumine
729 4097 1010 4190 Wnpcowka.
1047 4099 1135 4171 Item
1172 4099 1405 4173 molendinum
1431 4105 1486 4172 est
1512 4101 1548 4172 in
1575 4100 1695 4172 eodem
1722 4100 1869 4190 oppido,
1895 4099 1959 4172 sed
1986 4121 2052 4170 non

499 4220 607 4292 hahet
633 4239 745 4310 agros.
781 4219 870 4290 Item
898 4219 1115 4292 hortulaniae
1143 4242 1212 4292 non
1239 4229 1321 4292 sunt
1346 4222 1482 4312 regiae,
1510 4227 1649 4312 praeter
1670 4221 1888 4292 hortulaniae
1915 4220 2052 4312 plebani

501 4340 650 4429 inviro,
678 4340 736 4430 qui
764 4345 908 4412 vocatur
935 4338 1172 4412 Morawka.
1280 4329 1283 4334 ’
1637 4380 1639 4385 -

604 4459 848 4549 Koarcranu,
876 4460 960 4532 villa
985 4461 1049 4532 sub
1077 4463 1243 4552 parochia
1268 4462 1434 4534 ecclesiae
1461 4462 1505 4534 de
1521 4461 1831 4553 Zarnouyecz
1859 4462 1940 4552 sita,
1957 4463 2051 4534 cuius

500 4580 698 4670 proprietas
734 4579 779 4652 ad
817 4581 1075 4654 serenissimum
1110 4582 1276 4656 Poloniae
1304 4603 1420 4674 regem
1447 4583 1610 4681 pertinet
1649 4583 1691 4654 lu
1717 4603 1787 4674 qua
1812 4589 1896 4654 suut
1922 4590 2050 4674 septem

502 4721 579 4772 cum
612 4700 725 4772 medio
762 4701 854 4773 lanei
888 4703 1141 4792 emeth'onales,
1167 4710 1203 4774 et
1229 4704 1272 4775 de
1300 4703 1458 4776 omnihus
1486 4703 1633 4776 solvitur
1659 4703 1792 4775 decissa
1817 4704 2052 4794 manipularis,

501 4827 537 4892 ct
564 4842 626 4912 per
652 4827 801 4912 quatuor
837 4823 975 4914 ierugas
1011 4824 1196 4914 canapalis,
1233 4825 1399 4898 coenobio
1418 4824 1728 4897 sancdmonialium
1746 4823 1865 4896 Sancti
1883 4823 2049 4911 Andreae,

500 4951 537 5014 et
564 4947 729 5014 tenentur
755 4964 831 5014 eam
859 4944 1059 5016 cmethones
1086 4945 1213 5016 ducere
1240 4946 1275 5016 in
1301 4945 1465 5019 horreum
1483 4966 1506 5016 a
1523 4932 1848 5018 montimomalihus'
1861 4945 2049 5034 locandum,

501 5072 537 5136 et
564 5063 661 5135 valor
688 5063 762 5166 etus
789 5065 996 5137 aestimatur
1022 5065 1067 5137 ad
1085 5065 1266 5138 duodecim
1284 5085 1428 5138 marcas.
1455 5067 1543 5138 Item
1560 5067 1727 5139 tabernae
1744 5087 1814 5138 non
1831 5073 1925 5155 sant,
1943 5083 2048 5156 neque

502 5183 734 5275 hortulaniae,
760 5205 871 5276 neque
898 5185 1140 5257 molendinum.
1168 5185 1257 5258 Item
1283 5192 1337 5258 est
1362 5186 1412 5260 ihi
1439 5185 1621 5276 praedium
1645 5187 1813 5276 optimum
1839 5187 1987 5276 regium,
2012 5184 2049 5256 de

501 5305 598 5377 cuius
625 5306 719 5397 agris
746 5305 892 5377 solvitur
920 5305 1053 5378 decima
1079 5305 1306 5398 manipularis
1333 5308 1370 5378 in
1393 5304 1610 5402 poadluuom,
1636 5327 1701 5398 pro
1727 5306 1941 5387 monasterio
1976 5325 2048 5378 san·

504 5426 896 5499 commutassemus
922 5426 1085 5500 morene
1112 5426 1411 5501 caracovia.
2029 5403 2034 5412 ’

606 5547 898 5639 llrnczowrczn,
926 5549 1009 5621 villa
1035 5549 1100 5622 suh
1127 5549 1295 5641 parochia
1320 5549 1364 5621 de
1390 5549 1630 5622 Msticzow
1656 5549 1733 5638 alta,
1760 5549 1860 5622 caius
1886 5549 2048 5621 haeredes
2102 5616 2108 5627 .
