4492 6592
1698 784 1772 855 395
1874 794 1876 803 '

157 1022 161 1030 ·
216 988 329 1059 moes·
347 987 527 1076 propriam
554 946 752 1073 ecclesiam,
789 986 1089 1077 aquinqraginta
1116 986 1217 1058 annis
1243 990 1416 1075 erectam;
1451 987 1549 1061 cuius
1576 988 1773 1079 proprietas
1889 1062 1892 1067 ,

216 1114 251 1177 et
276 1106 471 1181 dominium
505 1106 551 1178 ad
579 1106 824 1203 monasterinm
852 1105 1181 1196 Goprzywnicnensc
1208 1108 1371 1197 pertinet.
1411 1106 1450 1177 In
1479 1115 1656 1199 quaeunt
1683 1109 1774 1181 lanei

127 1260 131 1271 ·
216 1228 471 1337 cmetlrouales3
497 1228 580 1300 item
607 1228 767 1299 scoltetie
792 1231 848 1299 est
874 1228 947 1318 ibi,
963 1248 1053 1318 quae
1080 1228 1187 1301 habet
1211 1227 1257 1299 de
1284 1248 1389 1303 ceusu
1417 1284 1557 1301 ......

355 1492 559 1577 Decimae
592 1494 877 1601 manipulares
915 1496 1159 1577 monasterii
1194 1493 1639 1601 Ooprzywniczenaia.

319 1713 630 1807 Goruzrwnrczn,
656 1718 821 1809 oppidum
848 1717 982 1791 liabens
1007 1719 1042 1789 in
1070 1738 1109 1797 se
1134 1718 1315 1789 ecelesiam
1343 1717 1576 1807 parochialem
1604 1723 1774 1791 muratam

216 1836 352 1927 lapide,
381 1837 473 1927 qnod
500 1838 607 1909 babet
633 1839 726 1911 inse
751 1840 870 1911 laneos
894 1840 1032 1940 *civilem
1056 1838 1102 1910 de
1130 1839 1255 1930 quibus
1278 1840 1441 1909 omnibus
1469 1838 1617 1910 solvitur
1643 1839 1775 1911 decime

217 1959 446 2048 manipularis
473 1960 685 2032 monasterio
712 1959 1047 2052 (lopraywniezensi,
1071 1967 1110 2033 et
1137 1960 1289 2051 propriis
1316 1960 1476 2031 curribus
1504 1961 1597 2036 cives
1623 1959 1776 2053 (loprzy-

219 2080 432 2152 wniczenses
458 2086 623 2153 tenentur
649 2082 742 2157 illam
770 2082 898 2156 ducere
925 2083 968 2155 ad
996 2082 1159 2154 huncum
1186 2080 1396 2170 coenobiale,
1423 2082 1521 2153 cuine
1548 2083 1646 2153 valor
1673 2084 1776 2154 nosti·
1836 2174 1840 2183 .
1971 2104 1980 2119 ·
2031 2132 2035 2145 ·

218 2207 334 2273 matur
352 2202 398 2273 ad
417 2257 449 2273 ..
470 2257 477 2272 .
496 2258 503 2272 .
521 2222 666 2275 marcas.
691 2202 780 2275 Item
798 2204 966 2276 decimam
986 2204 1184 2294 canapalnn
1204 2202 1368 2294 oppidani
1388 2258 1395 2273 .
1415 2258 1422 2273 .
1442 2259 1476 2273 ..
1503 2204 1589 2279 Item
1609 2205 1775 2277 decimam
1840 2220 1843 2227 ·

219 2321 414 2412 praelatam
440 2344 581 2395 mensae
614 2325 823 2415 episcopalis
859 2324 1100 2397 Oracoviensis
1129 2325 1278 2397 contulit
1314 2326 1527 2397 monasterio
1556 2324 1776 2418 Ooprzywni-
1900 2396 1906 2409 ,

216 2444 330 2513 coensi
358 2445 395 2514 in
422 2445 498 2516 eius
525 2444 745 2536 fundatione,
772 2445 915 2518 Fulco
943 2449 1125 2537 episcopus
1153 2445 1402 2529 Orncoviensis
1473 2494 1475 2496 -

201 2650 204 2655 Ι
324 2563 601 2656 Sonanmnow,
636 2566 720 2638 villa
746 2568 821 2648 sub,
836 2568 1004 2657 parochia
1030 2566 1198 2639 ecclesiae
1228 2566 1277 2639 de
1303 2565 1593 2651 Chrobrzani
1621 2570 1704 2658 sita,
1740 2575 1777 2641 et
1914 2584 1916 2593 ’
2008 2558 2013 2565 ’

216 2684 260 2755 ad
273 2672 538 2777 ‘proprietatem
575 2686 778 2759 monasterii
813 2685 1152 2779 Goprzywniczensis
1187 2689 1376 2778 pertinens.
1415 2688 1456 2758 ln
1484 2710 1553 2780 qun
1578 2696 1659 2761 sunt
1686 2691 1776 2771 lanei

217 2805 471 2897 emetlmnales,
497 2808 542 2881 de
568 2809 694 2898 quibus
721 2809 881 2880 omnibns
908 2808 1055 2881 solvitur
1079 2809 1216 2881 decima
1242 2808 1478 2899 manipularis,
1506 2817 1541 2880 et
1569 2832 1632 2901 per
1659 2867 1665 2881 .
1690 2866 1777 2884 ...

219 2928 358 3018 ierngas
383 2929 575 3020 canapalis,
601 2930 815 3001 morrasterio
838 2919 1179 3021 coprrpwniczonsr,
1207 2936 1243 3001 et
1271 2931 1369 3001 valor
1395 2932 1470 3010 eins
1498 2933 1703 3005 aestimator
1733 2935 1777 3005 ad

218 3072 332 3120 ·....
361 3070 507 3140 marcas,
533 3055 574 3122 ot-
592 3054 755 3123 tenentur
781 3050 876 3122 illam
903 3052 1104 3124 emethones
1131 3052 1283 3141 propriis
1311 3052 1469 3123 curribus
1497 3053 1623 3125 ducere
1641 3055 1676 3125 in
1696 3056 1777 3125 imr-

220 3190 317 3242 reum
345 3171 557 3264 conubiale.
597 3170 685 3244 Item
721 3172 901 3263 praedium
937 3174 973 3244 in
1009 3173 1129 3245 eadem
1158 3172 1242 3244 villa
1268 3194 1336 3244 non
1364 3152 1432 3263 est,
1464 3191 1575 3265 neque
1601 3177 1777 3269 tabernae,
1875 3250 1882 3258 ,

222 3312 333 3384 neque
362 3293 592 3365 hortalanine.
614 3288 623 3352 ἶ
631 3294 720 3365 Item
747 3294 915 3366 decimam
933 3294 1154 3386 praefatam,
1181 3314 1258 3366 cnm
1286 3301 1380 3365 esset
1407 3306 1545 3367 mensae
1572 3298 1778 3389 episcopalis

219 3411 479 3505 Oracorinrsis,
505 3415 652 3489 eontulit
673 3415 1226 3512 monasterio.Goprzynnicaensi
1245 3418 1281 3487 in
1300 3416 1375 3491 eius
1391 3415 1610 3508 nudatione,
1637 3418 1778 3492 Fnlco

220 3515 403 3628 episcopus
429 3534 679 3607 Crotoniensis.
1436 3600 1440 3609 .

319 3658 628 3748 szosznroznnr,
654 3658 738 3730 nilla
764 3659 829 3730 sub
846 3660 1013 3750 parochia
1038 3660 1206 3731 ecelesiae
1233 3660 1276 3730 de
1304 3658 1673 3750 Koprzywnicza
1699 3662 1778 3755 sita,

219 3779 314 3856 etad
333 3780 585 3870 proprietatem
613 3782 816 3851 monasterii
842 3777 1183 3871 Ooprzywnicaensis
1210 3781 1397 3869 pertinens.
1438 3781 1477 3851 ln
1497 3802 1564 3871 qua
1582 3788 1664 3853 sunt
1682 3783 1773 3853 lanei

221 3900 471 3990 emetlronnleS,
498 3901 543 3973 de
569 3902 695 3991 quibus
731 3902 889 3973 omnibus
915 3901 1073 3972 soluitur
1092 3901 1226 3971 decima
1252 3900 1480 3991 manipularis
1506 3908 1543 3971 et
1569 3922 1632 3993 per
1661 3958 1775 3976 .....
1807 3898 1841 3977 ’,

220 4020 360 4111 ierngas
386 4022 583 4113 canapalis,
619 4022 831 4094 monasterio
857 4022 1182 4113 Gopraynnicaensi
1210 4026 1248 4092 et
1274 4022 1372 4093 valor
1398 4023 1472 4093 eins
1500 4025 1705 4109 aestimatur
1732 4026 1776 4096 ad

120 4161 123 4165 ·
224 4196 363 4213 ......
396 4162 550 4234 marcas,
579 4150 623 4214 et
646 4149 811 4215 tenentur
845 4164 923 4215 eam
958 4144 1159 4215 cmetlmues
1185 4142 1313 4215 ducere
1348 4144 1383 4214 in
1412 4144 1574 4235 lporreum
1610 4166 1632 4215 a
1658 4166 1776 4217 mona»
1809 4215 1816 4225 ,

223 4266 331 4335 sterio
358 4264 555 4336 locandum
590 4265 679 4352 Item
706 4263 901 4356 praedium,
927 4266 1010 4343 item
1028 4265 1216 4354 tabernae,
1245 4266 1326 4336 item
1345 4265 1531 4336 hortulani.
1572 4266 1657 4337 Item
1685 4266 1777 4337 deci-

221 4394 310 4457 mani
339 4386 591 4477 manipularem
618 4386 810 4477 praefatam
838 4386 985 4459 contulit
1004 4386 1196 4458 demensa
1223 4407 1287 4459 sua
1314 4386 1455 4470 Fulco
1482 4387 1665 4479 episcopus
1683 4387 1776 4459 vOra·
1812 4470 1814 4477 Ι
1903 4418 1905 4423 ·

189 4561 193 4570 .
224 4508 630 4580 coniernismooasterio
657 4507 992 4600 Koprzywnicaensi.
1029 4586 1036 4595 ,
1329 4512 1332 4521 ’

324 4626 578 4720 stsszrcza,
606 4630 689 4702 silla
705 4632 771 4702 sub
788 4631 954 4721 pmoclria
971 4630 1137 4702 ecclcsiae
1164 4630 1208 4701 de
1226 4628 1552 4721 Koprayuniczn
1569 4630 1650 4720 sita,
1678 4636 1714 4717 et
1733 4630 1777 4701 ad

222 4751 469 4841 proprietatem
495 4743 699 4823 monasterii
725 4748 1072 4843 Koprzywnicaensis
1099 4752 1287 4842 pertinens.
1328 4751 1367 4821 In
1387 4772 1455 4841 qua
1480 4756 1562 4822 sunt
1581 4752 1775 4842 quindecim

224 4868 312 4943 lanei
330 4872 578 4962 ametlronales,
604 4872 648 4945 de
666 4874 791 4963 quibus
810 4872 968 4944 ommibus
986 4873 1135 4944 solvitur
1153 4872 1286 4945 decima
1303 4872 1544 4978 manipularis,
1571 4878 1606 4943 et
1624 4893 1686 4963 per.
1701 4928 1708 4941 .
1724 4928 1731 4942 .
1746 4927 1776 4942 ..

223 4988 359 5083 ierngas
377 4994 572 5084 canapaiis,
596 5000 632 5063 et
650 4998 814 5066 tenentur
832 5014 907 5065 eam
926 4994 1125 5065 emetirones
1147 4992 1273 5066 ducere
1291 4994 1443 5085 propriis
1457 4994 1621 5063 curribus
1639 4994 1673 5063 in
1693 4994 1775 5063 hor-

225 5131 317 5184 reum
346 5115 563 5207 coenobiale,
590 5121 626 5185 et
644 5115 743 5187 valor
769 5116 844 5201 eins
870 5115 1074 5186 aestimatur
1100 5114 1145 5185 ed
1165 5114 1359 5205 quindecim
1387 5134 1529 5185 inertas.
1570 5115 1656 5185 Item
1675 5134 1776 5203 prae-

226 5232 326 5326 dium,
352 5238 436 5308 item
462 5238 648 5324 tabernae,
685 5237 766 5307 item
795 5236 980 5308 hortulani
1021 5236 1106 5307 ltem
1135 5236 1301 5307 decimam
1338 5234 1529 5326 praelatam
1557 5234 1704 5307 contulit
1731 5234 1774 5305 de

226 5374 340 5439 neusa
364 5378 430 5429 aaa
454 5359 668 5429 monasterio
692 5357 1012 5449 Coprzywniczensi
1040 5358 1182 5428 Fulco
1209 5358 1393 5447 episcopus
1420 5354 1669 5427 Orauoviensis.
1859 5355 1867 5363 '

311 5479 570 5570 ammom,
606 5456 691 5551 rilla
726 5480 790 5549 sub
817 5478 981 5569 praroclria
1016 5478 1182 5560 eeclesiae
1216 5478 1260 5548 de
1297 5476 1663 5568 Koprzynnicsa
1699 5458 1766 5547 sita

227 5599 321 5672 etad
338 5601 586 5691 proprietatem
614 5600 815 5672 monasterii
848 5597 1184 5688 Ooprzynniczensis
1213 5598 1400 5687 pertinens.
1441 5596 1482 5667 Iu
1500 5617 1569 5688 qua
1583 5603 1679 5669 sunt
1704 5602 1775 5668 tre-

231 5716 337 5793 decim
373 5723 465 5793 lanei
491 5721 750 5810 omethonaleS,
784 5726 822 5791 ot
847 5721 890 5791 de
918 5720 1077 5791 omnibns
1112 5719 1260 5796 solvitur
1295 5718 1427 5789 decima
1461 5718 1708 5809 manipularis,
1743 5722 1779 5789 'et
1857 5828 1863 5839 ἱ
2008 5734 2015 5745 ·
