4492 6592
1721 732 1807 842 o'

152 1013 154 1018 -
218 963 300 1038 rilla
327 963 439 1055 aliqui
464 964 556 1036 laam
582 963 816 1037 amethonales
843 963 1080 1054 dimersursti,
1107 964 1170 1036 sed
1196 963 1306 1035 solnm
1333 983 1505 1036 arvorum·
1524 963 1647 1054 peaies.
1683 962 1772 1034 ltem

217 1084 411 1176 praedium
437 1086 523 1158 Item
551 1100 677 1158 omnes
696 1086 772 1176 agri
800 1085 902 1158 villae
935 1086 1076 1158 solvunt
1101 1091 1138 1156 et
1163 1084 1360 1158 conduennt
1385 1083 1553 1156 desimam
1579 1084 1772 1176 manipula·

118 1223 122 1227 ’
217 1227 289 1278 rem
316 1213 355 1279 et
385 1206 585 1304 canapalem
611 1225 675 1297 prs
703 1206 835 1278 vinaria
860 1207 1079 1298 praebendae
1107 1206 1356 1297 cracoviensis,
1382 1226 1472 1296 qnae
1490 1259 1607 1276 .....

322 1325 512 1424 Sartaba,
548 1345 651 1420 pauo
673 1322 855 1400 oar-arr
891 1327 1102 1426 vulgariter
1137 1326 1277 1400 dieitur
1313 1327 1349 1399 ln
1378 1324 1638 1420 Szyozina.
1683 1327 1771 1400 llam
1912 1329 1941 1346 ²

210 1448 470 1534 xnronasteriorn
505 1447 796 1563 Szyryernynenae
831 1449 867 1522 in
900 1449 1078 1540 primaeva
1112 1449 1170 1522 sui
1202 1436 1406 1521 fundatione
1439 1448 1592 1520 habebat
1627 1454 1771 1543 puteum

215 1569 309 1658 salia
338 1569 641 1661 seu-‘sartaginem
668 1569 705 1642 in
732 1569 815 1642 villa
840 1569 1073 1676 Szydzine
1103 1589 1213 1660 prope
1238 1567 1553 1660 Wyaliozlram
1578 1569 1701 1659 ailam
1734 1573 1772 1640 et

217 1693 360 1780 sartago
387 1689 585 1762 inmundi
611 1691 747 1782 vrrlgari
773 1691 1007 1782 appellatione
1033 1689 1242 1782 Ozyeran
1267 1690 1523 1780 appellabatur,
1557 1686 1594 1762 ot
1619 1690 1772 1762 babebat
1864 1717 1872 1726 ⁸
1900 1761 1907 1772 ,

216 1811 467 1886 monasterium
493 1809 768 1904 Zwyerzynenae
794 1832 837 1884 ex
864 1811 1063 1884 huiusmodi
1097 1804 1277 1917 sartagine
1311 1810 1484 1886 notabiles
1509 1810 1772 1882 commoditates
1902 1875 1910 1884 ,

76 1925 77 1936 '
105 2019 111 2032 ,
218 1937 253 2004 et
279 1937 485 2026 prouentus
510 1932 641 2004 Verum
658 1954 737 2004 oum
755 1954 921 2024 praeessu
947 1933 1115 2024 temporis
1141 1931 1257 2006 fontes
1275 1932 1365 2004 salis·
1384 1933 1422 2002 in
1447 1931 1680 2022 Szydzina
1705 1932 1771 2004 sio·

215 2052 282 2126 oali
309 2053 470 2144 fuissent,
498 2054 602 2126 etiarn
629 2053 787 2145 praelata
814 2060 955 2146 sartago
981 2075 1003 2126 a
1029 2054 1241 2126 monasterio
1266 2053 1534 2146 Zwyerrynensi
1560 2052 1728 2143 disperiit

270 2245 274 2253 .
313 2173 542 2265 Gunznnow,
569 2174 742 2248 rilla'sub
768 2176 935 2266 pumma
961 2175 1005 2248 de
1031 2175 1248 2248 Slrawiua
1273 2174 1352 2263 sita
1379 2175 1477 2246 auius
1503 2175 1700 2282 proprietas
1727 2173 1773 2246 ad

213 2295 469 2368 nonasterium
495 2295 770 2388 Zwyerzynense
794 2295 956 2388 partinet
1000 2296 1040 2368 ln
1068 2317 1138 2388 qua
1163 2303 1219 2369 est
1244 2315 1334 2370 uuas
1367 2300 1506 2368 tanum
1532 2295 1655 2368 laneus
1679 2316 1772 2369 ema
1844 2296 1849 2301 ’

76 2457 77 2464 a
212 2416 372 2489 uanam
399 2421 435 2490 a
461 2417 524 2508 qur
548 2417 654 2490 luvra
679 2467 876 2507 ........
911 2417 995 2490 rum
1021 2435 1089 2521 ovo
1115 2417 1220 2490 surm
1244 2415 1410 2507 tanna,
1436 2416 1520 2490 ran
1545 2416 1658 2507 gallos
1684 2415 1804 2489 ⁶⁰0⁸·
1856 2514 1860 2520 ,
1926 2459 1931 2468 ·

213 2538 328 2629 solvit
358 2539 445 2612 item
472 2537 715 2639 osseosdum
741 2517 827 2614 item
844 2538 953 2627 labm,
979 2539 1065 2610 item
1084 2536 1280 2632 powabom,
1305 2537 1391 2613 item
1416 2557 1574 2633 omrpep3
1607 2538 1693 2610 item
1719 2543 1772 2610 ta-

213 2659 344 2749 berna,
383 2660 466 2732 itam
494 2659 691 2750 hortulani3
727 2660 809 2734 itera
841 2659 1022 2750 praedium
1058 2659 1259 2759 coenobiale
1292 2680 1362 2732 non
1388 2665 1443 2763 est
1467 2658 1505 2746 in
1530 2658 1653 2768 eadem
1678 2657 1771 2747 villa,

213 2781 295 2852 item
323 2781 563 2854 molendinum
579 2803 659 2854 non
686 2785 740 2854 est
766 2782 802 2852 ia
829 2781 948 2862 eadem
963 2780 1069 2879 ‚villa
1095 2780 1185 2852 Item
1211 2779 1255 2852 de
1272 2780 1433 2852 omnibus
1458 2779 1553 2870 agris
1568 2779 1684 2852 -villae
1702 2779 1771 2852 sol-

76 2995 77 2998 *
213 2902 308 2976 uitur
335 2909 377 2976 et
401 2902 606 2976 conducitur
632 2902 768 2974 deainra
792 2901 1019 2994 manipularis
1044 2907 1084 2974 et
1107 2901 1285 2992 muopalis
1310 2901 1525 2992 provisuris
1550 2899 1770 2991 praebendae

76 3055 77 3141 ξ
214 3022 469 3114 Graooriensis,
496 3043 586 3116 quae
612 3028 759 3098 voratur·
785 3023 1093 3115 Boasznthorrska,
1118 3029 1156 3096 et
1182 3022 1289 3096 valor
1306 3023 1383 3096 eiua
1403 3022 1610 3100 aestimatur
1635 3021 1680 3098 ad
1699 3027 1771 3094 tros

76 3145 77 3174 ³
214 3165 362 3234 mareas,
390 3143 576 3236 aliquando
603 3145 649 3218 ud
675 3145 828 3236 quinque
853 3165 998 3218 martas.

76 3339 77 3342 a
316 3319 465 3338 ......
477 3285 492 3337 “.
519 3266 603 3338 villa
629 3255 958 3358 subparochiana
985 3317 1101 3338 .....
1128 3266 1208 3357 sita,
1233 3265 1332 3338 ouius
1358 3263 1557 3355 proprietas
1583 3263 1629 3336 ad
1654 3285 1772 3337 orona-
1851 3361 1855 3368 Ι

214 3365 361 3460 sterium
387 3387 661 3480 Zwyerzpnense
688 3388 850 3480 pertinet.
893 3387 934 3460 In
961 3409 1032 3480 qua
1055 3393 1140 3460 sunt
1163 3387 1257 3460 land
1282 3385 1537 3475 emetbonales,
1562 3390 1600 3458 et
1625 3386 1773 3477 quilibet

211 3511 319 3582 'solvit
339 3564 458 3600 .....
484 3511 569 3582 item
596 3530 672 3600 ora,
698 3510 783 3582 item
808 3510 929 3600 gallos,
956 3511 1041 3582 item
1068 3530 1199 3599 osseos,
1225 3509 1309 3582 itam
1334 3507 1445 3597 labor,
1471 3507 1557 3582 item
1577 3505 1771 3602 potandum,

214 3631 295 3703 item
324 3653 455 3728 omyap.
499 3631 586 3702 Item
613 3635 694 3722 post
719 3649 838 3704 omnes
874 3649 979 3724 agros
1014 3631 1118 3704 villae
1153 3630 1293 3704 solvunt
1318 3635 1356 3702 et
1381 3628 1579 3702 conducunt
1603 3628 1771 3700 decimam

215 3752 467 3845 manipularem
477 3736 484 3765 ¹
494 3757 531 3824 et
554 3751 755 3843 oanapulem
757 3804 924 3824 .......
1004 3805 1009 3818 ,

316 3874 558 3963 Suowrszno,
593 3873 676 3946 villa
703 3874 802 3946 iuxta
829 3873 1006 3946 Vislam
1040 3864 1183 3946 flurium
1208 3873 1286 3946 sita
1329 3873 1371 3944 ln
1397 3891 1468 3963 qua
1493 3870 1667 3962 quondam
1704 3869 1771 3944 init

212 3994 297 4069 aella
320 3993 583 4086 Zwerzpnensia
610 3997 821 4086 monnarii,
848 4001 885 4068 et
911 3995 1058 4068 eeclesia
1083 3995 1217 4085 lignea,
1251 3994 1288 4064 in
1316 4013 1386 4084 qua
1411 3992 1540 4066 naues
1566 3993 1769 4064 monasterii

213 4115 255 4188 de
280 4115 652 4209 Zwyerzynyeoz
679 4117 814 4190 ordinis
840 4115 1191 4208 praemonstratensis
1217 4115 1440 4203 babitabant;
1465 4113 1528 4186 sed
1554 4113 1639 4185 villa
1664 4133 1764 4203 prse-

213 4237 285 4310 lata
311 4245 351 4310 et
377 4259 398 4310 a
424 4239 635 4310 monasterio
661 4235 928 4332 Zwyerzynensi
963 4239 1142 4312 abstracta
1167 4242 1204 4310 et
1229 4237 1383 4308 alienata
1408 4241 1479 4325 est,
1506 4241 1544 4309 et
1569 4234 1606 4308 in
1633 4235 1768 4308 desola—
1881 4284 1885 4291 ·

215 4359 347 4432 tionem
384 4365 490 4450 atoue
525 4359 692 4437 ditionem
727 4360 861 4452 ¹regium
894 4359 1065 4456 redacta¹
1090 4359 1301 4435 Brittones
1335 4359 1410 4432 illio
1426 4366 1473 4464 et
1497 4359 1538 4450 in*
1561 4358 1652 4430 liano
1677 4357 1769 4429 diem

214 4481 420 4570 oratorium,
448 4482 512 4552 sub
539 4481 671 4553 honore
698 4479 869 4553 lobannis
896 4481 1078 4584 Baptistae
1105 4481 1271 4571 dicatum,
1298 4480 1343 4552 ad
1370 4481 1463 4572 qnod
1488 4479 1708 4572 popularium
1735 4485 1772 4550 et
1867 4540 1875 4554 .

217 4602 410 4674 rioirrorum
446 4611 509 4692 pto
546 4601 602 4673 die
630 4601 749 4676 Sanoti
783 4601 953 4676 Johannis
989 4602 1174 4693 Baptistae
1207 4602 1308 4674 iaxta
1343 4608 1517 4676 amomum
1551 4606 1589 4674 et
1619 4601 1770 4692 priscum
1833 4645 1839 4658 ι
1975 4703 1978 4710 Ι

215 4739 366 4813 morem,
406 4743 470 4814 pro
507 4723 711 4796 salebritate
737 4729 774 4796 et
799 4723 1024 4814 indulgentiis
1060 4723 1160 4796 illius
1189 4724 1278 4814 diei,
1313 4725 1484 4799 maximus
1510 4724 1550 4794 lit
1574 4743 1771 4796 eonomsus

216 4844 281 4916 Est
307 4844 414 4916 etiam
441 4844 477 4916 in
503 4844 580 4917 loeo
607 4843 821 4936 praedictae*
842 4845 945 4916 villae
981 4861 1123 4936 campus
1141 4864 1312 4935 magnus,
1347 4845 1385 4916 in
1412 4867 1481 4936 quo
1507 4849 1564 4916 est
1588 4843 1769 4935 praedium

76 5044 80 5059 ,
216 4965 365 5055 regium
388 4964 433 5037 ad
460 4971 611 5038 oestrum
637 4963 882 5060 Gasimiririuse
909 4967 1043 5058 regium
1070 4966 1268 5058 pertinens,
1307 4965 1475 5040 deeuius
1501 4966 1597 5057 agris
1622 4965 1769 5039 solvitur

217 5085 351 5158 decima
378 5085 604 5176 manipularis
630 5087 794 5160 ecelesiae
821 5087 1014 5178 parochiali
1039 5088 1075 5160 in
1102 5087 1351 5160 Karimira

319 5206 540 5310 Wrnnnzua
567 5227 678 5299 sorte,
705 5208 789 5280 villa
815 5209 880 5282 sub
898 5207 1066 5300 parochia
1090 5209 1135 5282 de
1162 5208 1433 5301 Skowyszin
1460 5207 1543 5279 olim
1565 5207 1644 5294 sita,
1671 5205 1769 5278 ouius
1850 5235 1859 5246 =

217 5327 407 5399 dominium
433 5327 477 5398 a'd
505 5329 752 5402 monasterium
764 5329 1015 5422 Zwerzynense
1042 5330 1148 5402 etad
1174 5329 1297 5402 uellam
1323 5329 1367 5402 de
1393 5327 1664 5418 Skowyszin
1690 5347 1770 5418 per·

218 5449 371 5537 tinebat3
407 5448 469 5521 sed
496 5443 675 5524 abstracta
701 5457 756 5523 est
782 5457 820 5523 et
844 5451 998 5522 manau
1024 5471 1046 5522 a
1072 5449 1293 5539 monasterio,
1319 5454 1355 5522 et
1381 5450 1418 5520 in
1445 5449 1611 5521 ditionem
1637 5449 1769 5539 regiam

218 5569 371 5660 reductu,
399 5576 436 5642 et
463 5570 627 5661 oppidum
653 5570 889 5644 Kazirnirz
916 5572 952 5642 in
979 5591 1021 5642 ea
1035 5553 1197 5646 locatum
1224 5576 1289 5663 est
1327 5577 1364 5648 et
1390 5569 1534 5648 eeclesia
1562 5569 1770 5667 paroehialis
