4492 6592
1598 770 1858 889 'cor'

220 990 295 1063 viri
322 990 433 1087 italici
461 996 522 1063 aut
547 990 664 1082 gallici
690 991 829 1083 generis
855 990 967 1063 locum
994 991 1090 1063 illum
1118 996 1154 1063 ct
1181 991 1349 1082 incapite
1376 996 1413 1061 et
1441 993 1475 1062 iu
1497 993 1660 1065 membris
1687 995 1781 1067 inco-

219 1112 364 1201 lebant,
399 1112 436 1183 in
465 1112 645 1203 locumque
671 1112 930 1202 decedentium,
965 1113 1046 1183 novi
1075 1112 1142 1183 uiri
1171 1132 1212 1184 ex
1241 1110 1344 1183 ltalia
1380 1118 1441 1183 aut
1468 1110 1592 1185 Galliis
1627 1114 1781 1187 advocat

220 1232 506 1321 sufficiebantur,
541 1239 578 1305 et
604 1233 755 1305 mirabili
791 1239 904 1325 atque
931 1234 1090 1306 modesta
1126 1240 1196 1305 tam
1226 1234 1426 1322 harmonia,
1463 1255 1564 1325 quarn
1598 1238 1783 1309 concordia

219 1354 384 1428 coenobii
410 1354 514 1443 illius,
541 1353 576 1425 in
603 1354 856 1445 temporalibus
882 1362 919 1427 et
946 1355 1203 1446 spiritualibus,
1239 1356 1274 1427 in
1301 1356 1472 1446 religione
1499 1356 1626 1428 Sancta
1652 1357 1783 1431 (lister-

222 1477 334 1548 ciensi
361 1476 628 1567 practicabatu'r,
656 1477 786 1568 absque
814 1478 1050 1562 contentione,
1063 1522 1065 1526 -
1078 1496 1253 1549 murmure
1281 1482 1317 1548 ct
1344 1478 1486 1567 querela
1514 1478 1617 1550 vitae.
1661 1478 1783 1571 ltaque

222 1604 263 1669 et
290 1598 465 1688 principes
482 1602 519 1668 et
535 1618 698 1688 proceres
725 1600 823 1689 regni
850 1597 1025 1688 Poloniae,
1053 1598 1220 1690 singulari
1250 1598 1435 1671 dovotione
1462 1606 1498 1671 ct
1526 1600 1671 1671 caritate
1704 1622 1783 1691 prc—
1863 1690 1868 1697 Ι

221 1728 306 1810 pter
331 1740 559 1809 personarum
595 1720 859 1810 religiositatem
896 1727 934 1791 et
964 1720 1243 1820 sanctimoniam,
1280 1720 1330 1791 illi
1359 1720 1598 1793 afficiebantur
1625 1722 1725 1823 loeo,
1748 1726 1784 1794 et

157 1914 163 1922 ,
222 1842 497 1913 substantiarum
525 1862 664 1911 suarum
693 1841 929 1932 eleemosynas
947 1843 982 1913 in
1001 1842 1096 1912 illum
1126 1842 1284 1915 munifice
1304 1848 1340 1914 et
1359 1842 1516 1914 certatim
1545 1842 1782 1915 conterebanti

222 1962 319 2033 Erat
341 1968 456 2034 autem
484 1962 682 2034 universum
711 1964 966 2052 monasterium,
993 1962 1141 2035 ecclesia
1159 1968 1195 2033 et
1214 1980 1332 2034 ornnes
1361 1963 1518 2035 cificime
1545 1964 1620 2034 cius
1640 1956 1811 2054 plumbo,¹

104 2158 111 2161 ,
222 2089 352 2173 tectae,
380 2084 485 2174 longa
501 2084 698 2155 annositate
716 2084 780 2155 sub
798 2106 867 2155 uno
886 2091 1006 2155 tenore
1024 2084 1233 2173 duraturae3
1261 2084 1322 2155 sed
1342 2085 1479 2155 iuterim
1499 2084 1659 2157 humanis
1678 2084 1783 2155 scele-

222 2206 333 2293 ribus,
353 2205 574 2277 maiestatem
592 2204 745 2276 divinam
763 2205 1046 2297 provocantibus,
1061 2205 1288 2279 Tartaromm
1307 2228 1392 2296 gens
1411 2228 1453 2277 ex
1473 2204 1614 2297 perfidis
1634 2204 1784 2297 regioni-

223 2326 303 2415 bus,
320 2325 364 2397 ad
382 2327 497 2397 instar
513 2325 726 2407 locustarum
745 2326 781 2398 in
800 2346 926 2417 magna
942 2326 1176 2417 multitudine,
1195 2322 1293 2399 cuius
1311 2328 1454 2399 Batth
1464 2350 1486 2419 y
1515 2324 1592 2398 erat
1610 2327 1783 2417 princeps,

224 2446 393 2537 ebuliens,
411 2452 450 2518 ct
462 2466 607 2538 regnum
621 2446 787 2519 Poloniae
800 2448 942 2519 feritate
954 2449 1138 2521 barbarica
1151 2448 1356 2539 irrumpens,
1374 2455 1455 2539 post
1469 2447 1653 2539 plerasque
1668 2446 1783 2519 clades

223 2564 368 2640 Polonis
386 2588 463 2639 cum
482 2568 552 2639 illis
570 2569 751 2640 decertare
769 2571 1081 2665 praesumentibus,
1100 2572 1239 2643 occulto
1256 2569 1373 2641 divino
1392 2564 1521 2641 iudicio
1540 2569 1665 2659 illatas,
1684 2590 1782 2640 exer·
1815 2558 1822 2569 ’
1953 2562 1983 2649 ,’

222 2690 333 2762 citum
348 2688 473 2761 bifarie
490 2689 611 2761 divisit
623 2696 660 2762 et
671 2712 742 2787 uno
756 2687 878 2763 versus
895 2691 1039 2764 Gracc
1049 2716 1070 2763 r
1080 2693 1167 2764 iarn
1190 2690 1409 2783 procedente,
1428 2692 1540 2763 altero
1555 2710 1677 2762 versus
1691 2688 1783 2761 Lanss
1922 2725 1927 2733 ·
1976 2707 1978 2719 ·

223 2812 408 2884 niciensem
427 2819 464 2883 et
490 2812 632 2884 maioris
658 2796 832 2884 Poloniae
851 2834 931 2884 oras
959 2815 1178 2905 procedente,
1206 2813 1250 2884 ab
1278 2811 1419 2883 lsclensi
1447 2812 1620 2900 districtu,
1648 2812 1684 2882 in
1713 2832 1782 2902 quo

224 2940 366 3023 extunc,
385 2952 493 3023 usque
512 2933 555 3005 ad
575 2934 662 3005 baec
679 2940 848 3025 tempora,
875 2934 972 3007 locus
999 2936 1183 3025 saltuosos,
1211 2954 1273 3025 por
1292 2952 1390 3024 quern
1411 2932 1581 3005 barbarus
1600 2931 1783 3004 incedebat

224 3055 368 3127 Batth
379 3076 403 3146 y
421 3055 629 3145 appellatur,
643 3056 700 3127 via
713 3056 758 3127 ad
781 3036 1100 3153 Wanchoczsho,
1128 3055 1373 3128 nonasterium
1388 3052 1558 3125 liuthenis
1570 3052 1783 3145 regentibus,

225 3176 453 3248 Tartarorurn
480 3197 622 3270 gressus
640 3176 764 3249 ductus
787 3180 956 3269 peruenit,
983 3184 1019 3250 ct
1045 3178 1164 3250 multis
1192 3178 1276 3249 viris
1305 3174 1476 3266 religiosis
1504 3175 1647 3265 necatis,
1674 3173 1783 3245 omui-

223 3299 292 3371 bus
318 3298 463 3390 insnper
488 3298 667 3370 clenodiis>
682 3305 720 3370 ct
745 3300 969 3372 facultatibus
988 3300 1189 3372 monasterii
1218 3296 1376 3388 direptis,
1403 3296 1649 3369 monasterium
1676 3294 1782 3366 etiam

224 3421 262 3491 in
289 3420 393 3491 tertis
419 3420 493 3491 suis
518 3419 693 3491 nobilibus
728 3421 808 3512 igne
834 3422 1081 3513 conflagravit,
1120 3422 1180 3493 ubi
1208 3428 1243 3492 et
1270 3426 1352 3491 tunc
1380 3420 1544 3491 uniuersa
1580 3408 1783 3489 monasterii

124 3554 128 3560 ·
198 3560 205 3571 ·
224 3542 374 3632 praelati
403 3542 539 3631 periere
555 3534 628 3614 tam
647 3528 838 3634 privilegia,
867 3564 969 3635 quam
988 3544 1152 3615 camnilie
1169 3548 1206 3614 et
1224 3542 1335 3614 omnis
1362 3541 1469 3613 decor
1487 3538 1644 3612 coenobii
1671 3544 1708 3609 et
1727 3556 1784 3608 ve·

211 3670 362 3735 'nastes
376 3662 578 3734 deformata.
623 3656 697 3734 Nec
722 3654 903 3755 tantopere
930 3664 1169 3737 destmctione
1196 3663 1396 3737 monasterii
1424 3667 1563 3749 secuta,
1594 3661 1710 3750 potuit
1738 3658 1782 3731 ad

224 3786 364 3877 plenum
393 3784 565 3875 resarciri,
606 3786 785 3857 contendit
811 3791 926 3857 tamen
955 3792 1123 3876 quantum
1151 3786 1187 3855 in
1215 3807 1257 3855 eo
1283 3784 1349 3854 tuit
1376 3782 1589 3855 clarissimus
1616 3786 1652 3851 et
1678 3780 1784 3852 devo-
1842 3806 1847 3828 1
1889 3858 1893 3867 ,

131 3907 135 3917 ’
225 3907 383 3982 desitum
418 3906 582 3999 princeps
618 3906 869 3979 Boleslaus
902 3906 1106 3978 Pudicus
1143 3905 1384 3978 Gracoviensis
1419 3910 1457 3976 et
1494 3902 1783 3977 Sandonririensis
1904 3938 1917 3961 a

226 4028 307 4116 dnn,
334 4035 372 4100 et
396 4030 496 4118 regni
523 4026 688 4101 Poloniae
715 4029 912 4118 monarcha,
939 4029 1187 4101 monasterium
1220 4027 1414 4117 praelatum
1442 4023 1720 4095 Wanchoczense
1747 4023 1783 4095 in

225 4151 339 4223 literis
363 4142 578 4222 iundationia
604 4172 668 4241 per
693 4150 861 4222 Tartarus
887 4150 1095 4240 combustis,
1122 4156 1171 4221 et.
1186 4149 1221 4219 in
1251 4146 1342 4219 villis
1368 4153 1405 4218 et
1431 4144 1708 4219 haereditatibus
1734 4144 1784 4215 ei·

226 4272 304 4345 dem
332 4272 545 4344 monasterio
571 4273 607 4343 in
634 4271 891 4363 eleemosynam
914 4271 1058 4361 collatis,
1085 4271 1131 4343 ab
1158 4270 1367 4342 alienatione
1385 4272 1422 4340 ct
1440 4266 1666 4358 occupatione
1694 4264 1784 4335 inin·

226 4400 284 4465 sta
309 4393 501 4465 vendicare.
532 4394 755 4484 Quapropter
779 4392 892 4465 cidem
920 4394 1133 4465 monasterio
1159 4393 1195 4463 in
1220 4400 1381 4481 tempora
1407 4390 1527 4461 tratura
1554 4386 1784 4475 consulturus,

226 4514 463 4589 laudationem
491 4514 694 4587 monasterii
721 4514 869 4606 praelati
896 4534 987 4587 anno
1014 4514 1154 4586 Domini
1186 4514 1294 4601 1260,
1322 4516 1446 4584 octava
1473 4510 1529 4583 die
1557 4508 1650 4598 Mai,
1691 4506 1783 4599 apud

227 4636 431 4733 &acumem
458 4617 582 4727 meus,
622 4656 687 4727 per
713 4637 849 4709 litteras
876 4655 958 4709 suas
984 4636 1152 4726 speciales
1179 4636 1367 4724 innovavit,
1394 4636 1430 4705 in
1458 4632 1582 4723 quibus
1610 4635 1647 4702 et
1673 4630 1781 4701 dona-

226 4760 340 4830 tiones
375 4764 412 4830 et
441 4757 629 4830 donatores
664 4779 707 4830 ex
743 4758 899 4847 nomine,
938 4758 1086 4848 provida
1120 4746 1295 4843 industria
1330 4754 1529 4829 multifariis
1563 4751 1782 4856 respectibus

198 4879 409 4971 *profutura
435 4869 636 4971 singillatim
664 4878 858 4969 descripsit
903 4878 957 4950 Ea
986 4900 1055 4970 quc
1081 4877 1431 4981 quidemnprivilegic
1468 4872 1678 4946 Boleslai
1706 4870 1783 4942 Pu·

227 5001 323 5072 dici
350 4998 449 5075 ducis
474 5001 640 5092 praelati,
677 5000 769 5092 quod
796 5002 831 5072 in
858 5002 1063 5075 monasterii
1089 5000 1380 5072 Wancbocnensis
1407 5004 1546 5071 tenetur
1573 5002 1610 5067 et
1636 4994 1785 5085 habetur

119 5131 123 5136 ’
226 5124 389 5213 armario,
416 5144 507 5195 vana
531 5143 677 5215 prorsus
703 5129 739 5195 et
766 5123 912 5195 ridenda
938 5124 1072 5195 censeri
1099 5122 1205 5195 debet
1230 5120 1484 5209 nonnullorum,
1511 5124 1547 5207 ct
1574 5115 1780 5209 praesertim

226 5244 379 5317 familiae
406 5244 664 5337 (typo-orum
690 5245 864 5336 gloriatio,
892 5258 981 5336 quae
1007 5266 1046 5317 sc
1071 5244 1276 5317 monasterii
1302 5242 1397 5315 illius
1424 5240 1550 5355 asserit
1578 5236 1783 5310 dotatricem

227 5366 452 5459 principalem
488 5374 526 5439 ct
550 5366 798 5456 laudatricem,
837 5367 873 5437 in
900 5366 961 5438 illo
988 5366 1158 5459 siqnidem
1195 5365 1397 5457 privilegio,
1438 5362 1538 5455 quasi
1574 5360 1610 5431 in
1638 5357 1784 5451 quodam
1829 5446 1859 5473 Ι.

224 5488 370 5579 speculo
394 5488 621 5579 mutemplari
647 5487 745 5578 licet,
781 5508 850 5561 uon
877 5508 981 5561 unam
1009 5488 1268 5580 Oygnorum
1306 5486 1462 5575 domum,
1496 5480 1556 5555 sad
1583 5480 1699 5554 varias
1725 5500 1785 5571 ge-

227 5608 405 5702 nealogias
432 5616 469 5682 et
494 5608 662 5700 familias,
678 5606 946 5683 .·monastcrium
982 5610 1175 5702 praefatum
1209 5610 1255 5702 de
1283 5608 1355 5681 suis
1383 5604 1659 5680 haereditatibus
1686 5602 1786 5675 dota-
1901 5614 1912 5630 ‘

226 5732 330 5823 risse,
342 5731 556 5824 saepefatum
571 5750 656 5804 verc
670 5732 936 5804 Boleslaum
951 5732 1172 5807 Pudicam
1187 5731 1353 5805 Poloniae
1368 5731 1489 5805 ducem
1504 5734 1540 5801 et
1554 5722 1786 5816 monarcham,

331 5900 539 5943 bibendam.
880 5904 887 5909 “
1558 5880 1616 5929 ,51
