4492 6592
456 750 533 826 408

453 963 618 1052 pertinet
653 956 695 1032 ln
721 978 791 1051 qua
822 965 904 1031 sunt
939 959 1009 1032 duo
1035 941 1125 1031 lanei
1161 958 1414 1049 cmethonales,
1441 964 1477 1031 et
1500 936 1663 1055 'quilibet
1676 960 1782 1031 solvit
1809 977 1873 1050 per
1898 978 2013 1031 nuum
2142 932 2143 941 ἵ

454 1082 642 1171 fertonem,
669 1081 753 1152 item
789 1100 856 1153 ova
881 1080 1046 1172 triginta,
1073 1080 1155 1153 item
1191 1080 1303 1171 gallos
1329 1086 1498 1171 quatuor,
1525 1080 1609 1151 item
1637 1100 1759 1152 caseus
1785 1080 1882 1160 duca.
1921 1079 2015 1151 Item

376 1246 383 1253 -
455 1201 593 1274 laborat
619 1200 767 1293 quilibet
792 1202 837 1274 de
862 1201 963 1274 lanea
989 1221 1094 1274 unum
1121 1202 1213 1273 diem
1240 1202 1276 1273 in
1301 1202 1513 1293 septimana,
1540 1202 1682 1295 proprio
1708 1222 1814 1273 curru
1841 1208 1905 1273 aut
1932 1220 2017 1271 am

453 1328 519 1408 tre.
555 1322 643 1397 Item
678 1303 859 1418 peccabam
893 1322 1056 1396 laborant
1082 1322 1271 1416 duplicem,
1299 1342 1363 1414 pro
1391 1342 1473 1395 vere
1499 1322 1661 1395 videlicet
1687 1330 1725 1394 et
1750 1323 1883 1413 hyeme.
1921 1322 2017 1393 Item
2142 1376 2143 1389 ,

442 1467 591 1541 ‚oeezyep
617 1444 772 1534 solvunt,
799 1450 876 1517 cetu
903 1446 1028 1516 charus
1054 1464 1184 1517 avenae
1211 1451 1247 1516 et
1275 1450 1430 1535 quatuor·
1451 1442 1609 1535 siliginis.
1649 1444 1736 1516 Item
1764 1444 1914 1515 taberna
1939 1462 2019 1515 una

453 1564 585 1636 habens
612 1586 725 1655 agros,
751 1571 789 1637 et
814 1566 920 1639 solvit
946 1565 1094 1638 mediam
1121 1586 1283 1637 marcam.
1309 1564 1396 1636 Ibem
1423 1564 1622 1637 hortularia
1648 1586 1727 1671 upa,
1754 1571 1790 1635 et
1809 1564 1917 1637 solvit
1936 1570 2018 1636 tres
2142 1652 2143 1655 Ἴ

453 1706 615 1776 gressus,
641 1691 679 1757 et
704 1685 843 1759 laborat
878 1706 982 1758 uuum
1009 1686 1100 1757 diem
1129 1686 1164 1757 in
1192 1686 1404 1777 septimana3
1431 1687 1513 1757 item
1540 1684 1739 1777 praedium,
1767 1686 1850 1757 item
1876 1686 2020 1757 molen·
2141 1764 2143 1789 4

453 1806 582 1879 diuum.
617 1808 716 1879 ltem·
733 1826 853 1879 emnes
879 1807 955 1898 agri
981 1806 1085 1879 villae
1111 1806 1252 1881 solvunt
1277 1812 1315 1879 et
1341 1806 1539 1887 conducunt
1564 1806 1731 1879 decirnam
1759 1806 2020 1897 manipularem
2142 1832 2143 1907 3

452 1933 490 1999 et
516 1927 716 2019 canapalem
742 1948 807 2019 pra
842 1928 1051 2001 monasterio
1078 1926 1369 2017 Wancheczensi,
1394 1929 1450 1999 cui
1477 1934 1544 2018 per‘
1574 1928 1774 2019 episcopum
1801 1928 2019 2001 Gracomeu-

454 2066 525 2119 sem
554 2047 811 2125 Gedaanem
838 2049 1008 2141 iuscripta
1031 2056 1070 2121 et
1095 2048 1224 2125 donata
1250 2054 1313 2140 est,
1340 2055 1377 2121 et
1403 2048 1501 2125 valor
1527 2049 1731 2137 aestimatur
1757 2050 1802 2121 ad
1828 2048 2018 2123 duedecim

418 2162 598 2241 ‘marcas
625 2169 785 2245 Gentium
810 2190 887 2242 cum
914 2170 1147 2262 Mnyazek,
1174 2170 1401 2262 Wclycza.

557 2291 746 2381 Baznzrs,
774 2292 857 2363 villa
882 2292 948 2365 sub
983 2292 1151 2383 parocbia
1177 2292 1220 2365 dc
1247 2291 1659 2386 Swyanthamarza
1685 2292 1770 2381 sita,
1797 2292 1896 2363 cuius
1926 2312 2019 2383 para

455 2434 476 2483 a
503 2412 754 2487 Lambertc
772 2412 889 2485 trabe
924 2412 1182 2486 cherubini
1208 2413 1252 2487 de
1278 2412 1534 2505 Wyszolrye
1561 2412 1691 2485 donata
1717 2418 1771 2484 est
1797 2414 2019 2485 monasteria

454 2532 737 2625 Wancbocaensi,
764 2554 847 2625 pars
872 2535 918 2608 ab
944 2534 1187 2607 archidiacano
1205 2532 1403 2607 Albertu
1431 2540 1555 2626 empta
1573 2556 1651 2607 sors
1669 2532 1937 2626 Graykcuis
1965 2534 2016 2605 ab

452 2657 616 2746 episcope
642 2654 866 2729 Gramviensi
891 2656 986 2743 data,
1005 2678 1083 2730 sors
1100 2657 1194 2729 Szm
1205 2678 1394 2748 yssczae
1421 2677 1443 2728 a
1459 2656 1542 2729 liliis
1560 2657 1645 2745 eius,
1663 2676 1726 2747 pru
1747 2656 1895 2727 sedecim
1916 2677 2015 2727 mar·

453 2778 504 2849 cis
529 2782 667 2869 empta3
693 2779 728 2849 in
756 2798 825 2870 qua
851 2777 1009 2851 undecim
1029 2832 1198 2851 .......
1225 2785 1262 2850 et
1288 2778 1434 2869 quilibet
1464 2778 1571 2851 solvit
1597 2800 1703 2850 anum
1731 2777 1912 2867 lenonem,
1938 2798 2018 2848 una

454 2898 602 2971 taberna
643 2898 781 2972 salvans
816 2919 919 2972 unam
954 2918 1179 2991 sexagenum,
1215 2900 1395 2991 praedium
1431 2920 1554 2989 unum,
1582 2898 1688 2971 etde
1715 2899 1874 2971 omnibus
1901 2898 2016 2970 datur

449 3019 584 3092 decima
609 3020 835 3113 manipularis
852 3020 1125 3112 praepositurae
1151 3020 1341 3093 Kelczensi.
1369 3020 1483 3095 Huius
1509 3020 1613 3094 villae
1642 3021 1839 3112 propriaue
1857 3022 2018 3111 pertinet

452 3146 544 3212 nunc
572 3140 618 3213 ad
648 3142 887 3234 episcopatum
918 3142 1185 3215 Gramviensem
1211 3142 1314 3235 plenu
1341 3144 1426 3233 iure,
1453 3149 1490 3215 et
1516 3142 1669 3215 alienata
1690 3147 1744 3214 est
1760 3162 1782 3213 a
1799 3143 2021 3215 manasterio

452 3258 735 3353 Wancbccrenai,
761 3282 804 3335 ex
830 3282 936 3335 causa
957 3263 1233 3355 permutationis.

557 3380 900 3475 Pamnosaawrczn,
927 3384 1011 3458 villa
1036 3385 1101 3459 sub
1127 3386 1294 3476 parochia
1320 3386 1363 3457 de
1392 3382 1661 3477 Wasanycw
1687 3385 1775 3475 sita,
1802 3385 1901 3457 euius
1929 3406 2017 3476 pru·

452 3504 584 3594 prietes
608 3503 654 3576 ad
681 3506 929 3577 monasterium
957 3504 1239 3579 Wanchecze'nse
1266 3507 1426 3599 pertinet.
1463 3508 1502 3577 lu
1529 3528 1599 3597 qua
1625 3513 1707 3579 sunt
1733 3506 1824 3577 lanei
1852 3506 2014 3577 emetha-

451 3622 557 3716 nalea,
583 3630 620 3697 et
646 3625 793 3717 quilibet
819 3627 924 3699 solvit
941 3682 949 3697 .
968 3681 976 3697 .
995 3682 1021 3718 .,
1048 3628 1133 3701 item
1163 3648 1243 3717 eva,
1263 3628 1358 3699 item·
1364 3628 1484 3718 gallos,
1503 3628 1587 3700 item
1606 3646 1746 3701 caueae·
1762 3628 1849 3699 ltem
1868 3626 2017 3699 laborat
2138 3606 2140 3629 ¹

452 3746 598 3836 quilibet
625 3747 668 3820 de
694 3748 796 3821 lanea
822 3770 927 3822 unum
954 3748 1045 3821 diem
1073 3750 1109 3820 in
1136 3749 1349 3839 septimana,
1376 3750 1518 3840 proprio
1545 3768 1650 3821 curru
1676 3754 1895 3837 saturatae,
1924 3750 2014 3823 item
2136 3750 2138 3831 1

452 3866 641 3963 peccabam,
668 3870 752 3945 item
779 3892 926 3967 oaezyep.
952 3870 1040 3942 Item
1067 3860 1236 3943 tabernae
1253 3874 1327 3941 tres
1346 3870 1514 3943 habentes
1532 3892 1644 3963 agree.
1670 3870 1757 3941 Item
1777 3871 2013 3945 hortulaniae.
2132 3894 2137 3975 ss

450 3990 538 4061 Item
566 3990 746 4081 praedium
772 3990 972 4064 coenobiale
998 3997 1055 4064 est
1079 3993 1129 4063 ibi
1157 3992 1294 4081 bunum,
1321 3990 1365 4063 de
1392 3992 1489 4063 euius
1517 3992 1615 4083 agris
1631 3994 1877 4089 monasteriqm
1900 3992 2013 4065 Wan-
2135 3992 2136 3997 ’

450 4112 639 4185 cbeczense
665 4132 729 4203 pra
756 4134 795 4185 se
821 4112 916 4185 tellit
941 4114 1129 4201 decimam3
1156 4113 1238 4185 item
1266 4113 1509 4185 molendinum.
1537 4112 1623 4185 Item
1653 4134 1772 4185 omnes
1798 4114 1876 4204 agri
1906 4114 2014 4186 villae
2133 4116 2134 4119 ’

451 4233 592 4307 solvunt
627 4240 664 4306 et
700 4233 899 4307 conducunt
933 4234 1100 4307 dmimam
1132 4226 1386 4325 'manipularem
1414 4240 1451 4305 et
1477 4235 1677 4326 canapalem
1704 4256 1768 4326 pro
1795 4237 2014 4307 monasterio

454 4353 736 4445 Wancbcczensi‚
763 4362 801 4427 et
826 4354 926 4427 valer
951 4355 1027 4427 eius
1052 4356 1259 4429 aestimatur
1285 4356 1329 4428 ad
1349 4410 1356 4425 .
1429 4376 1571 4429 marcas.
1598 4356 1758 4428 munnae
1783 4376 1860 4427 cnm
1884 4356 2014 4448 ch·
2131 4364 2133 4373 ⁴

451 4476 792 4567 czechcwycze,
819 4476 1256 4567 Swyansalrawiczq
1285 4476 1515 4550 Nceezow.

553 4595 932 4688 Werczucnowrcza,
959 4596 1043 4669 villa
1068 4598 1134 4669 sub
1160 4599 1326 4689 parocbia
1352 4598 1395 4670 de
1414 4598 1683 4690 Wasanycw
1710 4598 1786 4687 sita,
1805 4598 1904 4670 euius
1924 4599 2010 4670 bae-
2129 4584 2131 4592 ’

451 4717 553 4790 redes
588 4716 747 4789 Glamb
781 4724 819 4790 et
853 4718 1053 4790 Zalrlilra
1087 4702 1458 4811 Gzyayauczek'y.
1498 4720 1537 4791 ln
1566 4742 1634 4811 qua
1661 4720 1910 4798 monasterinm
1933 4738 2010 4791 nau

449 4817 544 4912 aliud
571 4840 698 4930 babet,
724 4840 791 4913 nisi
818 4860 922 4913 anam
957 4841 1138 4912 tabernam
1167 4841 1351 4913 habentem
1379 4862 1483 4932 agras
1518 4840 1686 4932 speciales
1712 4846 1747 4911 et
1773 4846 1892 4932 mata,
1920 4862 2012 4932 quae

448 4960 553 5033 solvit
578 4961 789 5034 monasterio
815 4958 1088 5049 Wanqbcczensi
1115 4968 1189 5035 tres
1216 4962 1387 5053 fertones,
1416 4970 1453 5035 et
1479 4963 1675 5035 decambita
1700 4962 1767 5034 brit
1793 4982 1856 5052 pro
1884 4962 2009 5034 scelte

448 5083 500 5155 tia
524 5083 561 5159 iu
587 5082 875 5157 Orzisszuwa
902 5082 1070 5175 Wclya.
1097 5082 1183 5156 ltem
1209 5082 1344 5156 decima
1371 5091 1456 5176 pest
1478 5106 1597 5157 omnes
1624 5104 1727 5176 agros
1754 5082 1869 5173 villae,
1887 5084 2008 5157 taber-

298 5226 307 5235 ’
448 5226 597 5277 liae...

550 5324 910 5416 Pausszruewrcza,
935 5324 1020 5399 vilia
1046 5327 1111 5398 snb
1138 5327 1304 5418 parochia
1330 5326 1374 5399 de
1402 5327 1674 5421 Wasznycw
1700 5328 1776 5416 sita,
1803 5326 1902 5401 cuius
1927 5350 2004 5399 sor-

448 5454 519 5520 tem
546 5448 759 5522 mcnasterio
785 5448 1057 5523 Wancboczensi
1074 5448 1361 5521 Humbertus
1387 5451 1572 5523 canonicus
1590 5448 1694 5526 dedit
1721 5450 1762 5522 lu
1779 5472 1848 5542 qua
1865 5450 2004 5541 quidem

449 5574 546 5640 sorte
572 5577 655 5642 sunt
681 5570 772 5642 lanei
799 5570 1045 5660 cmetbcnalea,
1071 5576 1109 5641 et
1136 5570 1283 5661 quilibet
1310 5571 1414 5643 solvit
1433 5626 1440 5642 .
1460 5626 1467 5641 .
1487 5627 1511 5661 .,
1541 5572 1622 5643 item
1649 5572 1794 5664 triginta
1821 5592 1895 5661 eva,
1922 5572 2003 5642 item
2081 5568 2084 5589 ¹

450 5689 538 5763 duos
563 5710 729 5784 capanea,
755 5692 838 5769 item
866 5712 1004 5785 meos,
1030 5692 1118 5768 item
1153 5690 1290 5769 laborat
1318 5692 1465 5785 quilibet
1491 5693 1582 5766 diem
1609 5694 1645 5765 in
1673 5694 1865 5785 septimana
1889 5710 2004 5782 muna
