4492 6592
485 755 557 830 les

481 959 726 1052 Evangelistae
751 959 787 1030 in
815 957 941 1048 oppido
968 956 1309 1046 Pysndsionow,
1334 954 1504 1028 &nemis
1528 958 1677 1042 umas,
1694 952 1732 1024 in
1748 951 1949 1043 regularem
1961 950 2028 1022 esi·
2157 944 2162 1005 l

481 1081 629 1172 gandam
656 1085 693 1152 et
713 1076 990 1152 transferendam
1008 1076 1179 1166 (luximus,
1196 1075 1511 1166 monasteriumque
1529 1072 1662 1147 ordinis
1678 1069 1797 1145 Saueti
1809 1067 1911 1144 Pauli
1927 1070 2031 1159 primi

482 1201 684 1286 heremitae,
721 1198 766 1270 sd
796 1198 962 1270 honorem
998 1195 1255 1287 Omnipotentis
1279 1195 1363 1282 Dei,
1390 1201 1429 1266 et
1453 1195 1519 1268 sub
1544 1193 1649 1266 titulo
1674 1190 1824 1283 praeisti
1849 1190 2030 1282 gloriosis·

483 1321 561 1392 simi
597 1318 757 1410 Apostoli
792 1323 829 1390 et
863 1315 1108 1408 Evangelistee
1135 1315 1238 1388 Beati
1262 1314 1434 1390 lomenia
1459 1315 1496 1386 iu
1522 1313 1617 1405 ipsa,
1643 1318 1766 1387 tenore
1791 1311 2028 1403 maerentium

348 1450 354 1460 '
483 1440 636 1528 lauimus,
663 1439 838 1529 erigimus,
865 1436 1057 1526 nudamus,
1084 1435 1297 1510 instituimus
1323 1440 1358 1507 et
1384 1434 1594 1524 ortuense,
1620 1433 1786 1522 volentes,
1813 1415 1867 1506 ut'
1880 1431 1970 1504 inibi
1986 1430 2030 1504 sle
2159 1476 2160 1499 2

481 1567 619 1632 casuro
646 1559 694 1630 sit
719 1563 756 1630 et
781 1559 898 1648 sigen
924 1556 1148 1630 observantia
1172 1555 1353 1647 mustis,
1377 1555 1431 1628 ita
1455 1554 1635 1643 videlieet,
1660 1553 1764 1626 utin
1790 1552 1883 1624 dieto
1910 1571 2030 1624 mona·

482 1681 607 1769 sterio,
635 1680 727 1770 quod
761 1698 833 1752 una
867 1697 944 1751 oum
980 1677 1090 1768 ipsius
1116 1677 1278 1768 moesia,
1304 1696 1482 1750 murorum
1507 1673 1692 1764 aedituis,
1717 1673 1857 1746 averte
1881 1671 2030 1746 Domino
2057 1674 2062 1688 '
2158 1764 2159 1769 Ν

480 1801 609 1874 umeris
635 1798 804 1890 expensis,
831 1797 1095 1886 construximus,
1121 1797 1267 1886 mnes,
1293 1797 1353 1887 qui
1378 1797 1415 1868 iu
1441 1815 1483 1868 eo
1509 1815 1575 1886 pro
1600 1813 1693 1868 nuno
1717 1793 1923 1885 oougregati
1949 1798 2030 1866 suut

481 1921 631 2011 quinque
658 1939 721 2008 pro
747 1923 913 2008 tempore,
939 1915 1069 1990 luerim
1093 1918 1130 1988 iu
1155 1917 1308 1990 tuturuu
1334 1915 1536 2014 meandum·
1548 1915 1704 2006 mulam
1720 1913 1823 1986 Beati
1839 1913 2030 2004 Augustini

482 2041 546 2112 sub
581 2039 684 2114 titulo
720 2043 757 2111 et
792 2037 913 2110 ordine
949 2037 1050 2110 Beati
1086 2037 1186 2112 Puull
1220 2037 1324 2128 primi
1357 2037 1565 2125 heremitae,
1596 2035 1657 2126 qui
1691 2032 1865 2125 queam
1891 2034 2025 2124 primus

481 2159 759 2232 ennehoretioam
794 2158 904 2230 vitam
930 2157 1168 2231 adunandam
1194 2157 1379 2239 emanata
1406 2154 1875 2248 aggressua,l1uiuaeemo‹li
1900 2175 2026 2226 nornen
2153 2198 2158 2253 ¹,

481 2281 627 2354 sortitus
654 2283 716 2369 est,
744 2299 858 2350 mores
884 2283 921 2352 et
947 2278 1054 2352 vitam
1080 2278 1235 2369 dirigant
1261 2283 1298 2350 et
1322 2283 1540 2369 eonpouaut,
1566 2281 1604 2349 et
1619 2277 1684 2349 sub
1701 2274 1876 2367 numidio
1894 2281 1931 2348 et
1947 2293 2027 2366 pro
2157 2314 2158 2317 κ

480 2400 631 2474 matium
669 2399 760 2472 tanti
788 2397 956 2490 'Apostoli
991 2404 1028 2471 et
1062 2400 1219 2490 patroni,
1251 2398 1308 2472 oui
1341 2399 1446 2472 etiam
1481 2397 1641 2477 Christus
1676 2397 1836 2472 dommus
1862 2397 1900 2468 in
1925 2415 2028 2470 erues
2145 2370 2158 2405 ’

479 2520 633 2611 peullam
669 2524 816 2594 matrem
843 2539 940 2592 suam
967 2518 1153 2610 Virginum
1179 2519 1320 2610 Virgini
1345 2517 1615 2608 wmnauiavit,
1640 2517 1873 2596 continentiae
1899 2515 2029 2608 aad*
2154 2508 2157 2597 J

479 2659 595 2730 sores,
631 2645 764 2712 oretum
799 2639 888 2730 Regi
924 2639 1098 2712 saelorum
1133 2659 1270 2739 senape
1309 2639 1497 2713 exhibeam
1535 2637 1747 2714 fmulstsm
1794 2637 1844 2712 lla
1876 2637 1961 2728 qaia
1994 2642 2030 2710 et
2091 2665 2098 2670 ·

479 2761 695 2851 experientia
720 2759 875 2850 donante,
902 2765 939 2832 et
965 2779 1144 2832 merorum
1169 2779 1338 2834 senonum
1354 2759 1563 2849 testimo,
1579 2759 1817 2850 cognoscimus
1834 2757 2031 2850 spiritualia

480 2881 610 2972 absquo
636 2880 887 2971 temporalibus
914 2901 983 2954 uon
1009 2901 1113 2971 posse
1137 2880 1338 2971 eremum,
1364 2879 1456 2953 uude
1481 2879 1662 2971 praedicto
1687 2879 1909 2969 monasterio,
1937 2878 2029 2970 quoi

479 3021 570 3074 auno
596 3001 737 3080 Domini
767 3001 864 3074 1436
893 3001 1075 3091 ereximus,
1102 2997 1179 3092 pro
1193 3001 1445 3075 sustentatione
1471 2999 1645 3091 corporali
1670 3000 1800 3091 prioris
1825 3005 1864 3072 et
1879 2999 2028 3072 nstrum

480 3121 683 3194 monasterii
710 3120 879 3211 praedicti
915 3120 1158 3212 mtresoriptoe
1184 3122 1402 3212 assignemus
1425 3126 1626 3212 proventus.
1665 3119 1829 3212 Inprimis
1856 3119 2029 3211 sienim

480 3239 523 3312 ds
559 3261 729 3314 eonsensu
763 3245 800 3314 et
835 3259 1000 3332 expressa
1034 3241 1216 3314 voluntate
1251 3241 1423 3332 prendisti
1456 3241 1589 3315 domini
1624 3241 1857 3314 iohannis
1883 3239 2030 3332 palatini
2097 3285 2103 3290 -

480 3359 791 3450 Sandomirieusis,
819 3361 1041 3436 eeclesiarum
1076 3362 1113 3433 iu
1140 3361 1474 3452 Pyaudziosow
1499 3366 1536 3434 et
1560 3361 1913 3453 Wyerosyozou
1938 3360 2031 3434 uuioi

480 3477 658 3552 oollamris
694 3487 731 3552 et
766 3482 924 3572 patroni,
951 3481 1080 3554 eisdem
1107 3481 1241 3571 Priori,
1268 3481 1436 3556 nauibus
1461 3482 1498 3554 iu
1525 3482 1737 3555 memterio
1763 3481 1919 3573 ipsorum
1943 3482 2032 3554 assi-

478 3619 633 3689 gnamus,
661 3601 891 3692 adiungimus,
918 3602 1054 3674 unimus
1081 3609 1118 3674 et
1144 3602 1393 3676 iuriaoeramus
1417 3607 1456 3674 et
1480 3603 1741 3693 inoorporsnm
1758 3607 1795 3674 et
1811 3602 2028 3676 anneotims
2142 3619 2151 3640 ⁸

479 3741 597 3794 omnes
624 3727 660 3792 et
686 3722 840 3813 singulos
867 3727 1056 3813 proventus
1082 3729 1118 3796 et
1144 3722 1296 3798 desinas
1321 3730 1359 3796 et
1385 3723 1623 3814 obventiones,
1640 3723 1685 3796 el
1703 3723 1902 3815 pernosse
1920 3723 2029 3796 eoele-

480 3841 550 3912 sias
590 3843 805 3931 parochiales
844 3843 877 3916 S.
912 3843 1082 3916 Jolrauuie
1123 3822 1161 3916 in
1194 3843 1528 3935 Pyauslziozow
1562 3850 1599 3915 et
1632 3844 1782 3918 Sanctae
1818 3843 1958 3918 Mariae
1991 3845 2027 3916 in

479 3957 835 4055 Wyerezyozow,
863 3984 1008 4054 quarm
1035 3965 1158 4038 titulos
1184 3964 1229 4038 de
1254 3983 1424 4038 consensu
1449 3964 1622 4055 praedicti
1647 3965 1789 4055 eapituli
1810 3965 1923 4038 nostri
1942 3963 2027 4038 Gra·

479 4081 649 4154 eovieusis
675 4085 916 4176 extinguimus,
944 4102 987 4158 as
1005 4086 1150 4176 unoquo
1168 4069 1383 4176 pertinentes
1400 4091 1438 4160 et
1454 4091 1661 4177 spectantes,
1678 4085 1840 4158 muniant
1857 4085 2029 4160 desimam
2160 4124 2161 4137 ,

478 4203 728 4294 manipularem
754 4207 790 4278 in
817 4205 1067 4298 Ooporyua,
1093 4210 1183 4296 post
1199 4225 1318 4278 omues
1344 4211 1381 4278 et
1405 4207 1691 4298 singulosagros
1717 4207 1864 4297 praetii,
1880 4207 2033 4298 praeisti

479 4321 608 4394 domini
642 4324 873 4400 iohannis
909 4326 1056 4416 palatini
1092 4325 1403 4415 Saudomiriensis3
1438 4327 1523 4400 item
1557 4327 1629 4400 tria
1654 4333 1773 4418 mata,
1801 4349 1907 4400 uuum
1933 4334 2031 4401 retro
2128 4321 2137 4330 ’

478 4441 602 4514 flumen
629 4443 748 4516 Nida
782 4446 982 4536 malignum
1008 4446 1084 4518 loeo
1111 4445 1358 4518 Bistraeoz
1385 4448 1578 4538 appellato,
1605 4447 1701 4520 aiut
1725 4449 1764 4520 iu
1789 4448 2031 4541 Szmpsslo·
2159 4438 2160 4459 ¹

478 4562 601 4636 chon
610 4586 642 4654 y,
669 4570 705 4638 et
731 4567 875 4640 tertium
902 4567 995 4638 eirea
1021 4571 1166 4657 pratum
1179 4567 1349 4640 advocati
1376 4569 1464 4642 Item
1482 4569 1595 4641 laeum
1612 4589 1719 4660 penes
1736 4569 1898 4642 balneum
1916 4568 2031 4661 Pyen-

477 4685 721 4759 slaioroviense.
747 4687 836 4760 Item
862 4687 1002 4760 hortum
1029 4673 1136 4779 penes
1162 4689 1288 4762 tumen
1308 4689 1349 4760 ll
1358 4689 1443 4762 isla
1470 4690 1559 4762 Item
1585 4690 1753 4762 decimam
1778 4691 2038 4781 manipularem.

476 4813 556 4898 post
581 4829 686 4898 agros
713 4808 850 4882 srolteti
876 4809 912 4882 in
940 4809 1023 4881 villa
1049 4808 1272 4901 Gowalye.
1305 4811 1393 4882 ltern
1420 4810 1589 4884 decimam
1614 4799 1865 4903 manipularem
1891 4813 1929 4884 iu
1948 4813 2033 4884 villa

475 4927 785 5019 Marsanczin,
804 4929 909 5002 oanis
936 4931 1065 5022 osunpis
1092 4931 1129 5002 in
1156 4929 1405 5004 Vislioiam
1432 4932 1555 5022 eundo,
1581 4951 1691 5023 prope
1717 4932 2032 5023 mamiaoeutibus,

475 5050 638 5142 exeeptis.
665 5050 755 5122 Item
781 5049 947 5124 deomena
974 5051 1226 5142 manipularem
1252 5051 1465 5143 praedialem
1491 5053 1527 5124 in
1545 5051 1839 5145 Brseszoz‘ye
1865 5053 1909 5126 de
1927 5054 2032 5145 agris,

474 5172 534 5261 qui
561 5193 624 5262 pro
651 5171 795 5262 praelio
821 5171 970 5263 praelati
997 5171 1128 5244 domim
1153 5172 1177 5246 J
1182 5174 1383 5246 ohannis
1408 5174 1566 5265 germani
1591 5174 1705 5248 nostri
1731 5174 1880 5264 palatini
1898 5174 2030 5248 Saudo·

473 5292 647 5365 miriensis
664 5293 737 5366 illie
754 5294 922 5366 haetenus
951 5293 1123 5384 coluntur,
1141 5294 1396 5385 provenientes.
1411 5293 1501 5368 Item
1519 5294 1687 5368 decimam
1705 5294 1970 5386 manipularem,
1986 5317 2028 5370 er

474 5413 625 5500 praediis
653 5414 807 5488 eiusdem
825 5414 956 5488 domini
974 5415 1120 5506 palatini
1132 5415 1429 5490 -Ssuslomirieusis
1445 5416 1483 5489 iu
1500 5415 1740 5508 Posllasze,
1759 5417 2029 5508 provenientem.

473 5531 558 5602 Item
590 5533 677 5604 duos
704 5535 822 5608 laneos
850 5557 1012 5627 agrorum
1040 5537 1108 5613 eibi
1130 5537 1277 5610 invisam
1304 5538 1506 5610 ooniuuotos
1533 5538 1567 5608 iu
1596 5537 1680 5608 villa
1705 5537 2030 5629 Wyerenyozor,

475 5670 581 5750 penas
608 5653 724 5726 villam
753 5676 873 5729 versus
901 5659 1063 5732 montena.
1098 5659 1187 5730 Item
1214 5659 1382 5751 pisoiuam
1409 5679 1531 5732 sersus
1566 5659 1685 5732 villam
1712 5657 2029 5752 Wyerozyesosr·
