4492 6592
479 703 553 772 282

327 939 335 946 ·
428 907 432 914 ’
481 908 549 978 duo
577 903 790 990 molendina,
827 923 931 972 urrani
960 901 1119 991 superius
1147 889 1393 989 monasterias
1407 905 1444 970 et
1470 900 1565 970 aliud
1591 901 1735 974 interius
1761 905 1797 973 in
1824 904 1968 992 piscina,
1995 910 2031 974 et

481 1027 523 1097 de
552 1005 711 1114 quolibet
734 1023 920 1094 soluuntur¹
944 1042 1123 1094 mensurae
1151 1022 1361 1092 monasterio
1389 1041 1432 1091 ex
1460 1021 1636 1092 molitione
1663 1025 1911 1112 provenientes.
1941 1025 2030 1095 Item

481 1148 679 1218 emetbones
707 1143 871 1214 ducturas
898 1143 1012 1212 iacere
1031 1147 1195 1212 tenentur
1221 1142 1406 1213 ordinarie.
1432 1141 1520 1231 Item
1539 1143 1825 1216 adlaborandum
1845 1143 2031 1239 pacatam

481 1289 544 1356 pro
571 1265 729 1354 frugibus
758 1262 972 1354 hyemalibus
1009 1283 1114 1332 urium
1142 1262 1249 1350 diem,
1278 1270 1313 1334 et
1340 1283 1403 1352 pro
1430 1263 1628 1332 vernalibus
1665 1264 1769 1334 alium
1796 1266 1895 1336 diem.
1942 1267 2032 1336 ltem

480 1390 514 1458 in
544 1386 663 1456 eadem
691 1385 773 1454 villa
800 1389 880 1454 sunt
898 1383 986 1454 duae
1005 1383 1157 1472 piscinae
1185 1383 1303 1471 bonae,
1332 1390 1367 1454 et
1396 1384 1488 1454 circa
1508 1383 1696 1472 quamlibet
1717 1392 1770 1455 est
1788 1387 2034 1458 molendinum.

480 1509 568 1578 Item
606 1510 660 1575 est
687 1504 865 1594 praedium
899 1503 1098 1574 morrasterii
1126 1511 1163 1573 et
1190 1504 1265 1591 agri
1294 1503 1504 1592 praedialeS,
1537 1503 1572 1573 in
1599 1511 1673 1572 tres
1700 1525 1838 1594 campos
1866 1494 2034 1589 distincti,

483 1629 526 1698 de
554 1626 678 1716 quibus
707 1625 871 1696 decimam
901 1624 1151 1712 manipularem
1180 1623 1461 1694 sanctimoniales
1482 1623 1566 1692 nulli
1585 1623 1732 1711 solvunt
1760 1626 1821 1696 sed
1847 1627 1942 1696 illam
1971 1648 2035 1716 pro

484 1768 520 1818 se
548 1747 684 1818 tollunt.
728 1746 815 1815 Item
844 1745 918 1834 agri
946 1745 1183 1830 criretbonum,
1218 1745 1498 1832 tabernatorum,
1535 1751 1570 1814 et
1597 1743 1859 1815 hortulanorum
1895 1748 2037 1817 solvunt

486 1869 650 1938 decimam
680 1868 927 1957 manipularem
957 1873 990 1936 et
1018 1887 1079 1955 per
1107 1872 1259 1954 quatuor
1295 1866 1433 1955 ierugas
1470 1865 1670 1953 canapalem
1705 1866 1924 1954 praebendae
1952 1867 2037 1937 Gra·

485 1989 637 2060 coviensi
666 1988 780 2060 dictae
807 1987 1118 2078 Sthanyateczska,
1156 1992 1190 2056 et
1217 1993 1380 2056 tenentur
1407 2008 1482 2057 eam
1511 1986 1710 2056 emetbones
1737 1985 1865 2056 ducere
1892 1986 1927 2056 in
1957 1986 2039 2057 hor-

486 2131 583 2180 reum
611 2131 632 2179 a
659 2110 820 2180 canorrico
849 2109 1039 2196 locandum,
1081 2115 1116 2177 et
1144 2108 1240 2177 valor
1267 2108 1339 2177 eius
1368 2108 1412 2177 ad
1440 2106 1632 2196 quindecim
1661 2127 1794 2177 marcas
1822 2107 2039 2195 aestimatur,

487 2235 628 2320 praeter
649 2227 902 2324 parzquartp,
941 2241 1028 2319 quae
1057 2229 1184 2299 cedunt
1220 2251 1282 2318 pro
1310 2229 1509 2320 praebenda
1535 2227 1757 2298 Oracoviensi
1785 2228 2038 2299 Roszeiowska

487 2353 574 2422 Item
595 2352 751 2441 praelata
770 2352 851 2421 villa
881 2350 1214 2442 Sthanpatbky
1242 2350 1393 2420 confimat
1411 2371 1487 2420 cum
1507 2349 1537 2418 N
1549 2349 1888 2440 yepolomicze‚
1916 2349 2039 2419 Dam-

447 2465 450 2476 '
486 2473 656 2560 brawa,
685 2472 895 2542 Brzesze.

590 2593 702 2681 baar,
731 2593 813 2662 villa
841 2594 903 2663 sub
932 2593 1097 2682 parocbia
1124 2592 1289 2662 ecclesiae
1318 2591 1360 2662 de
1389 2593 1711 2680 Braesznpcza
1737 2591 1814 2678 sita,
1843 2591 2039 2680 cniuspro·

487 2707 616 2803 prietes
645 2720 680 2784 et
708 2714 896 2815 dominium
916 2714 1068 2803 pertinet
1085 2714 1129 2784 ad
1148 2712 1394 2784 monasterium
1414 2712 1725 2783 sanctimonialium
1754 2713 1789 2781 in
1817 2713 2041 2800 Sthanpa·

486 2836 607 2924 thlry.
652 2834 691 2903 ln
731 2857 797 2924 qua
837 2841 917 2905 sunt
955 2834 1102 2906 sedecim
1142 2834 1232 2904 lanei
1260 2834 1494 2904 cmethonales
1521 2838 1556 2904 et
1576 2838 1660 2904 octo
1699 2833 1817 2922 virgae
1857 2853 2040 2903 mensurae

382 2982 389 3001 ‚
487 2955 766 3043 theuthonicalis‚
795 2961 831 3026 et
859 2954 1003 3044 quilibet
1040 2955 1160 3026 laneus
1195 2975 1257 3044 pro
1286 2975 1399 3025 annuo
1435 2975 1539 3024 censu
1575 2954 1678 3024 solvit
1715 2954 1861 3024 mediant
1890 2973 2039 3024 marcam

487 3071 651 3146 latorum
664 3096 864 3164 grossorum
892 3075 1128 3164 Pragensiunr,
1156 3075 1209 3146 uel
1237 3097 1356 3146 eorum
1384 3075 1547 3164 valorem,
1574 3076 1657 3146 item
1685 3075 1772 3145 duos
1797 3075 1932 3172 gallos,
1960 3075 2040 3145 item

489 3196 574 3265 duos
602 3217 701 3266 coros
729 3217 858 3266 avenae
888 3216 1070 3268 nrerrsurae
1098 3197 1272 3268 confertae
1291 3195 1544 3284 tirasonensis,
1572 3196 1655 3266 item
1683 3219 1745 3285 pro
1773 3193 1949 3290 arayodowa
1976 3215 2040 3265 me-

489 3317 582 3386 diurn
610 3337 787 3406 grossum,
824 3317 905 3386 item
934 3317 1070 3388 ratione
1099 3340 1258 3411 operamne
1294 3318 1354 3389 dat
1382 3317 1528 3408 quilibet
1546 3317 1714 3388 medium
1742 3337 1912 3405 grossum.
1959 3317 2041 3387 ltere

491 3459 607 3508 omnes
636 3438 736 3508 simul
764 3439 961 3511 emetbones
990 3439 1074 3510 dant
1098 3425 1184 3510 duos
1212 3440 1400 3529 capreolos,
1428 3441 1511 3509 item
1538 3438 1624 3509 dant
1641 3439 1757 3509 etiam
1774 3438 1875 3508 simul
1904 3444 2040 3509 eentum

491 3581 565 3630 ova.
592 3561 679 3630 Item
708 3581 783 3631 cum
812 3559 946 3632 villanis
974 3561 1017 3632 de
1045 3561 1341 3652 Brzeznycza
1368 3560 1453 3632 dant
1474 3581 1579 3632 urium
1599 3559 1753 3631 vitulum.
1780 3559 1868 3630 Item
1896 3561 2040 3649 quilibet

491 3681 626 3751 emetha
655 3681 696 3752 de
724 3682 824 3753 laneo
852 3683 988 3753 laborat
1006 3682 1041 3753 in
1061 3682 1212 3772 praedio,
1240 3688 1312 3752 tarn
1340 3703 1403 3772 pro
1432 3683 1554 3772 hyeme
1583 3703 1684 3770 quam
1712 3703 1775 3770 pro
1804 3702 1895 3768 vere,
1923 3688 2041 3752 tenen·

488 3811 614 3890 terque
643 3823 742 3872 arare
772 3823 874 3891 agros
904 3803 1106 3893 praediales,
1136 3803 1302 3896 arpicare‚
1330 3823 1446 3873 serere
1473 3810 1509 3873 et
1536 3803 1572 3872 in
1600 3803 1776 3874 borreum.
1791 3809 1896 3891 atque
1924 3823 2038 3873 mona·

492 3924 635 3994 sterium
655 3924 689 3993 in
718 3923 861 3994 Sthan
872 3948 893 4013 p
910 3925 1019 3995 athir
1030 3947 1051 4014 y
1078 3945 1224 4014 granum
1244 3925 1447 3995 trituratum
1466 3923 1644 3999 deducere.
1663 3923 1751 3994 Item
1769 3923 1901 3993 faciunt
1920 3922 2040 3994 ductu·

489 4065 556 4133 ras,
586 4051 755 4134 quotquot
784 4051 864 4116 sunt
895 4047 1111 4116 necessariae
1138 4067 1180 4116 ex
1208 4045 1338 4116 ordine.
1379 4045 1467 4116 Item
1485 4045 1522 4114 in
1541 4044 1661 4116 eadem
1680 4045 1763 4114 uilla
1790 4045 2039 4134 estpraedium

491 4165 688 4236 coenobiale
716 4168 853 4254 bonum,
883 4167 917 4236 in
945 4173 1016 4236 tres
1045 4188 1183 4256 campos
1212 4166 1367 4253 divisum,
1408 4165 1452 4237 de
1479 4165 1576 4237 cuius
1603 4166 1698 4255 agris
1725 4164 1858 4236 decima
1885 4167 2039 4255 manipn-

490 4287 574 4358 laris
602 4309 669 4357 non
698 4288 801 4358 datur
828 4288 991 4358 ecclesiae
1017 4287 1208 4377 parochiali
1227 4288 1355 4357 eteius
1382 4287 1530 4376 plebano
1558 4287 1593 4359 in
1622 4286 1955 4375 Brzesznicza‚
1986 4285 2040 4356 sed

491 4409 618 4478 tollunt
646 4429 719 4478 eam
748 4408 933 4496 moniales,
962 4413 997 4480 et
1025 4409 1059 4478 in
1088 4409 1251 4479 horreum
1288 4429 1387 4478 suum
1415 4397 1588 4478 inducunt.
1633 4408 1722 4478 ltem
1749 4408 1784 4478 in
1812 4408 1935 4478 eadem
1963 4408 2040 4479 villa

492 4536 573 4599 sunt
600 4529 687 4598 duae
715 4530 892 4617 tabernae,
921 4530 1088 4600 habentes
1113 4550 1215 4618 agros
1243 4528 1359 4618 largos
1387 4533 1422 4600 et
1448 4529 1547 4618 latos,
1576 4549 1721 4618 quarum
1749 4549 1817 4599 una
1844 4530 1959 4618 prima
1978 4529 2039 4600 sol·

491 4651 543 4720 vit
569 4670 633 4738 pro
662 4670 774 4720 annuo
803 4670 906 4729 censu
949 4657 1097 4740 quatuor
1126 4671 1259 4721 marcas
1286 4651 1476 4721 communis
1504 4650 1671 4739 pecuniae
1697 4655 1734 4720 et
1762 4671 1867 4720 unum
1894 4650 2040 4740 lapidem

456 4813 464 4824 -
492 4771 565 4860 sepi
593 4791 655 4860 pro
684 4773 914 4860 monasterio,
952 4772 1061 4842 altera
1089 4777 1204 4842 autem
1231 4772 1335 4844 solvit
1373 4775 1444 4842 tres
1471 4792 1605 4842 marcas
1633 4776 1669 4842 et
1695 4772 1799 4842 etiam
1827 4792 1933 4842 unam
1961 4771 2041 4861 lapi-

493 4885 570 4961 dem
598 4892 680 4982 sepi.
708 4893 794 4963 Item
822 4897 894 4962 tres
924 4892 1108 4980 hortulani,
1151 4892 1211 4963 sed
1239 4915 1308 4963 non
1337 4893 1480 4993 solvunt¹
1501 4893 1650 4982 aliquem
1678 4912 1829 4981 censum,
1857 4893 1969 4964 solum
1999 4893 2042 4963 la·

492 5015 594 5083 borat
622 5014 766 5102 quilibet
794 5013 883 5084 diem
912 5015 946 5084 in
975 5015 1169 5103 septimana
1196 5014 1368 5103 pedester.
1404 5015 1491 5084 Item
1518 5013 1610 5085 lanei
1636 5014 1873 5085 emetbonales
1900 5015 1936 5085 in
1966 5015 2042 5086 villa

492 5134 648 5223 praelata
676 5139 711 5203 et
739 5135 1000 5206 hortulanorum
1030 5141 1065 5205 et
1091 5136 1372 5224 tabernatorum,
1409 5135 1547 5206 solvunt
1586 5134 1756 5206 decimam
1783 5135 2041 5225 manipularem,

494 5260 528 5324 et
554 5276 617 5343 per
644 5263 793 5344 quatuor
830 5257 968 5346 ierugas
1006 5257 1206 5346 canapalem
1242 5256 1461 5346 praebendae
1497 5255 1736 5345 Gracoviensi‚
1776 5278 1865 5346 quae
1902 5265 2043 5329 vocator

494 5377 742 5448 Laszowska
769 5383 803 5447 et
830 5379 903 5448 eins
931 5379 1102 5468 canonico,
1131 5386 1167 5449 et
1185 5384 1348 5452 tenemur
1366 5396 1442 5449 eam
1460 5377 1659 5448 emetbones
1685 5377 1811 5459 ducere
1829 5379 1864 5448 in
1884 5380 2042 5451 borreum

496 5517 516 5565 a
543 5499 708 5569 canonico
744 5498 924 5570 locandum
960 5500 1110 5589 propriis
1149 5499 1344 5589 curribus‚·
1362 5499 1459 5570 cuius
1486 5499 1585 5569 valor
1620 5500 1825 5570 aestimatur
1851 5500 1896 5570 ad
1923 5483 2043 5591 viginti

496 5635 637 5686 marcas.
665 5619 751 5689 Item
771 5619 1001 5692 molendinum
1022 5622 1058 5692 in
1076 5621 1223 5711 flumine,
1252 5619 1343 5711 quod
1367 5621 1478 5692 currit
1506 5620 1548 5692 de
1576 5618 1753 5709 Oaros,
1779 5621 1914 5692 babens
1933 5643 2040 5711 agros
