4492 6592
1699 875 1778 948 245

328 1075 646 1167 azonmezrozr,
674 1077 759 1150 alias
788 1075 1069 1170 Suowrnsszun,
1097 1070 1180 1150 uilla
1206 1081 1271 1151 suh
1297 1081 1462 1171 parochia
1488 1080 1531 1153 de
1558 1081 1581 1153 J
1590 1085 1780 1154 aroszin
1835 1136 1842 1148 ,

225 1181 309 1284 sita,
347 1217 438 1286 quae
466 1197 510 1269 ad
536 1197 731 1270 Johannam
759 1195 940 1270 Nicolaum
968 1197 1011 1268 de
1039 1201 1144 1271 armis
1171 1197 1304 1270 Rawa
1329 1202 1492 1291 pertinet.
1536 1202 1577 1274 In
1605 1223 1673 1293 qua
1700 1209 1781 1275 sunt
1817 1180 1819 1187 ¹

226 1317 386 1388 undecim
415 1319 505 1389 lanei
533 1319 786 1408 cmethonales,
813 1317 856 1389 de
884 1319 1008 1410 quibus
1035 1320 1194 1392 omnihus
1221 1321 1369 1393 soluitur
1395 1327 1432 1392 et
1458 1321 1663 1396 conducitur
1688 1325 1780 1396 deci-

172 1427 180 1436 ’
225 1457 279 1508 ma
305 1437 539 1530 manipularis
575 1459 638 1530 pro
665 1439 877 1512 monasterio
913 1437 946 1510 S.
973 1435 1112 1530 Crucis,
1140 1445 1177 1511 et
1201 1442 1300 1544 valor
1335 1442 1411 1513 eius
1443 1443 1488 1514 ad
1524 1449 1603 1515 octo
1635 1465 1778 1536 marcas,

226 1561 306 1632 itam
335 1561 497 1651 taberna,
523 1560 607 1631 itam
634 1559 819 1648 hortulani,
846 1560 930 1632 item
956 1559 1137 1650 praedium
1164 1567 1220 1633 est
1245 1562 1294 1632 ibi
1321 1563 1468 1653 unicum,
1495 1563 1539 1635 de
1566 1566 1663 1636 cuius
1686 1560 1779 1656 agris

225 1679 375 1752 soluitur
412 1681 546 1752 decima
580 1679 805 1771 manipularis
841 1701 905 1771 pro
932 1683 1142 1753 monastario
1177 1681 1326 1755 Sanctae
1355 1683 1475 1755 Crucis
1510 1685 1546 1755 in
1571 1683 1802 1781 poniilwom-

225 1821 282 1889 ao,
324 1802 421 1892 quod
457 1801 581 1873 haeres
616 1783 784 1890 depositis
819 1793 1079 1891 cmethonlbus',
1117 1803 1298 1874 transtulit
1333 1823 1437 1894 agros
1473 1806 1708 1878 cmethonalas
1743 1808 1779 1878 in

227 1920 421 2012 praedium.
1182 1948 1187 1954 ·
1250 1896 1256 1904 ¹
1694 1944 1697 1954 ·

329 2041 729 2132 Maurussouowrczs,
757 2041 841 2114 villa
867 2043 999 2115 hahens
1026 2043 1063 2114 in
1090 2063 1129 2115 se
1154 2043 1335 2116 ecclesiam
1362 2045 1596 2136 parochialem
1621 2047 1781 2139 ligneam,

227 2163 323 2234 cuius
351 2163 550 2254 proprietas
577 2163 622 2234 ad
657 2163 953 2235 Osthaszium
989 2167 1024 2233 et
1059 2163 1301 2236 Derslaum
1336 2165 1465 2238 hatras
1497 2165 1670 2240 dedomo
1705 2168 1780 2240 La

227 2285 375 2356 worth
405 2285 567 2374 pertinet.
611 2284 650 2354 In
679 2305 747 2374 qua
774 2289 857 2355 sunt
883 2283 1050 2355 tredecim
1086 2305 1164 2356 cum
1190 2285 1304 2358 medio
1330 2286 1423 2359 lanai
1450 2289 1701 2381 amathonales,
1737 2290 1781 2362 da

227 2405 352 2496 quibus
381 2405 542 2478 omnihus
575 2405 721 2476 soluitur
748 2410 784 2475 et
809 2403 1013 2476 conducitur
1048 2404 1182 2478 decima
1216 2407 1442 2497 manipularis
1477 2426 1542 2498 pro
1569 2412 1780 2483 monasterio

227 2525 374 2597 Sanctae
405 2525 543 2616 Crucis,
579 2532 615 2597 et
641 2525 741 2609 valor
767 2525 842 2596 eius
869 2525 1075 2597 aestimatur
1112 2525 1157 2596 ad
1184 2525 1301 2597 decem
1328 2505 1479 2618 marcas,
1514 2529 1598 2600 item
1633 2534 1781 2604 taberna
1860 2504 1864 2514 ³

228 2653 289 2736 ast,
316 2647 415 2719 item·
432 2647 630 2739 hortulani,
656 2647 739 2718 item
767 2645 947 2735 praedium
973 2646 1130 2734 unicum,
1156 2645 1201 2717 de
1227 2647 1325 2718 cuius
1351 2648 1446 2738 agris
1472 2649 1622 2722 soluitur
1647 2651 1781 2724 decima

119 2823 125 2832 .
228 2769 454 2858 manipularis
473 2768 636 2839 ccclesiae
655 2767 845 2858 parochiali
867 2765 995 2838 ibidem
1023 2767 1058 2837 in
1085 2765 1570 2858 Mathusschouicze3
1596 2771 1657 2844 sad
1683 2773 1782 2845 cuma

227 2890 413 2979 mur-pavit
440 2889 573 2980 aliquos
601 2901 704 2978 agros
732 2885 976 2984 amathonales,
1002 2887 1046 2958 da
1065 2887 1191 2978 quihus
1207 2865 1350 2959 tenetur
1371 2887 1542 2961 decimare
1559 2893 1782 2980 monasteria

228 3011 308 3081 itam
344 3009 516 3098 plebanus
551 3010 658 3080 habet
692 3008 827 3098 aliquos
854 3027 975 3098 agros,
1010 3008 1197 3099 quierant
1231 3008 1452 3080 cmethouum
1486 3015 1525 3082 at
1549 3010 1593 3082 de
1620 3013 1780 3084 omuibus

231 3131 381 3204 decimat
407 3149 471 3220 pro
498 3130 719 3201 monasterio.

329 3249 455 3322 Szrorr
481 3250 556 3322 siva
583 3249 760 3338 Sroczns,
788 3247 871 3320 uilla
888 3249 951 3320 sub
970 3247 1138 3338 parochia
1154 3247 1199 3320 de
1220 3247 1676 3340 'Climyanthouicze
1702 3245 1792 3342 sita⁴

229 3372 322 3443 ouius
350 3371 551 3461 proprietas
568 3371 611 3441 ad
632 3369 853 3442 Cathemnam
880 3367 1115 3439 Sbasszka
1146 3367 1306 3439 relictam
1324 3367 1496 3440 Johannis
1523 3367 1784 3443 Clouaczo-

230 3493 334 3562 uicz
362 3491 594 3582 pertinatia
622 3511 692 3581 qua
718 3493 800 3561 sunt
826 3489 918 3560 lanai
946 3488 1200 3577 cmethonales,
1237 3487 1299 3559 sed
1326 3491 1504 3580 perceptio
1531 3491 1685 3562 decimae
1712 3511 1784 3563 ma-

230 3613 398 3703 nipularis
435 3612 477 3683 de
503 3611 573 3683 illis
600 3611 776 3698 variatur3
812 3629 892 3680 nam
925 3609 1175 3680 monasterium
1210 3607 1358 3679 Sanctae
1394 3608 1516 3682 Crucis
1553 3611 1703 3701 percipit
1740 3611 1785 3683 da

116 3773 118 3782 ·
231 3733 321 3824 agris
349 3733 521 3824 antiquis,
553 3731 717 3803 videlicet
743 3729 902 3802 undecim
930 3749 1006 3800 cum
1033 3727 1147 3800 medio
1174 3727 1301 3817 laneis,
1337 3729 1520 3819 episcopus
1547 3749 1631 3802 raro
1658 3729 1785 3804 (hoco

116 3937 117 3942 Ἰ
232 3853 358 3926 mensis
388 3854 430 3925 de
456 3854 567 3925 laneis
595 3853 752 3943 percipit,
779 3858 945 3940 tauquam
972 3849 1015 3920 de
1042 3847 1153 3919 cruda
1176 3847 1295 3918 radice
1321 3849 1517 3939 extirpatis
1556 3851 1642 3921 itam
1667 3852 1784 3922 taher-

233 3993 302 4063 aae,
328 3976 416 4046 item
443 3974 674 4063 hortulauiae,
698 3973 782 4044 itam
809 3969 998 4060 praedium,
1026 3968 1110 4040 item
1137 3964 1297 4039 scoltetia
1322 3967 1394 4038 illic
1420 3973 1483 4059 est,
1511 3968 1555 4040 de
1574 3971 1671 4042 cuius
1690 3972 1785 4062 agris

231 4095 377 4167 solvitur
403 4095 537 4166 decima
559 4093 790 4184 manipularis
818 4091 983 4162 ecclcsiae
1010 4088 1202 4180 parochiali
1229 4088 1266 4159 in
1293 4087 1756 4179 Climyanthouicze.

335 4213 625 4304 Baauzrnrrrrm,
653 4214 735 4284 villa
753 4211 926 4303 quondam
943 4209 1011 4281 fuit
1028 4209 1226 4281 hominibus
1252 4209 1375 4297 locata,
1402 4209 1466 4280 sub
1484 4211 1651 4300 parochia
1677 4212 1786 4283 eccle·

233 4336 301 4408 siae
328 4337 372 4408 de
399 4335 422 4407 J
433 4335 653 4407 arosohin
675 4335 760 4423 sita,
788 4352 876 4423 quae
903 4333 1070 4402 hacteuus
1097 4330 1238 4402 deserta
1263 4335 1327 4420 est,
1354 4329 1451 4402 cuius
1479 4331 1678 4422 proprietas
1705 4352 1784 4422 per-

232 4457 316 4528 tinet
341 4457 388 4528 ad
407 4511 546 4526 ......
587 4455 673 4546 Agri
702 4461 817 4526 autem
844 4459 880 4525 et
907 4453 1019 4543 campi
1046 4451 1150 4523 villae
1176 4449 1354 4542 praefatae
1380 4457 1528 4522 arantur
1554 4457 1591 4523 et
1617 4453 1781 4524 coluntur

235 4597 294 4666 per
320 4578 581 4649 circumvicinas
608 4575 709 4648 villas
736 4581 771 4646 et
797 4573 1004 4664 praesertim
1032 4593 1095 4663 per
1121 4571 1240 4642 villam
1258 4623 1427 4661 .......
1454 4577 1490 4642 et
1516 4570 1651 4644 decima
1676 4574 1785 4644 maui-

142 4755 147 4768 ,.
234 4698 362 4788 polaris
390 4697 538 4770 solvitur
564 4703 600 4768 et
626 4695 837 4795 conducitur
856 4715 920 4785 pro
947 4693 1159 4764 monastario
1186 4691 1333 4764 Sanctae
1360 4690 1496 4783 Crucis,
1523 4699 1560 4764 et
1586 4693 1686 4765 valor
1712 4695 1786 4766 eius

237 4819 437 4890 aestimatur
463 4819 508 4889 ad
535 4824 685 4909 quatuor
711 4835 857 4887 marcas.

315 4935 683 5028 'Orrarsuowrczm
704 4936 786 5008 villa
804 4953 912 5026 prope
929 4933 1070 5005 fluvium
1088 4931 1287 5024 Wyeprz
1314 4932 1378 5004 sub
1396 4932 1563 5023 parochia
1580 4931 1625 5003 da
1651 4929 1785 5022 Czya·

238 5059 474 5149 myerniky
502 5034 583 5148 sita,
606 5058 704 5129 cuius
731 5056 928 5146 proprietas
956 5054 1038 5126 olim
1065 5053 1265 5145 pertinebat
1291 5053 1337 5124 ad
1362 5051 1609 5124 monasterium
1636 5051 1784 5124 Sanctae

239 5177 354 5250 Crucis
381 5179 514 5250 Calvi
541 5178 735 5268 Montis,
772 5197 863 5249 nunc
889 5173 972 5247 reio
1000 5175 1153 5266 pertinet
1178 5174 1224 5245 ad
1249 5173 1443 5246 Johannam
1470 5178 1506 5242 et
1533 5170 1715 5243 Nicolaum
1741 5171 1784 5244 da
1925 5215 1930 5222 ·

240 5297 643 5371 Schestrzewitow
669 5298 712 5369 da
740 5297 841 5369 domo
859 5295 1166 5371 'Acervorum
1192 5295 1233 5366 ln
1251 5314 1320 5385 qna
1338 5292 1557 5364 suntdacem
1583 5292 1675 5364 lanai
1693 5313 1784 5365 ama·

240 5419 402 5510 thonales,
429 5425 466 5491 et
492 5419 535 5491 de
563 5419 721 5491 omnihus
748 5417 895 5489 solvitur
922 5417 1055 5488 decima
1081 5414 1309 5505 manipularis
1335 5418 1373 5482 at
1399 5410 1602 5484 conducitur
1629 5433 1692 5504 pro
1710 5430 1784 5486 mo-

242 5543 388 5613 nasterio
415 5538 564 5612 Sanctae
592 5539 713 5612 Crucis
740 5537 873 5610 Calvi
900 5536 1095 5625 Montis,
1123 5539 1161 5606 at
1177 5533 1378 5635 valoreius
1399 5532 1604 5604 aestimatur
1622 5533 1668 5604 ad
1685 5535 1785 5625 quiu-

242 5681 303 5750 uua
328 5681 470 5732 marcas.
497 5658 665 5732 Vend'nlit
683 5666 798 5732 autem
817 5658 933 5730 villam
958 5654 1152 5748 praefatam
1178 5653 1381 5726 Mathias
1408 5652 1516 5725 abhas
1542 5658 1579 5724 et
1595 5659 1785 5728 conuentus

245 5777 382 5864 Sanctae
411 5781 541 5872 Crucis,
569 5801 660 5852 anno
679 5776 819 5852 Domini
841 5778 976 5850 1400....
994 5783 1160 5868 tanquam
1179 5775 1246 5847 sibi
1264 5794 1385 5866 parum
1403 5773 1632 5865 amomodm,
1650 5775 1787 5847 nonnisi
