4492 6592
410 772 417 781 ·
468 752 558 848 eos⁸

467 958 632 1030 denarIns
658 956 691 1027 S.
709 956 818 1046 Petri,
845 978 909 1046 pro
927 957 1073 1028 ecclesis
1098 957 1134 1027 in
1161 954 1446 1027 Kolaczicze.
1486 952 1646 1025 Confluat
1671 974 1748 1025 cum
1774 944 2064 1041 Golyesclr,

466 1078 732 1151 Kowelowa.

572 1199 719 1287 Beier,
744 1197 828 1269 villa
854 1198 919 1268 sub
945 1199 1111 1288 parocbia
1146 1195 1190 1268 de
1215 1196 1238 1267 J
1247 1195 1380 1267 aszel·
1404 1196 1490 1285 slta,
1525 1194 1622 1267 cuius
1649 1193 1846 1285 proprietas
1878 1189 1937 1262 ad
1973 1208 2060 1258 mo-

467 1319 656 1391 nasterium
683 1318 889 1390 Tbinciense
924 1319 1086 1408 pertinet.
1127 1318 1167 1389 In
1195 1338 1264 1407 qua
1299 1322 1380 1387 sunt
1414 1338 1483 1388 nou
1510 1315 1777 1387 commensurati
1808 1312 1914 1384 lanei
1949 1328 2060 1380 cme-

466 1441 628 1530 thomum,
664 1445 702 1511 et
719 1460 837 1514 omnes
872 1439 1011 1511 solvunt
1047 1458 1110 1529 pro
1139 1458 1244 1510 censu
1279 1438 1365 1512 dues
1402 1458 1534 1509 marcas
1570 1434 1683 1507 minus
1714 1434 1848 1508 duobus
1877 1428 2058 1524 grossis,

465 1562 548 1632 item
567 1582 651 1650 ovo,
678 1560 762 1632 item
779 1560 907 1649 gallos,
925 1560 1008 1631 item
1026 1580 1164 1647 caseos3
1182 1560 1265 1631 item
1283 1559 1444 1631 laborant
1461 1554 1620 1652 iutrzpoi,
1638 1556 1779 1645 arendo,
1806 1548 2060 1646 seminando,
2162 1575 2165 1588 ·

358 1695 360 1698 ·
466 1680 703 1770 conducendo,
729 1680 907 1770 metendo,
944 1682 1026 1752 item
1054 1682 1097 1752 sd
1117 1678 1303 1775 powcbom
1329 1702 1490 1767 .....;
1526 1679 1610 1751 item
1635 1678 1803 1773 tabernae
1830 1696 1907 1747 non
1943 1676 2056 1760 sunt,

398 1820 401 1825 ·
468 1802 552 1873 item
579 1801 797 1873 hortulonIae
831 1822 900 1873 non
927 1808 1017 1873 sunt.
1058 1802 1146 1873 Item
1174 1806 1227 1872 est
1252 1801 1288 1872 in
1315 1800 1434 1871 eadem
1463 1798 1544 1871 villo
1570 1798 1742 1888 scoltetia‚
1770 1796 1910 1869 babens
1945 1792 2054 1865 duos

356 1938 359 1942 ·
467 1922 600 2011 laneos,
627 1928 664 1993 et
681 1921 758 2013 egri
775 1922 829 1993 sui
855 1922 996 1994 solvunt
1021 1922 1189 1993 decimam
1216 1922 1252 1991 In
1278 1920 1301 1993 J
1311 1921 1448 1993 aszel.
1487 1921 1576 1991 Item
1603 1919 1646 1991 de
1665 1939 1769 1991 censu
1794 1918 1908 1989 babet
1943 1914 2053 1987 scol-

467 2048 562 2114 tetus
587 2048 724 2115 sextum
751 2043 946 2132 denarium3
981 2044 1064 2115 item
1100 2050 1155 2115 ost
1181 2042 1231 2115 ibi
1257 2040 1489 2117 molendinum
1516 2040 1655 2113 scolteti
1682 2044 1719 2112 et
1744 2039 1849 2111 solvit
1876 2089 2050 2108 ......

326 2156 331 2161 ’
467 2164 555 2235 Item
582 2184 651 2235 non
678 2169 733 2235 est
758 2164 807 2235 ibi
834 2163 1013 2255 praedium
1040 2163 1258 2253 coenobiele;
1293 2164 1377 2235 item
1413 2164 1488 2254 agri
1516 2162 1734 2234 cmetbonum
1763 2160 1905 2232 solvunt
1938 2156 2050 2230 deci-

468 2304 559 2355 mam
585 2284 798 2375 pecunialem
825 2305 888 2375 pro
915 2285 1126 2358 monasterio
1153 2283 1360 2357 Tbinciensi.
1386 2282 1546 2355 Oonfinot
1572 2302 1648 2357 cum
1675 2280 1891 2353 Bonczal.

571 2404 820 2494 Wneszuczm
857 2406 939 2477 villa
972 2405 1105 2477 babens
1141 2406 1176 2477 io
1213 2424 1251 2477 se
1286 2404 1466 2477 ecclesiam
1500 2398 1650 2495 ligneam
1683 2402 1801 2475 Sancti
1827 2398 2044 2487 Laurentii,

467 2526 565 2597 caius
590 2526 789 2617 proprietas
823 2526 869 2598 ad
895 2528 1144 2599 monasterium
1171 2524 1390 2598 Thiuoiense'
1403 2526 1562 2616 pertinet
1601 2525 1642 2596 ln
1670 2544 1739 2615 que
1763 2528 1847 2626 sunt
1872 2520 2046 2612 triginta

467 2646 559 2717 lanei
586 2646 841 2736 emethonales‚
877 2653 914 2718 et
939 2646 1086 2737 quilibet
1116 2646 1223 2719 solvit
1256 2666 1321 2737 pro
1348 2666 1452 2718 censu
1479 2698 1638 2735 .......
1675 2644 1710 2715 in
1737 2664 1871 2717 summa
1897 2660 2040 2713 uorem

468 2787 603 2838 marcas
629 2772 707 2839 octo
733 2788 893 2858 grossos,
920 2768 1004 2839 Item
1022 2790 1088 2840 ova
1114 2767 1249 2857 decem,
1276 2768 1361 2838 item
1387 2766 1498 2858 gallos
1526 2786 1644 2838 omnes
1672 2766 1813 2839 solvunt
1838 2762 2041 2855 sexaginte

375 2974 378 2979 ,
468 2908 548 2977 sex,
573 2889 657 2959 item
675 2908 813 2961 caseum
840 2909 964 2978 unum,
991 2889 1073 2960 item
1093 2889 1255 2961 laborant
1279 2884 1604 2989 iotrzypiparando,
1631 2887 1791 2959 metendo
1810 2882 2040 2966 seminando,
2146 2866 2150 2875 ’

467 3008 703 3098 conducendo;
729 3010 812 3081 item
831 3031 1008 3105 maworn
1034 3010 1174 3081 solvrmt
1191 3028 1254 3100 per
1272 3014 1421 3099 quatuor
1439 3009 1668 3099 quadrantes,
1684 3004 1840 3103 obyodna
1866 3006 2035 3078 cmetbo·

467 3151 528 3201 nes
547 3130 686 3201 solvunt
699 3180 797 3215 .....
825 3118 992 3201 sooltetus
1010 3152 1114 3201 orrum
1132 3130 1318 3218 fertonem3
1344 3130 1428 3201 item
1447 3129 1593 3201 taberna
1610 3134 1665 3200 est
1682 3148 1751 3199 mia
1767 3128 1900 3199 babens
1918 3144 2036 3217 agros

468 3256 505 3321 et
531 3250 636 3321 solvit
660 3303 768 3350 ....‚
803 3251 886 3322 item
921 3272 986 3341 pro
1014 3253 1165 3323 statione
1193 3250 1329 3323 abbatis
1364 3250 1504 3322 solvunt
1528 3270 1593 3339 pro
1621 3249 1783 3321 cornibus
1809 3254 1846 3319 et
1872 3247 2034 3333 cervisie

470 3369 618 3441 sedecim
645 3376 785 3459 scottos,
812 3391 876 3461 pro
902 3371 1093 3443 hellenibus
1119 3377 1193 3443 tres
1220 3390 1365 3462 marcas,
1392 3390 1452 3442 sex
1479 3382 1658 3442 mensuras
1684 3390 1824 3441 arenae.
1861 3368 1952 3440 Item
1974 3372 2034 3438 est

470 3489 629 3561 scoltetia
654 3490 785 3562 babens
811 3491 899 3561 duos
926 3490 1045 3563 laneos
1071 3496 1108 3562 et
1128 3491 1232 3564 solvit
1258 3490 1434 3563 decimam.
1474 3492 1562 3562 Item
1589 3490 1632 3561 de
1650 3509 1756 3561 censu
1783 3488 1886 3560 villae
1907 3488 2030 3559 babet

470 3610 637 3697 sooltetus
664 3665 778 3680 .....
818 3612 906 3683 Item
934 3633 1002 3684 non
1030 3617 1085 3683 est
1109 3612 1160 3684 ibi
1187 3611 1366 3703 praedium
1395 3612 1604 3701 coenobiale,
1631 3632 1743 3701 neque
1771 3594 2052 3698 molendinum

467 3731 550 3803 item
585 3729 797 3803 bocbenlaowe
832 3731 921 3804 duee
955 3753 1092 3805 morose
1123 3754 1184 3805 sex
1211 3732 1333 3823 grossi.
1373 3734 1461 3803 Item
1489 3752 1607 3804 omnes
1634 3732 1709 3823 agri
1737 3731 1958 3803 cmetbonam
1988 3736 2028 3802 et

467 3852 614 3924 taberna
651 3852 790 3925 solvunt
825 3852 992 3936 decimam
1027 3854 1242 3945 pecunialem
1278 3874 1342 3945 pro
1370 3854 1581 3925 monasterio
1617 3852 1833 3958 Thinciensi,
1850 3843 1852 3849 ’
1870 3871 1933 3943 per
1960 3870 2025 3923 sex

468 3994 626 4063 grossos,
653 3974 688 4043 in
707 3994 840 4047 summo.
866 3974 1185 4090 proveniuntduae
1203 3994 1394 4065 sexagenas
1422 3972 1570 4047 sedecim
1597 3974 1720 4064 grossi.
1757 3970 1918 4045 &oduei
1944 3990 2023 4043 curn

324 4101 327 4107 '
467 4092 742 4185 Szyeklulra.

571 4213 746 4304 Nrnrun,
782 4214 866 4286 ville
893 4216 957 4288 sub
984 4215 1151 4305 parocbia
1177 4215 1342 4287 ecclesiae
1368 4214 1411 4287 de
1439 4214 1681 4306 Sobebnye
1708 4215 1789 4304 siba,
1817 4212 1914 4284 cuius
1940 4204 2022 4303 pross

465 4334 599 4423 prietas
626 4354 690 4424 pro
717 4335 902 4406 medietate
929 4334 974 4407 ed
1000 4335 1247 4406 monasterium
1280 4334 1485 4423 Thiuciense
1512 4336 1672 4426 pertinet.
1713 4334 1753 4405 In
1781 4324 1862 4424 quc‘·
1876 4338 1958 4404 sunt
1984 4332 2020 4401 in

466 4458 568 4544 parte
594 4455 797 4527 monasterii
824 4455 915 4527 lanei
943 4455 1194 4546 cmethoneles,
1221 4461 1258 4559 et
1276 4456 1380 4528 sol-rit
1406 4452 1551 4548 quilibet
1577 4476 1640 4547 pro
1668 4476 1773 4528 censu
1801 4507 1957 4544 .......
1985 4452 2021 4523 in

466 4595 599 4645 summa
626 4580 699 4646 tres
716 4595 853 4647 marcae
870 4575 984 4649 minus
1002 4582 1151 4667 quatuor
1168 4577 1313 4668 grossis,
1341 4578 1422 4649 item
1441 4600 1516 4668 ove,
1535 4578 1618 4650 item
1636 4576 1762 4669 gallos,
1788 4574 1871 4648 item
1890 4593 2021 4650 cuseos,

466 4695 550 4765 item
587 4716 651 4785 pro
685 4696 805 4767 labore
840 4696 946 4768 solvit
982 4698 1128 4788 quilibet
1163 4716 1267 4769 unum
1300 4696 1473 4771 fertonem
1509 4698 1646 4789 abbati,
1678 4682 1761 4770 item
1788 4718 1851 4789 pro
1878 4714 2020 4791 oprcwo

467 4814 606 4887 solvunt
640 4836 758 4888 omnes
792 4815 960 4889 tredecim
994 4838 1154 4909 grossos,
1191 4838 1254 4909 pro
1282 4817 1427 4915 obyedoe
1458 4819 1657 4893 cmctbones
1685 4818 1832 4891 mediam
1862 4836 2022 4891 marcam,

467 4937 635 5009 sooltetus
663 4958 769 5009 unum
795 4937 975 5010 fertonem.
1015 4939 1102 5011 Item
1129 4938 1276 5012 taberna
1303 4946 1357 5011 est
1384 4940 1433 5011 ibi
1461 4940 1598 5014 scolteti
1626 4940 1759 5013 habeus
1785 4960 1903 5031 egros,
1932 4958 2020 5030 quse

466 5058 571 5131 solvit
597 5058 743 5131 scolteto
769 5080 834 5150 pro
861 5078 965 5133 censu
992 5114 1106 5131 .....
1145 5060 1233 5132 Item
1259 5060 1478 5152 proabbatis
1506 5062 1671 5151 sunone,
1698 5060 1838 5133 solvunt
1863 5070 2019 5151 proficer-

465 5181 568 5253 nibus
594 5187 632 5253 et
648 5180 796 5252 cervisia
823 5201 945 5253 norem
972 5185 1110 5271 scottos,
1138 5162 1382 5254 evenae'duos
1401 5202 1589 5272 mensuras,
1616 5202 1723 5255 uuum
1750 5182 1901 5253 chorum.
1934 5180 2019 5251 Item

465 5303 626 5375 sooltctia
651 5308 707 5374 est
732 5302 801 5391 ibi,
837 5302 967 5375 babens
994 5303 1081 5375 duos
1107 5303 1245 5393 laneos,
1281 5308 1317 5375 et
1344 5303 1493 5403 solvunt·
1512 5302 1688 5375 decimam.
1729 5302 1818 5374 Item
1845 5300 1889 5373 de
1917 5322 2021 5373 ceusu

466 5422 569 5495 villae
603 5424 697 5495 tollit
722 5423 889 5495 sooltetus
917 5478 1113 5493 ........
1150 5424 1233 5495 item
1261 5420 1473 5495 bocbmlcowe
1500 5424 1647 5497 mediam
1675 5443 1891 5515 sexagenam.
1932 5422 2020 5513 Item

346 5601 349 5606 <
465 5565 584 5616 omnes
610 5545 686 5634 agri
705 5544 808 5616 villce
827 5543 967 5627 solvunt
985 5544 1152 5616 decimam
1180 5545 1392 5635 pecunialem
1421 5545 1631 5618 monasterio
1650 5542 1848 5616 Tbincicnsi
1874 5542 2021 5633 triginta

348 5704 352 5712 ι
467 5669 600 5754 septem
626 5685 776 5754 grossos.
798 5664 904 5736 -Item
932 5664 1079 5761 alteram
1105 5664 1328 5738 medietatem
1355 5665 1509 5756 possidet
1535 5664 1702 5741 Nicolaus
1729 5664 2023 5757 Schcbyensky
2084 5674 2088 5683 '
