4492 6592
449 737 539 809 100-

442 943 692 1032 confirmamus;
720 941 897 1014 residuum
924 943 1094 1014 bonorum
1122 964 1186 1034 pro
1214 943 1326 1016 vietus
1353 943 1567 1036 sufficientia,
1595 948 1803 1037 praepositis
1829 953 1866 1019 et
1891 961 1996 1020 cano

441 1053 528 1134 uicis
554 1065 724 1135 dictorum
752 1064 1040 1135 monasteriorum
1077 1065 1332 1158 relinquentes,
1359 1067 1501 1157 scilicet,
1528 1088 1592 1158 pro
1619 1067 1637 1138 1
1645 1069 1995 1141 mbramowicze

441 1185 551 1274 ipsam
578 1185 954 1261 Imbramowicze
982 1206 1059 1257 cum
1086 1185 1220 1258 decima
1246 1192 1282 1260 61
1309 1186 1444 1260 duobus
1471 1188 1687 1280 molendinis,
1712 1187 1996 1262 Maleszicze

439 1327 515 1376 cum
543 1305 677 1376 decima
704 1311 740 1378 61
764 1305 843 1377 aliis
871 1305 1005 1378 duobus
1033 1307 1258 1399 molendinis,
1299 1308 1996 1402 Trzeczyesz.cnmdecima1etpi-

348 1473 352 1481 ,
436 1427 546 1518 ,seina
574 1425 602 1496 Z
611 1447 823 1518 agorowa
850 1449 927 1498 cnm
955 1427 1097 1519 decima,
1125 1434 1162 1501 et
1187 1429 1409 1502 Tarnoua
1434 1451 1511 1502 cum
1530 1430 1663 1503 decima
1688 1436 1724 1503 61
1750 1432 1892 1522 piscinis
1910 1421 1995 1523 qua-

440 1555 530 1640 tuor,
558 1553 593 1619 61
620 1546 756 1620 allodiis
784 1548 928 1642 duobus,
955 1549 1051 1622 circa
1077 1551 1326 1623 monasterium
1356 1551 1581 1645 praedictum,
1608 1574 1686 1625 cum
1712 1559 1814 1645 parte
1840 1553 1995 1626 decimae

440 1666 479 1739 111Ι
512 1669 840 1763 Zarnowyeca,
877 1675 912 1742 61
947 1691 1011 1762 pro
1047 1672 1260 1744 monasterio
1297 1671 1691 1764 Krzyzanowicze
1727 1675 1840 1765 ipsam
1874 1675 1995 1748 villam

440 1789 829 1882 Krzyzanowicze
866 1811 943 1864 cum
970 1792 1168 1865 molendino
1195 1800 1232 1865 61
1258 1794 1404 1886 allodio,
1440 1815 1482 1867 ac
1507 1795 1928 1887 rillasLyeszuicza
1957 1799 1994 1866 61

440 1910 638 2003 Conary3
675 1917 857 2002 praeterea
884 1932 960 1983 cum
988 1913 1118 1986 dudum
1145 1915 1389 1987 serenissimus
1425 1916 1585 1988 dominus
1610 1937 1675 1988 rex
1700 1915 1867 2008 Poloniae,
1892 1937 1994 2008 prae·

440 2033 563 2124 dictus,
591 2033 695 2104 certis
714 2033 757 2104 de
776 2033 888 2106 causis
917 2041 1040 2106 exacta
1067 2035 1249 2125 diligentia
1275 2036 1353 2108 iura
1370 2042 1407 2108 61
1423 2037 1607 2128 privilegia
1624 2039 1827 2110 monasterii
1852 2036 1994 2128 11111-

433 2174 714 2246 ‚zanowycae
742 2173 910 2245 quaerere
937 2155 1145 2247 mandasset,
1172 2157 1319 2248 quadam
1345 2159 1421 2230 vica
1447 2159 1483 2229 in
1510 2159 1595 2230 locis
1623 2158 1782 2231 archanis
1809 2158 1894 2230 dicti
1920 2179 1993 2230 mu·

439 2276 584 2346 nasterii
611 2281 787 2365 repertum
815 2273 880 2347 luit
908 2267 1081 2366 quoddam
1101 2279 1344 2378 priuilegium,
1382 2280 1447 2353 sub
1473 2280 1576 2352 titulo
1602 2279 1859 2352 Lestlronis
1894 2280 1994 2351 ducis

441 2395 613 2487 Poloniae,
641 2397 700 2486 qui
727 2396 842 2466 villam
870 2396 1265 2489 Krzyzanowicze
1301 2399 1443 2473 donavit
1478 2404 1689 2474 monasterio
1725 2403 1889 2491 Busensi,
1915 2421 1993 2471 cum

440 2518 532 2588 omni
559 2518 652 2608 iure,
680 2516 830 2589 duminio
858 2523 921 2589 etc.
950 2525 1013 2590 etc.
1040 2519 1085 2590 ad
1111 2519 1325 2592 fundandum
1359 2523 1606 2594 monasterium
1641 2527 1753 2597 nostri
1789 2522 1922 2595 ordinis
1957 2523 1993 2590 in

441 2639 534 2709 dicta
560 2639 643 2711 villa
669 2638 1073 2731 Krzyzanowicze.
1101 2637 1209 2714 Cuius
1227 2642 1365 2734 quidem
1382 2645 1584 2716 monasterii
1611 2647 1858 2735 paternitatem
1885 2643 1993 2715 abba-

366 2846 371 2864 .
440 2765 494 2830 tes
521 2760 638 2831 Sancti
666 2757 842 2832 Vincentii
870 2761 937 2832 sibi
964 2768 1186 2854 usurparunt,
1214 2783 1319 2854 super
1346 2785 1413 2855 quo
1441 2765 1554 2837 dictus
1581 2765 1740 2837 dominus
1765 2786 1829 2836 161
1855 2744 1992 2856 petivit,

439 2881 505 2952 sibi
533 2887 569 2952 et
596 2881 688 2952 dicto
715 2881 925 2953 monasterio
954 2882 1103 2954 Busensi
1130 2883 1173 2955 de
1200 2885 1354 2957 remedio
1381 2885 1566 2976 provideri.
1611 2886 1685 2958 Nos
1712 2886 1930 2978 praemissis,
1957 2889 1993 2955 61
2034 2898 2039 2904 ·
2152 2920 2156 2941 ι

440 3003 518 3072 aliis
546 3001 590 3073 ad
617 3003 683 3074 hoc
710 3023 773 3075 uos
801 3003 890 3072 iuste
918 3004 1136 3076 moventibus
1163 3006 1327 3096 attemis,
1354 3009 1610 3098 praepositum,
1646 3008 1830 3079 canonicos
1857 3012 1893 3077 et
1918 3026 1992 3076 mo

439 3123 548 3192 niales
583 3123 668 3193 dicti
703 3123 906 3193 monasterii
941 3121 1334 3215 Krzyzanowicze
1373 3127 1410 3196 in
1446 3129 1694 3200 monasterium
1729 3127 1886 3201 Busense
1922 3129 1991 3198 iam

439 3243 647 3332 translatas,
684 3243 727 3312 ab
752 3243 953 3314 obedientia
989 3245 1126 3315 abbatis
1156 3244 1273 3316 Sancti
1301 3245 1478 3319 Vincentii
1505 3247 1726 3339 absolvimus,
1754 3247 1991 3338 praepositum

393 3413 395 3418 -
440 3369 476 3433 61
504 3364 686 3456 canonicos
712 3361 1114 3455 Krzyzanowycze
1143 3366 1360 3438 obedientiae
1387 3369 1524 3442 abbatis
1551 3367 1801 3459 Vithoviensis,
1829 3369 1888 3460 qui
1907 3367 1993 3438 dicti

440 3483 643 3554 monasterii
670 3489 771 3573 puter
798 3483 906 3555 abbas
934 3505 1010 3557 esse
1037 3485 1238 3578 dinoscitur,
1266 3489 1500 3578 astringendo.
1537 3489 1578 3559 111
1605 3511 1750 3581 quorum
1778 3490 1931 3584 omnium
1958 3493 1994 3558 et

440 3604 652 3694 singulorum
680 3605 927 3698 testimonium,
956 3607 1107 3698 sigillum
1135 3613 1292 3680 nostrum
1318 3611 1559 3701 praesentibus
1586 3611 1714 3683 litteris
1742 3612 1902 3682 duximus
1930 3631 2007 3700 ap·.

441 3725 644 3816 ponendum.
671 3725 801 3798 Datum
830 3727 1228 3822 Praemonstrati,
1255 3751 1346 3803 anno
1362 3731 1508 3803 Domini
1531 3733 1638 3804 1416.
1665 3732 1787 3804 ultima
1813 3731 1868 3804 (116
1896 3752 1992 3802 men·

439 3847 487 3918 sis
514 3847 732 3919 Novembris.
771 3849 847 3923 Nos
875 3871 959 3922 vero
986 3849 1267 3924 Vladislaus
1293 3853 1360 3924 Dei
1386 3855 1501 3944 gratia
1527 3873 1590 3925 rex
1617 3853 1813 3944 praefatus,
1851 3853 1993 3944 petitio-

420 3969 539 4039 nibus
558 3969 659 4040 iustis
678 3971 860 4042 curationi
880 3973 1040 4044 consonis
1059 3972 1296 4064 praelatorum
1312 3973 1434 4046 fratris
1460 3973 1713 4047 Michaelis
1736 3975 1929 4066 praepositi
1955 3981 1991 4046 et
2022 4007 2029 4014 ·

437 4089 460 4162 J
470 4091 643 4162 acbnac
671 4093 876 4183 priorissae,
905 4114 945 4164 ac
972 4099 1161 4166 conventus
1188 4096 1393 4167 monasterii
1420 4095 1587 4169 Busensis
1615 4102 1827 4187 annuentes,
1854 4095 1994 4187 praedi-

438 4207 514 4283 ctas'
539 4213 675 4284 litteras
694 4213 842 4304 praelati
868 4211 987 4288 fratris
1015 4215 1148 4287 Petri
1175 4217 1314 4288 abbatis
1340 4219 1542 4290 monasterii
1569 4217 1929 4290 Praemonstratensis
1957 4219 1992 4288 in

438 4335 596 4407 omuibus
623 4330 775 4424 ipsarum
803 4337 958 4427 punctiS,
987 4337 1171 4428 clausulis,
1199 4337 1373 4428 articulis,
1402 4339 1572 4430 capitulis,
1600 4340 1784 4411 sententiis
1811 4345 1848 4410 et
1874 4338 1993 4410 condi-

438 4455 610 4546 tionibuS,
637 4462 733 4526 ratas
761 4461 796 4526 61
822 4462 941 4547 gratas
968 4454 1138 4531 habentes
1165 4457 1394 4551 ratificamus,
1426 4461 1658 4551 approbamus
1686 4466 1721 4533 61
1749 4461 1993 4552 praesentibus

439 4575 697 4676 confirmamus,
726 4577 950 4650 decernentes
977 4579 1071 4670 ipsas
1100 4581 1258 4652 obtinere
1284 4581 1394 4654 robur
1420 4587 1609 4674 perpetuae
1636 4581 1820 4654 firmitatis.
1863 4581 1993 4653 Actum

438 4697 473 4768 in
502 4697 628 4770 Nova
654 4698 860 4769 civitate
887 4699 1105 4793 Korczin,
1141 4700 1229 4773 feria
1256 4703 1362 4774 tertia
1396 4708 1476 4794 post
1511 4703 1718 4775 dominicam
1744 4703 1993 4793 Reminiscere,

353 4835 362 4856 ⁸
437 4839 466 4891 a.
493 4819 533 4890 D.
566 4821 673 4891 1418.
700 4817 946 4893 Praesentibus
973 4809 1125 4894 strenuis
1152 4805 1393 4916 nobilibusque
1420 4826 1506 4896 uiris
1533 4823 1710 4897 Christian
1738 4813 1781 4897 de
1812 4824 1993 4897 Ostrou

437 4939 626 5040 castellano
654 4941 894 5033 Oracoviensi,
921 4941 1080 5017 Johanne
1108 4943 1152 5018 de
1179 4943 1371 5020 Taruou
1397 4945 1636 5039 Oracoviensi,
1672 4947 1816 5020 Nicolao
1844 4947 1888 5018 (16
1915 4945 1994 5016 Mi-

437 5065 612 5137 chalow
639 5063 920 5157 Sandomiriensi,
939 5065 1097 5140 Johanne
1116 5067 1146 5138 L
1155 5089 1335 5160 yganza
1358 5068 1405 5150 de
1432 5069 1700 5162 Nyewarow
1724 5068 1993 5159 Lanc'zicziensi,

436 5183 567 5258 Jacobo
595 5187 637 5258 de
665 5186 1018 5280 Gonyeczpolye
1046 5186 1265 5282 Syradiens‘i,
1301 5191 1485 5282 palatinis,
1513 5189 1684 5263 Michaele
1712 5191 1755 5262 (16
1783 5189 1994 5280 Bogumi-

436 5307 635 5398 lowycze
671 5303 963 5400 Sandomiriensi,
1000 5316 1037 5381 et
1071 5309 1241 5383 Doblrone
1278 5313 1321 5383 (16
1358 5310 1712 5403 Olye'scbnycza
1747 5309 1993 5404 Vopnicziensi

437 5429 641 5521 castellania,
669 5431 836 5503 militibus
864 5431 994 5503 nostris
1021 5429 1191 5524 fidelibus,
1219 5438 1254 5504 et
1281 5434 1358 5505 aliis
1378 5455 1478 5525 quam
1498 5433 1655 5524 pluribus
1686 5435 1754 5505 lide
1772 5433 1897 5534 dignis.
1923 5433 1994 5504 Da·

435 5555 509 5619 tum
536 5571 599 5639 per
625 5571 745 5624 manus
763 5553 1054 5624 reverendissimi
1082 5554 1116 5624 111
1145 5552 1284 5626 Christo
1305 5557 1425 5649 patris
1454 5555 1583 5626 domini
1611 5555 1802 5627 Alberti
1839 5555 1993 5646 episcopi

436 5667 676 5743 cracoviensis
694 5675 729 5744 et
746 5675 846 5765 regni
864 5673 1029 5746 Polouiae
1066 5675 1274 5767 cancellarii,
1301 5677 1403 5748 nobis
1430 5679 1564 5782 sincere
1591 5677 1710 5748 dilecti
1729 5683 1765 5748 et
1782 5677 1992 5749 venerabilis
