4492 6592
1681 748 1754 817 377
1901 757 1991 815 ,“

181 914 425 993 Nicolaus
460 944 591 1014 comes,
627 928 682 997 vir
717 930 842 1001 nobilis
878 931 920 1004 de
957 933 1059 1005 domo
1091 941 1129 1007 et
1155 935 1286 1009 familia
1312 945 1417 1032 atquc
1444 944 1519 1016 rico
1547 946 1779 1039 Bogoria'

180 1036 304 1107 villas:
335 1040 610 1136 Banszycze
637 1045 868 1142 Maiorem,
894 1052 1162 1145 Banszycze
1188 1056 1423 1151 Minorem,
1448 1062 1754 1163 Swinszycza,

180 1157 433 1253 Grzczino,
461 1160 1753 1283 Lubszina,Dobr'zochow,Lublna‚Jasszel,Wyetrzno,

116 1298 120 1306 ·
179 1276 325 1371 Lang,
356 1282 390 1353 P
398 1284 638 1379 yelaszow,
667 1289 895 1383 Szdanow,
922 1316 999 1365 cum
1027 1296 1248 1386 pertiuentiis
1275 1301 1356 1373 suis.
1384 1300 1540 1376 Contulit
1558 1312 1653 1381 etex
1672 1319 1753 1401 post

179 1398 259 1470 loco
299 1407 340 1472 et
382 1407 548 1478 coenobio
584 1409 763 1499 praedicto
799 1412 1084 1488 Vincentius
1118 1416 1441 1493 Gadlublronis
1477 1423 1520 1497 de
1547 1425 1752 1503 Karwow

178 1521 434 1625 haereditates
459 1547 548 1612 suas,
568 1534 751 1621 patemas3
787 1534 935 1606 'contulit
960 1540 998 1607 et
1025 1534 1154 1609 Paulus
1181 1558 1294 1611 comes
1322 1540 1446 1613 haeres
1473 1543 1517 1615 de
1542 1545 1750 1623 Szambo-

178 1662 334 1734 rrecz,
365 1647 494 1719 nobilis
521 1649 564 1720 de
591 1650 693 1724 domo
720 1658 756 1724 ct
781 1653 912 1726 familia
938 1656 1164 1729 Habdanlr
1191 1659 1309 1731 villas:
1336 1660 1523 1755 Szulow,
1542 1665 1751 1759 Bystrzi-

180 1784 273 1853 cza,
302 1764 798 1864 Wnyewithlrowicze,
824 1776 1222 1869 Docharzowicze,
1250 1780 1475 1871 Syedlcze
1502 1786 1750 1880 ctNyecze-

182 1904 284 1973 cza3
314 1888 543 1961 contuerunt
569 1892 691 1963 etalii
718 1915 890 1987 proceres,
917 1897 1086 1987 barones,
1114 1898 1259 1971 nobiles'
1274 1907 1311 1971 et
1338 1902 1466 1974 milites
1493 1902 1750 2003 Gracoyicnses,

112 2037 114 2046 s
180 2004 492 2082 Sandomirienses
519 2018 556 2083 et
583 2012 810 2087 Lublinenses
837 2017 872 2086 in
899 2036 1064 2107 processu
1091 2022 1296 2110 temporum,
1323 2021 1425 2093 villas
1451 2030 1488 2095 et
1514 2024 1749 2123 haereditates

180 2147 273 2215 suas,
302 2127 352 2199 de
381 2130 506 2221 quibus
533 2134 568 2203 in
596 2134 681 2205 locis
707 2136 780 2207 suis
807 2137 900 2208 circa
913 2138 1195 2231 ‘descriptionem
1222 2140 1383 2213 villarum
1410 2142 1574 2217 faciemus
1601 2150 1747 2227 mentio·
1870 2200 1892 2245 :.

180 2268 272 2318 nem.
315 2248 572 2326 Bolcslaus
607 2255 692 2327 item
718 2257 789 2329 dux
816 2263 852 2329 et
878 2262 1067 2332 monarcha
1092 2250 1192 2352 regni
1218 2260 1402 2353 Poloniac,
1429 2264 1474 2335 ob
1501 2267 1749 2342 continentiam

179 2370 362 2443 castitatis
390 2374 585 2464 appellatus
613 2375 773 2468 Pudicus,
791 2378 891 2453 filius.
910 2380 1168 2453 Leszkouis
1195 2381 1302 2455 Albi
1329 2382 1426 2455 ducis
1444 2383 1507 2457 tilii
1527 2384 1749 2462 Gasimiri

181 2488 281 2560 ducis
320 2493 491 2584 praefati,
528 2496 685 2585 primarii
721 2501 924 2571 monasterii
950 2501 1100 2591 praefati
1127 2501 1465 2593 Goprzywniczensis
1491 2502 1685 2580 fundatoris
1711 2516 1749 2582 et

180 2608 378 2703 dotatoris,
414 2636 505 2687 anno
541 2617 681 2689 Domini
721 2621 818 2691 1277
856 2621 1059 2693 duodecimo
1086 2620 1258 2695 calendas
1286 2622 1418 2714 Aprilis
1446 2624 1481 2694 in
1509 2623 1746 2719 Gracovia‚

183 2732 268 2803 item
297 2734 484 2807 Leszko
511 2737 657 2828 Niger
683 2738 770 2829 dcix,
798 2740 855 2831 qui
885 2742 1102 2815 Boleslao
1130 2742 1301 2814 Pudice
1328 2744 1458 2834 absque
1485 2744 1605 2817 liberis
1641 2747 1742 2819 dece-

183 2852 299 2944 dente,
329 2856 366 2926 in
395 2857 627 2947 principatum
654 2864 690 2930 ct
717 2862 952 2933 monarchiam
980 2863 1079 2953 regni
1106 2862 1271 2935 Poloniac
1298 2868 1526 2953 successerat,
1554 2884 1645 2936 auno
1672 2866 1744 2937 Do-

180 2974 264 3044 mini
298 2978 411 3066 1284,
439 2977 626 3050 indictione
653 2978 865 3071 duodecima,
892 2982 1073 3053 undecimo
1100 2982 1269 3054 Calendas
1296 2982 1489 3073 Februarii,
1515 2983 1550 3052 in
1573 2984 1744 3075 colloquio

183 3094 363 3169 celebrato
392 3099 428 3169 in
454 3097 630 3171 O³sszelr
656 3100 903 3192 burdationem,
930 3102 1143 3174 dotationem
1170 3111 1206 3173 et
1233 3103 1440 3174 erectionem
1468 3103 1596 3174 avitam
1621 3104 1744 3177 Gasi-

181 3217 296 3309 miri,
325 3220 410 3291 item
437 3220 642 3293 donationes
669 3222 918 3314 episcoporum,
944 3244 1138 3313 procerum,
1157 3223 1319 3295 comitum
1347 3228 1384 3295 et
1410 3222 1576 3295 nobilium
1603 3226 1740 3315 praefa-

181 3342 297 3408 torum
337 3339 514 3432 desupra
548 3343 689 3433 scriptis
725 3342 818 3415 villis
852 3342 998 3432 factam,
1025 3344 1221 3434 approbant
1248 3349 1284 3415 et
1311 3343 1533 3432 confirmant,
1560 3348 1742 3437 etomnes

154 3457 417 3532 haereditates
444 3464 714 3555 suprascriptas,
745 3464 955 3535 monasterio
982 3462 1303 3555 Ooprzywniczensi
1330 3484 1393 3555 per
1420 3464 1532 3533 dictos
1559 3465 1739 3552 pontifices
1871 3452 1875 3459 ’

181 3583 217 3647 et
243 3580 376 3652 milites
404 3582 558 3673 collatas,
585 3583 630 3655 ab
657 3584 750 3654 omni
777 3583 958 3674 theloneo,
985 3584 1128 3674 tributo,
1156 3583 1261 3671 datia,
1288 3582 1554 3671 contributione,
1582 3582 1626 3654 ab
1645 3586 1739 3656 omni

183 3720 285 3771 onere
325 3709 362 3773 et
389 3704 578 3794 servitute,
604 3704 648 3776 ab
677 3706 768 3775 omni
805 3706 949 3794 angaria
975 3710 1012 3775 et
1036 3704 1286 3794 praeangaria‚
1314 3708 1350 3771 et
1376 3702 1533 3772 homines
1559 3703 1741 3776 universos
1838 3724 1842 3737 ·

183 3819 216 3889 in
251 3822 459 3912 praedictis*
479 3824 755 3896 haereditatibus
791 3825 975 3915 degentes,
1011 3827 1213 3913 praesentes
1249 3826 1286 3891 ct
1321 3820 1474 3912 futuros,
1502 3822 1675 3929 eximunt,
1703 3832 1740 3896 et

181 3941 375 4033 absolvunt,
402 3951 439 4016 et
465 3944 642 4035 libertarit,
669 3950 705 4015 et
731 3944 939 4035 proprietati
956 3948 993 4013 et
1010 3940 1211 4012 monasterii
1230 3939 1381 4011 dominio
1399 3942 1638 4013 tantummodo
1659 3944 1736 4015 illas

182 4065 410 4155 appropriant
436 4070 473 4136 ct
499 4064 683 4136 subiciunt
724 4064 945 4136 Fabricatum
981 4064 1095 4131 autem
1123 4066 1178 4131 est
1204 4060 1453 4132 monasterium
1481 4061 1675 4151 praefatum
1702 4070 1738 4137 et

127 4242 133 4249 .
182 4183 327 4255 ecclesia
344 4206 453 4274 muro,
479 4190 515 4256 et
540 4190 718 4278 structura
743 4182 874 4271 humili,
901 4179 962 4253 sed
989 4180 1109 4270 solida,
1137 4186 1185 4251 et·
1199 4202 1287 4272 quae
1314 4180 1348 4251 in
1376 4180 1467 4253 diem
1486 4182 1584 4272 hanc,
1603 4204 1646 4254 ex
1666 4206 1734 4275 quo
1805 4230 1810 4239 -

183 4309 300 4375 erecta
326 4310 381 4377 est
407 4305 536 4376 nullam
563 4311 685 4377 notata
711 4310 766 4375 est
792 4301 930 4373 dedisse
956 4301 1126 4373 fissuram
1153 4300 1193 4372 In
1221 4300 1386 4373 ecclesiae
1412 4306 1529 4374 autem
1556 4304 1734 4392 praefatae

187 4424 390 4497 occidentali
416 4429 520 4515 porta
545 4424 582 4495 bi
609 4443 730 4495 versus
757 4421 965 4512 capitalibus
991 4422 1120 4494 litteris
1147 4426 1267 4494 catam
1284 4422 1471 4516 exsculpti:
1498 4423 1594 4495 Haec
1611 4424 1735 4499 domus

184 4542 271 4615 alma
296 4544 364 4617 Dei
392 4545 525 4615 veniam
553 4544 702 4633 spondet
728 4542 892 4635 venienti,
919 4544 984 4641 sub
1010 4542 1115 4615 titulo
1142 4542 1223 4615 fidei
1242 4543 1377 4615 veniam
1395 4550 1498 4635 parat
1515 4544 1734 4635 ingredienti.

184 4662 233 4733 Ne
258 4672 375 4737 autem
401 4663 638 4736 fundationem
664 4663 813 4755 praefati
840 4664 1042 4735 monasterii
1068 4668 1104 4735 et
1130 4664 1205 4735 eius
1232 4662 1348 4736 dotem
1375 4664 1518 4755 eiusque
1544 4665 1737 4759 dotatores,

182 4780 388 4875 fundatores,
415 4790 451 4856 ct
477 4782 716 4857 benefactores
743 4784 860 4875 aliqua
886 4784 1073 4856 vetustatis
1101 4784 1213 4875 calig'o
1240 4784 1352 4875 possit
1379 4786 1536 4876 obruere,
1564 4792 1600 4858 et
1626 4808 1669 4858 ne
1688 4786 1731 4859 de
1831 4866 1835 4871 ,
1908 4888 1914 4897 ¹

160 4887 278 4977 ‘bonis
305 4905 478 4977 dotalibus
505 4904 653 4995 praefati
680 4905 882 4977 monasterii
908 4904 1026 4996 aliqua
1052 4905 1224 4977 dubitatio
1252 4910 1313 4977 aut
1340 4905 1417 4978 leva
1439 4906 1602 4978 alienatio
1620 4908 1734 4997 possit

185 5024 350 5116 suboriri,
375 5026 618 5117 praesentibus
644 5025 759 5097 literis
784 5031 822 5097 et
847 5026 1042 5117 scriptura,
1069 5031 1105 5097 et
1131 5022 1367 5098 fundationem
1394 5033 1430 5098 et
1456 5026 1668 5099 dotationem
1696 5032 1733 5099 et

183 5142 268 5217 bona
294 5146 386 5219 illins
413 5128 545 5218 dotalia
573 5146 824 5235 annotavimus,
852 5146 1005 5218 vivacem
1033 5146 1102 5219 illis
1130 5146 1245 5219 daturi
1272 5146 1481 5237 memoriam,
1508 5150 1544 5219 et
1571 5145 1734 5218 iniustam

187 5263 422 5340 alienationem
449 5287 514 5357 pro
541 5273 683 5347 nostrae
709 5267 938 5339 humanitatis
965 5266 1104 5340 modulo
1131 5267 1352 5359 prohibituri.
1804 5254 1811 5271 ⁴

124 5480 129 5492 ι
281 5385 595 5479 corazrwmczr,
630 5388 879 5460 monasterium
914 5386 1060 5479 pulchro
1096 5410 1196 5461 muro
1232 5386 1469 5475 aedificatum,
1503 5386 1600 5459 cuius
1626 5386 1732 5459 etiam

186 5504 332 5581 officinas
371 5500 537 5581 Nicolaus'
577 5509 620 5580 de
656 5508 955 5601 Trzebuycza
989 5516 1026 5580 et
1056 5508 1221 5581 Nicolaus
1257 5508 1300 5581 de
1335 5506 1636 5580 Przcworsko
1671 5508 1733 5580 ab·

185 5624 291 5721 batos,
325 5650 416 5705 nora
454 5650 631 5701 murorum
671 5630 803 5702 fabrica
842 5634 961 5701 erecta
996 5634 1191 5721 auxerunt,
1228 5630 1335 5702 babet
1370 5608 1475 5713 etiam
1512 5627 1728 5720 praedictum

279 5796 434 5839 mama
451 5797 496 5840 111.
625 5796 630 5803 ·
1527 5776 1566 5827 ⁴⁸
