4492 6592
1588 831 1591 838 -
1681 781 1753 852 199

116 1017 120 1022 -
206 981 271 1069 ibi;
296 981 383 1052 item
411 980 580 1054 scoltetus
606 986 662 1054 est
687 981 746 1071 ibi,
773 982 833 1072 qui
858 981 967 1054 habet
992 983 1042 1055 ibi
1061 1038 1068 1054 .
1088 1039 1094 1053 .
1174 985 1262 1056 Item
1289 985 1333 1057 de
1359 985 1518 1058 omnibus
1544 985 1639 1076 agris
1664 1006 1775 1078 cane·n

206 1103 345 1174 lhonurn
375 1101 524 1174 solvitur
549 1107 587 1174 et
612 1101 817 1175 conducitur
843 1103 976 1175 decima
1002 1106 1247 1196 manipularis,
1273 1127 1337 1197 pro
1372 1107 1581 1178 ecclesiast
1607 1106 1755 1198 plebano

205 1225 238 1296 in
265 1221 508 1313 Thnchow3
534 1229 571 1295 et
597 1223 696 1296 valor
722 1224 798 1296 eius
825 1226 1029 1298 aestimatur
1056 1227 1100 1298 ad
1126 1227 1274 1317 trigInta
1299 1249 1443 1332 marcas.

304 1343 486 1435 Maszrm,
512 1345 596 1418 villa
630 1345 696 1417 sub
731 1345 907 1435 parocbia·
923 1346 966 1418 de
994 1345 1221 1451 Thnchow
1245 1350 1333 1438 sita,
1359 1350 1459 1421 cuius
1484 1351 1683 1441 proprietas
1709 1350 1755 1422 ad
1840 1381 1845 1388 ¹

206 1464 456 1538 nonasterium
492 1465 717 1538 Thincziense
752 1467 914 1557 pertinet.
949 1468 989 1538 In
1017 1489 1085 1558 qua
1111 1473 1194 1540 sunt
1219 1475 1369 1559 quatuor
1393 1470 1485 1542 lanei
1511 1470 1754 1561 cmetbonales,

205 1593 239 1658 et
263 1591 338 1657 tres
366 1607 455 1664 cum,
472 1585 588 1660 media
613 1571 743 1678 virgae,
769 1593 807 1660 et
832 1588 979 1679 quilibet
1004 1589 1109 1662 solvit
1135 1590 1179 1662 de
1196 1591 1296 1663 laneo
1313 1611 1417 1663 uuam
1435 1612 1586 1662 marcam
1603 1592 1754 1663 latomm

203 1727 414 1798 grossorum,
442 1709 527 1780 item
554 1729 621 1780 ova
647 1708 837 1800 duodecIm,
864 1709 948 1782 item
973 1710 1086 1801 gallos
1113 1717 1255 1801 septem,
1282 1711 1366 1784 item
1392 1733 1511 1784 caseos
1537 1713 1642 1802 duos,
1669 1712 1754 1784 item

203 1830 307 1919 labor,
335 1829 422 1900 item
443 1827 637 1924 powobuoq
664 1829 748 1902 item
775 1851 922 1926 osszycp,
950 1832 1032 1904 Item
1051 1833 1227 1922 tabernae,
1246 1833 1331 1904 item
1347 1833 1635 1923 hortulaniItem
1652 1854 1753 1924 prae-

203 1951 303 2022 dium.
340 1951 431 2022 Item
467 1971 586 2022 omues
621 1951 697 2042 agri
724 1952 828 2024 villae
855 1953 993 2025 solvunt
1019 1952 1187 2026 decimam
1213 1954 1428 2044 pecunialem
1453 1954 1491 2025 in
1517 1954 1598 2026 latis
1623 1955 1755 2045 grossis
1810 1964 1815 1980 '

204 2093 265 2163 pro
300 2071 516 2145 monasterio
551 2071 779 2144 TbIncziensi.
814 2072 902 2146 Item
937 2075 992 2146 est
1018 2075 1067 2146 ibi
1094 2075 1261 2148 renitetur
1286 2076 1419 2150 babens
1445 2075 1532 2148 duos
1558 2076 1693 2165 laneos,
1720 2081 1754 2146 et

205 2193 352 2284 percipit
379 2197 516 2266 sertum
543 2194 722 2266 denarium
750 2194 794 2267 de
820 2215 935 2268 censu.
961 2195 1049 2268 Item
1076 2196 1246 2269 medietas
1272 2196 1376 2268 villae
1401 2196 1580 2287 praefatae
1605 2197 1757 2288 pertinet

204 2315 245 2388 ad
271 2315 523 2388 monasterium
552 2315 786 2406 ThinczIense,
813 2317 981 2390 medietas
1008 2317 1053 2390 ad
1079 2317 1332 2412 Nanaylonem
1350 2317 1685 2410 Wyelopolsky
1710 2317 1754 2390 de

203 2437 302 2510 domo
329 2436 641 2528 Antiquarum
668 2438 907 2529 Equorum.
1156 2521 1167 2530 ,
1333 2494 1336 2500 -
1660 2509 1664 2517 .

302 2558 544 2632 Lususnowa
570 2559 657 2631 alias
682 2559 797 2650 Lusa,
824 2560 909 2632 villa
934 2559 999 2633 sub
1025 2559 1194 2651 parocbia
1218 2559 1263 2632 de
1288 2560 1517 2633 Thucbow
1543 2560 1629 2649 sita,
1656 2559 1753 2632 cuius

202 2679 400 2770 proprietas
427 2679 472 2751 ad
498 2680 746 2756 monasterium
772 2680 998 2753 I'biuozieuse
1023 2682 1186 2770 pertinet.
1213 2682 1254 2752 ln
1280 2691 1350 2773 qua
1375 2687 1457 2753 aaut
1482 2681 1574 2753 lanei
1601 2679 1753 2752 cmetbo

203 2799 304 2890 nales,
331 2805 370 2871 et
397 2800 545 2891 quilibet
571 2800 676 2873 solvit
693 2855 701 2870 .
720 2855 728 2870 .
747 2855 772 2891 .,
799 2801 882 2873 item
909 2822 985 2891 ova,
1013 2802 1095 2872 item
1122 2802 1243 2893 gallos,
1270 2803 1354 2874 item
1381 2822 1511 2892 caseos,
1536 2801 1623 2874 item
1646 2801 1754 2890 labor,

203 2922 280 2992 item
307 2919 499 3016 mobaris,
526 2921 609 3003 item
637 2943 783 3018 oaszyep,
811 2923 895 2994 item
921 2922 1079 3012 taberna,
1106 2923 1191 2994 itam
1218 2923 1445 3013 hortulaniae‚
1462 2923 1547 2995 item
1564 2921 1753 3013 praedIum.

202 3041 287 3116 Item
322 3063 445 3116 omnes
480 3043 557 3134 agri
592 3043 695 3116 villae
722 3043 860 3116 solvamt
885 3043 1053 3116 decimam
1079 3044 1293 3136 pecunialem
1319 3065 1384 3136 pro
1410 3044 1620 3117 monasterio
1648 3043 1753 3116 Thin·

204 3185 337 3236 emensa

303 3285 560 3358 Dauaaowrra
588 3285 674 3357 alias
701 3285 937 3377 Damascus,
964 3285 1048 3358 villa
1074 3286 1140 3358 sub
1166 3286 1332 3376 parocbia
1358 3286 1402 3357 de
1424 3285 1651 3358 I'bucbow
1677 3285 1755 3374 sita,

205 3407 297 3480 cuius
324 3407 525 3498 proprietas
552 3406 597 3478 ad
625 3408 871 3479 monasterium
899 3408 942 3480 de
970 3407 1206 3500 Thinyecz
1232 3408 1393 3499 pertinet.
1420 3408 1461 3478 ln
1480 3427 1550 3498 qna
1565 3411 1648 3478 sunt
1663 3407 1756 3477 lanei

203 3528 447 3618 cmetbonalcs,
474 3533 510 3600 et
536 3528 684 3618 quilibet
709 3529 814 3600 solvit
839 3529 874 3599 in
903 3549 1036 3602 sranma
1061 3529 1149 3601 duas
1175 3549 1309 3601 marcas
1335 3534 1371 3600 et
1396 3528 1484 3600 duos
1507 3549 1649 3619 grossos
1665 3529 1754 3632 lato-

198 3627 285 3741 rum,
310 3651 397 3722 item
425 3670 501 3740 ora,
528 3649 611 3722 item
637 3650 758 3740 gallos,
784 3651 868 3722 item
887 3663 1023 3742 'caseos
1051 3651 1135 3722 item
1152 3649 1261 3739 labor,
1279 3651 1362 3721 item
1373 3648 1566 3745 poscebam.
1593 3649 1680 3720 Item
1700 3657 1755 3720 est

205 3771 250 3844 ibi
285 3793 356 3842 una
391 3771 539 3843 taberna
573 3771 618 3843 ad
654 3772 903 3861 proprietatem
938 3773 1118 3863 pertinens
1152 3772 1351 3861 scoltetiae,
1386 3771 1431 3843 de
1467 3791 1536 3862 qua
1561 3770 1755 3842 decimatur

118 3869 121 3878 ¹
206 3892 522 3964 ecclesiae...ltem
549 3892 782 3964 molendinum
808 3915 913 3964 unum
941 3871 1078 3966 scolteti
1104 3898 1141 3964 ot
1157 3892 1315 3964 solvit...
1330 3891 1418 3963 item
1436 3879 1615 3993 praedium
1632 3891 1682 3962 ibi
1699 3897 1758 3971 est
1852 3932 1856 3939 ·

206 4014 383 4104 plebaniae
410 4013 683 4087 ThuchovIensIs
710 4015 895 4104 optimum,
923 4013 966 4085 de
1002 4035 1070 4104 quo
1096 4013 1265 4104 plebanus
1291 4033 1355 4104 pro
1381 4033 1420 4084 se
1446 4011 1541 4084 tollit
1567 4011 1754 4101 decimam3
1885 3997 1891 4006 ’

205 4135 284 4207 item
310 4135 532 4208 hortulaniae
558 4157 627 4208 non
654 4131 748 4226 sunt,
773 4136 856 4207 item
882 4136 1042 4208 scultetis
1067 4141 1123 4207 est
1148 4135 1285 4225 ibidem,
1312 4134 1446 4206 babens
1471 4132 1560 4206 duos
1581 4133 1701 4205 laneos
1718 4139 1755 4205 et

207 4257 305 4328 soluit
336 4277 402 4347 pro
434 4257 578 4330 decima.
603 4277 709 4328 uuum
735 4256 906 4330 fertonem
941 4258 977 4328 in
1013 4256 1269 4349 Brzysslra,
1303 4257 1388 4327 item
1414 4255 1459 4327 de
1484 4275 1590 4328 censu
1616 4259 1753 4327 sertum

207 4376 381 4450 denarium
408 4378 567 4469 percipit.
607 4379 695 4453 Item
722 4378 799 4470 agri
826 4378 929 4450 villae
956 4379 1096 4452 solvunt
1122 4383 1159 4450 et
1183 4377 1380 4451 conducunt
1405 4376 1572 4449 decimam
1599 4377 1755 4468 manipu-

207 4487 309 4572 larem
346 4506 384 4572 et
410 4499 608 4591 canapalem
645 4519 709 4591 pro
745 4501 956 4574 monasterio
984 4499 1193 4573 Thinciensi.
1233 4500 1328 4586 Item,
1348 4519 1413 4591 pro
1439 4499 1592 4572 adventu
1618 4498 1755 4571 abbatis
1905 4499 1910 4506 '

208 4621 341 4694 solvunt
367 4623 568 4694 omethones
603 4623 696 4694 omni
731 4642 822 4696 anuo
858 4641 922 4712 per
947 4622 1034 4695 duas
1060 4641 1242 4695 mensuras
1267 4641 1417 4713 arenae,
1444 4620 1532 4694 duos
1557 4620 1691 4713 pullos,
1717 4625 1755 4692 et

209 4763 306 4816 uuam
333 4764 477 4835 pernam
503 4743 604 4816 lardi.

305 4864 506 4956 Tnucnow,
534 4863 699 4956 oppidum
725 4865 857 4937 habens
884 4865 920 4936 in
947 4885 985 4938 se
1003 4865 1183 4940 ecclesiam
1200 4864 1435 4957 parochialem
1452 4863 1612 4956 ligneam,
1630 4864 1754 4935 bonori

210 4983 321 5058 Sancti
348 4985 472 5081 iacobi
499 4985 657 5058 dicatam.
683 4987 724 5058 In
752 5007 820 5077 qua
846 4991 929 5059 sunt
955 4986 1073 5060 decem
1100 4993 1137 5059 et
1162 4992 1294 5077 septam
1321 4985 1412 5058 lanei
1438 4985 1700 5077 oppidanorum,
1718 4990 1755 5056 et

211 5106 349 5195 quilibet
370 5108 476 5180 solvit
502 5129 566 5198 pro
593 5127 698 5180 ceusu
725 5123 849 5180 novem
876 5113 1007 5182 scottos
1034 5109 1184 5181 latorum
1210 5123 1429 5199 grossorum3
1455 5107 1538 5178 item
1565 5106 1634 5177 duo
1660 5105 1753 5188 lanei
1818 5133 1824 5139 ·

210 5227 269 5298 sub
302 5227 500 5319 advocatia,
528 5251 616 5301 unus
653 5229 759 5302 solvit
794 5230 1006 5302 monasterio
1042 5249 1164 5302 novem
1192 5233 1324 5302 scottos
1349 5227 1557 5318 communis,
1583 5226 1754 5299 secundus

212 5349 463 5436 quatuordecim
498 5371 639 5441 messos
675 5371 890 5440 communem
916 5351 999 5423 item
1027 5371 1146 5424 omnes
1173 5351 1249 5442 agri
1275 5349 1526 5440 oppidanorum
1553 5347 1692 5419 solvunt
1718 5353 1754 5419 et

212 5469 398 5544 conducunt
424 5471 592 5544 decimam
615 5472 828 5563 pecunialem
855 5478 891 5544 et
916 5472 1113 5563 granalem,
1140 5493 1210 5543 non
1237 5470 1377 5543 solvunt
1403 5474 1518 5540 autem
1545 5469 1754 5559 canapalern,

213 5589 513 5684 lnThucbow,
540 5599 577 5666 et
611 5594 709 5666 valor
740 5593 814 5666 eius
841 5593 1045 5666 aestimatur
1071 5592 1116 5665 ad
1144 5612 1205 5664 sex
1230 5611 1365 5664 marcas
1392 5591 1427 5663 iu
1453 5591 1619 5681 pecnnia,
1645 5596 1682 5661 et
1708 5589 1754 5662 ad
1820 5603 1825 5616 “

215 5707 321 5785 decem
357 5719 393 5785 et
419 5719 498 5788 octo
533 5729 713 5789 mensuras
749 5715 896 5808 siliginis
932 5719 969 5786 et
994 5712 1141 5786 totidem
1168 5731 1315 5803 avenae,
1342 5711 1386 5785 de
1412 5731 1574 5784 mensura
1599 5709 1754 5784 conferta
