4492 6592
1679 758 1750 837 125

123 979 129 1004 ¹
193 969 455 1058 monasterium,
483 969 551 1042 duo
570 967 781 1042 monasterio
800 965 1128 1042 Ozaustochovieusi
1153 977 1322 1062 perpetuo
1348 969 1495 1043 contulit
1516 977 1554 1042 et
1570 971 1750 1075 inscripsit

190 1090 347 1180 macella,
374 1095 410 1161 et
436 1091 617 1180 quodlibet
644 1091 745 1190 aunis
773 1091 919 1180 siugulis
946 1091 1051 1162 solvit
1070 1147 1211 1162 ......
1793 1164 1797 1173 ,

297 1209 486 1300 Gnsszm,
521 1211 654 1283 fabrica
680 1209 765 1282 lerri
792 1217 828 1282 et
853 1212 1007 1301 piscina,
1040 1213 1104 1284 sub
1131 1215 1298 1302 parocbia
1323 1214 1367 1284 de
1394 1213 1751 1286 Gzaustoclrora

193 1332 270 1420 site,
300 1332 400 1404 cuius
428 1333 624 1421 proprietas
651 1331 694 1402 ad
723 1333 968 1402 monasterium
993 1330 1328 1409 Gzaustochoviense
1355 1335 1518 1423 pertinet3
1545 1334 1675 1406 donata
1700 1337 1750 1405 ei-

190 1452 268 1524 dem
298 1453 512 1524 monasterio
539 1451 868 1523 Ozaustochovieusi
895 1473 958 1542 per
977 1451 1275 1524 Vladislaum
1301 1453 1556 1526 Secundum
1583 1453 1749 1526 Polouiae

190 1591 320 1662 regem,
348 1574 384 1644 in
410 1572 550 1650 flumine
581 1571 801 1643 Zarnowu
837 1570 999 1660 fundata,
1036 1593 1141 1644 venas
1175 1573 1261 1643 ferri
1287 1581 1323 1644 et
1349 1575 1499 1644 mineras
1534 1575 1745 1646 incircuitu

194 1693 332 1763 habeus
358 1692 556 1781 foecundas,
584 1699 619 1762 et
645 1692 811 1781 piscinam
831 1693 866 1762 in
881 1692 1001 1762 eodem
1019 1693 1126 1764 fluvio
1152 1692 1396 1766 Szaruowa
1422 1695 1574 1783 piscibus
1600 1696 1752 1784 uberem,

194 1821 228 1885 et
255 1813 366 1885 solvit
393 1814 495 1885 anuis
521 1814 666 1903 singulis
693 1834 757 1903 pro
784 1815 995 1886 monasterio
1014 1868 1130 1886 .....

820 2081 1131 2106 m

743 2313 1226 2420 usnsouovmnss

114 2607 116 2612 ,
213 2583 220 2588 ·
255 2547 431 2622 tertium
467 2547 768 2622 monasterium
802 2543 962 2623 ordinis
997 2545 1111 2624 Beail
1147 2543 1260 2623 Pauli
1295 2546 1415 2648 primi
1452 2547 1697 2646 heremitae,

114 2685 115 2694 '
412 2683 450 2759 in
485 2681 763 2762 cracoviensi
797 2681 986 2761 dioecesi
1020 2683 1276 2782 consistens,
1310 2684 1421 2762 inter
1452 2684 1544 2762 alla.

114 2909 116 2958 l
301 2901 474 2973 Albertus
500 2901 523 2972 J
533 2902 883 2992 astrzambyecz
911 2901 953 2972 de
980 2901 1217 2973 Lubuicze
1250 2923 1293 2972 es
1319 2902 1497 2992 pontificio
1523 2902 1751 2978 Poananiensi

114 3051 116 3160 p
203 3020 672 3092 inGracorieusem··sedcm
700 3022 903 3112 translatus,
930 3023 1131 3111 patrimonii
1158 3023 1214 3092 sui
1240 3028 1370 3092 soriam
1397 3030 1433 3094 at
1460 3024 1688 3113 ampliaturus
1718 3033 1755 3098 et

114 3161 116 3198 r
205 3141 500 3232 magnificaturus,
528 3142 707 3213 ecclesiam
735 3142 967 3232 parochialem
1005 3143 1041 3212 in
1069 3141 1354 3214 Bansclrowa
1386 3142 1615 3235 Militari,
1655 3149 1753 3218 cuius

114 3199 116 3328 l
205 3270 237 3334 et
261 3265 337 3352 ipse
368 3283 443 3333 cum
472 3263 655 3352 nepotibus
691 3264 906 3353 caeterisque
941 3263 1108 3334 militibus
1145 3263 1189 3334 de
1216 3263 1317 3336 domo
1344 3270 1381 3334 et
1405 3263 1538 3334 familia
1573 3266 1752 3357 Accipi-

115 3419 117 3482 ἶ
205 3390 314 3455 trum
352 3389 523 3473 patronus
559 3389 595 3454 et
622 3383 767 3455 collator
801 3389 895 3473 erat,
922 3391 959 3455 et
985 3383 1234 3454 Poznanieusis
1269 3383 1451 3474 episcopus
1474 3385 1636 3476 existens,
1663 3407 1754 3458 auno

115 3497 116 3544 ³
206 3504 339 3576 Domini
374 3506 482 3576 1407.
522 3523 598 3574 cum
626 3509 730 3575 autea
756 3505 872 3594 lignea
898 3511 934 3576 ct
960 3505 1105 3576 humilia
1144 3503 1302 3576 aedificia
1339 3505 1494 3596 haberet,
1533 3507 1570 3577 iu
1596 3509 1753 3579 coctilem

115 3621 116 3690 3
208 3633 239 3695 et
262 3629 437 3696 muratam
464 3624 785 3712 transformaverat;
813 3645 903 3696 auno
930 3625 1069 3696 Domini
1101 3624 1591 3698 umenecessitatis
1617 3628 1653 3698 in
1673 3649 1755 3699 con-

210 3747 402 3818 ventualem
430 3752 467 3816 et
493 3747 718 3818 monasticam
746 3745 977 3835 transferens,
1018 3765 1163 3836 eamque
1196 3745 1366 3817 iratribus
1394 3746 1493 3816 Beati
1521 3746 1621 3818 Pauli
1655 3751 1758 3838 primi

209 3867 413 3956 heremitae,
453 3867 517 3938 sub
552 3867 673 3957 regula
699 3867 800 3939 Beati
828 3867 1033 3957 Augustini,
1068 3874 1105 3938 et
1140 3867 1205 3937 sub
1240 3866 1414 3937 nonnullis
1449 3868 1754 3941 constitutionibus

116 3963 117 3972 ἵ
211 3987 439 4078 superadditis
479 3989 699 4077 viventibuS,
748 3990 948 4078 consignat,
989 3989 1024 4057 in
1071 3987 1207 4058 laudem
1248 3985 1505 4076 Omnipotentis
1544 3987 1609 4058 Dei
1649 3991 1755 4061 horas

213 4117 397 4182 numuruas
437 4115 474 4180 et
514 4110 678 4200 diurnas,
718 4129 844 4200 resque
885 4110 1019 4180 divinas
1046 4115 1083 4178 et
1108 4114 1249 4179 caetera
1286 4108 1406 4180 divina
1444 4107 1558 4180 officia
1597 4111 1755 4200 expletu-

212 4229 273 4318 ris,
299 4235 335 4300 et
363 4246 480 4298 curam
509 4229 701 4300 animarum
729 4230 764 4300 in
793 4229 892 4318 plebe
919 4222 1011 4298 illius
1033 4227 1220 4317 parochiae
1244 4228 1406 4318 gestans.
1443 4226 1522 4298 Non
1548 4233 1665 4300 tamen
1683 4251 1757 4301 mo·
1810 4267 1815 4275 .

213 4351 358 4420 uastatio
387 4349 437 4418 illi
465 4369 555 4420 novo
581 4351 674 4420 eirca
701 4349 982 4439 translationem,
1019 4349 1169 4438 aliquam
1196 4348 1312 4420 dotem
1339 4349 1563 4438 crassiorem,
1590 4350 1652 4421 sed
1678 4357 1756 4422 tau·
1835 4381 1843 4390 ·
1901 4399 1906 4407 -

213 4470 382 4541 tummodo
410 4475 566 4541 vetustos
594 4476 781 4560 proventus
807 4470 973 4541 ecclesiae
1000 4470 1230 4564 parochialis,
1257 4475 1294 4540 et
1318 4476 1508 4559 proventus
1535 4471 1753 4560 praebendae

216 4609 270 4660 seu
296 4591 426 4680 altaris,
467 4611 568 4680 quam
596 4593 780 4681 episcopus
806 4589 1045 4663 Gracoviensis
1073 4591 1225 4662 existens
1252 4591 1288 4660 in
1314 4591 1436 4662 eadem
1463 4591 1609 4662 ecclesia
1634 4593 1758 4664 funda·

216 4717 315 4800 verat,
343 4720 379 4782 et
406 4705 546 4782 decimis
574 4712 846 4802 manipularibus
882 4731 1022 4784 mensae
1058 4711 1264 4801 episcopalis
1299 4712 1335 4782 in
1362 4717 1511 4802 utraque
1536 4711 1756 4785 Swicbow

117 4889 118 4892 ,
218 4830 394 4907 dotaverat
419 4834 591 4922 assignat,
627 4853 736 4922 prope
763 4841 880 4906 tamen
907 4837 1054 4904 mortem
1083 4834 1311 4922 constitutus,
1342 4833 1497 4904 villulam
1523 4840 1662 4905 tenuem
1689 4835 1758 4905 Bi-

219 4951 355 5024 dlowa
381 4953 449 5024 illis
476 4961 659 5042 coemerat,
686 4954 779 5024 mille
805 4955 949 5044 insuper
975 4973 1109 5024 marcas
1136 4955 1286 5025 latorum
1313 4975 1512 5043 grossorum
1531 4954 1757 5045 Prugensinm

218 5093 274 5160 pro
301 5075 525 5164 amplioribus
551 5077 652 5148 bonis
680 5075 892 5165 coemendis,
928 5077 963 5146 iu
991 5076 1150 5147 manibus
1187 5076 1383 5166 Sbiguel
1414 5075 1567 5165 episcopi
1594 5075 1757 5147 &acori

220 5197 303 5265 ensis
329 5197 524 5266 executoris
552 5198 605 5267 sui
632 5197 831 5286 reliquerat,
859 5218 944 5286 quas
963 5203 1174 5288 pronepotes
1196 5197 1251 5266 sui
1277 5196 1502 5267 Derslaus
1528 5205 1565 5267 et
1590 5196 1614 5267 J
1623 5200 1758 5270 ohan·

221 5333 291 5385 nes
316 5317 360 5388 ad
386 5339 432 5388 so·
450 5325 655 5407 pertractas,
682 5324 794 5388 certas
821 5319 959 5388 villulas
978 5325 1014 5389 et
1033 5323 1163 5388 sortem
1190 5333 1325 5386 omnem
1343 5316 1446 5387 villae
1473 5317 1759 5391 Banschowa

223 5444 423 5528 coementes,
451 5440 543 5528 ipsas
571 5437 728 5527 praelato
754 5440 789 5508 in
819 5439 1102 5509 Bauschowa
1137 5439 1421 5526 incorporarunt,
1457 5437 1758 5531 adiunxeruuiuue

225 5561 429 5630 monaterio.
457 5559 524 5630 Sed
550 5566 585 5631 et
611 5558 788 5648 praefatus
817 5561 982 5630 Albertus
1009 5557 1032 5629 J
1042 5558 1392 5647 astruambyecz
1429 5557 1630 5648 principalis
1657 5581 1757 5650 prae·

227 5673 282 5746 lati
299 5680 496 5751 monasterii
509 5679 681 5769 fundator,
701 5681 805 5750 etiam
820 5681 862 5751 de
878 5679 959 5751 sede
974 5678 1204 5768 Cracoviensi,
1224 5677 1368 5750 Nicolao
1388 5677 1582 5751 Tramba
1601 5682 1759 5774 obeunte,
