4492 6592
1678 768 1752 839 409

184 958 333 1047 proprio
369 980 475 1029 curru
501 966 563 1031 ant
589 966 719 1050 aratro,
746 962 1055 1058 itempowcbom5
1086 967 1168 1037 item
1197 988 1344 1063 oasayep,
1369 971 1453 1041 item
1479 973 1644 1061 taberna,
1672 976 1753 1047 item

182 1078 392 1169 hortulani,
418 1080 499 1151 item
538 1082 736 1171 praedium;
764 1085 847 1155 item
874 1086 1108 1159 molendinum
1146 1110 1215 1159 nou
1242 1096 1299 1161 est
1325 1090 1361 1161 in
1389 1092 1508 1163 eadem
1537 1095 1629 1165 villa.
1666 1098 1754 1169 Item

183 1200 260 1289 agri
288 1200 411 1298 villae,
438 1202 482 1273 ad
502 1204 759 1292 ‚monasterium
786 1203 1068 1279 Wanchoczeuse
1094 1212 1321 1300 pertinentes
1345 1212 1484 1284 solvunt
1502 1220 1539 1286 et
1557 1217 1753 1290 conducunt

182 1322 356 1392 decimam
387 1324 635 1413 manipularem
663 1332 700 1397 et
726 1328 936 1419 canapalem‚
964 1351 1027 1419 pro
1055 1333 1267 1404 monasterio
1286 1331 1567 1426 Wanchoczensi,
1596 1346 1632 1409 et
1654 1340 1752 1411 valor

162 1433 256 1515 'eius
285 1445 498 1515 aeatImatur
516 1445 560 1515 ad
580 1453 728 1535 quatuor
746 1470 893 1521 marcas.
917 1450 1163 1521 Item‘residua
1182 1474 1263 1541 pars
1282 1453 1384 1525 villae
1403 1456 1580 1545 praefatae
1599 1460 1753 1548 pertinet

181 1565 226 1635 ad
239 1558 489 1637 canonicatum
509 1572 546 1638 et
565 1569 796 1656 praebendam
817 1569 1141 1662 Sandomirieusem,
1163 1595 1250 1663 quae
1269 1576 1465 1665 appellatur
1479 1578 1750 1669 Zayanczskow-
1886 1586 1891 1595 '
1973 1574 1977 1584 '

183 1687 267 1776 ska;
294 1687 337 1762 in
365 1709 435 1778 qua
461 1697 542 1761 suut
570 1696 718 1780 quatuor
745 1691 837 1763 lanei
864 1694 1107 1782 cmetbonaleS,
1137 1701 1173 1765 et
1200 1696 1345 1786 quilibet
1372 1698 1476 1770 solvit
1502 1700 1589 1771 duas
1608 1724 1750 1793 marcas,

184 1808 338 1899 triginta
366 1831 452 1899 ova,
478 1810 566 1881 duos
593 1832 763 1903 caponee;
799 1813 842 1885 de
869 1814 926 1885 his
951 1821 1104 1904 ‘quatuor
1132 1817 1241 1888 laneis
1269 1820 1418 1910 percipit
1447 1821 1613 1893 decimam
1641 1826 1751 1895 mani·
1890 1794 1893 1800 Ι
1946 1856 1951 1863 ·

185 1931 347 2021 pnlarem
374 1938 413 2002 et
439 1932 640 2022 canapalem
667 1934 813 2006 ecclesia
831 1935 866 2005 in
884 1934 1069 2026 Zwolya
1096 1926 1343 2010 Koniriska
1369 1942 1404 2011 in
1424 1947 1520 2013 terra
1538 1943 1751 2035 Lublinensi,

184 2058 220 2137 et
253 2052 362 2125 valor
398 2054 473 2125 eius
509 2055 715 2127 aestimatur
753 2056 797 2127 ad
834 2063 985 2147 quatuor
1010 2080 1164 2146 marcas.
1206 2059 1366 2133 Confinat
1393 2084 1470 2135 cum
1506 2065 1633 2157 oppido
1660 2064 1752 2137 Wa—
1889 2052 1892 2059 Κ

187 2196 386 2266 sznyow.

287 2296 483 2386 Lraszow,
510 2298 594 2369 villa
619 2299 685 2369 snb
712 2299 878 2388 parocbia
903 2300 1070 2371 ecclesiae
1096 2301 1141 2373 de
1167 2299 1377 2393 Malycze
1405 2306 1483 2394 sita,
1511 2328 1614 2397 qnam
1635 2306 1751 2377 Mar-

184 2419 378 2489 cassius
419 2418 528 2490 abbas
563 2419 605 2491 de
632 2418 981 2493 Wanchoezsko
1017 2427 1052 2493 et
1078 2430 1269 2495 conventus
1297 2427 1390 2515 emit,
1419 2428 1462 2496 ab
1482 2427 1750 2499 Alexandro

185 2540 304 2611 Albo
332 2540 380 2611 de
406 2540 708 2614 Sandomiria
734 2564 811 2631 pro⁸
826 2544 1027 2633 octuaginta
1053 2546 1180 2617 marcis
1199 2547 1277 2635 puri
1296 2549 1497 2638 argenti,·et
1515 2550 1614 2620 iuxta
1633 2550 1760 2636 villam,

187 2662 294 2751 ipsam
340 2661 512 2751 quaedam
547 2669 662 2752 terra,
690 2684 791 2753 quam
824 2664 920 2757 idem
948 2665 1057 2737 abbas
1084 2668 1301 2756 comparavit
1328 2690 1349 2739 a
1376 2667 1651 2741 G1·othkone
1678 2671 1750 2742 filio

187 2782 377 2853 Theodrici
412 2782 658 2873 Mquczine
685 2784 857 2857 dedomo
885 2786 1040 2876 Raw'a,
1066 2788 1111 2859 de
1138 2810 1306 2861 consensu
1332 2790 1478 2861 fratrum
1507 2792 1616 2881 ipsius
1644 2790 1750 2863 Gro-

187 2904 351 2976 thonis
378 2926 442 2995 pro
469 2905 702 2997 quadraginta
727 2912 765 2977 et
792 2912 943 2999 quatuor
968 2910 1094 2981 marcis
1121 2912 1201 3000 puri
1229 2912 1374 3001 argenti.
1400 2912 1440 2981 In
1469 2934 1538 3002 qua
1565 2920 1646 2985 sunt
1665 2912 1750 2985 duo·
1815 2888 1825 2895 “

188 3024 306 3115 decim,
334 3027 423 3097 alias
450 3027 644 3117 quindecim
671 3028 762 3099 lanei
789 3029 1042 3120 emethoualee,
1069 3035 1106 3101 et
1133 3031 1279 3120 quilibet
1305 3032 1410 3103 solvit
1437 3032 1586 3105 sedecim
1606 3040 1748 3123 scottos,

188 3147 267 3217 item
295 3170 367 3220 ova
393 3148 549 3238 triginta,
576 3149 836 3239 itemcapoues
863 3148 961 3240 duca,
989 3150 1074 3221 item
1094 3171 1222 3232 ¹caseos
1247 3152 1343 3243 duos,
1362 3154 1443 3225 item
1463 3154 1625 3226 laborant
1642 3178 1750 3226 unum

190 3269 276 3340 diem
305 3270 344 3340 in
374 3271 569 3360 septimana
595 3271 638 3342 do
665 3271 785 3360 laneo,
812 3272 957 3361 proprio
984 3293 1089 3344 curru
1117 3279 1179 3350 aut
1207 3279 1343 3365 aratro,
1370 3276 1453 3347 item
1480 3274 1660 3371 powobom
1686 3276 1749 3347 du·
1791 3332 1795 3339 .

189 3390 312 3480 plicam
341 3392 505 3463 laborant
531 3414 595 3483 pro
624 3414 705 3463 vere
732 3404 851 3483 unam,
874 3400 911 3463 et
937 3415 1003 3484 pro
1029 3395 1159 3485 hyeme,
1179 3396 1337 3487 alteram,
1365 3398 1448 3469 item
1475 3420 1622 3492 oaszyep.
1662 3398 1750 3469 Item

113 3587 115 3593 .
189 3512 357 3585 tabernae
383 3513 473 3585 duae
499 3514 668 3585 habentes
694 3535 809 3604 agros,
835 3521 872 3586 et
900 3515 1004 3586 solvit
1031 3517 1207 3605 quaelibet
1234 3540 1336 3588 unam
1365 3540 1527 3591 marcam.
1555 3519 1641 3590 Item
1669 3520 1751 3591 hore

190 3635 310 3705 tulani.
338 3634 426 3705 Item
453 3631 635 3726 praedium
662 3641 718 3706 est
744 3636 793 3711 ibi
820 3638 988 3726 optimum
1015 3639 1226 3727 coenobiale,
1244 3638 1287 3710 de
1307 3662 1375 3729 quo
1394 3640 1641 3711 monasterium
1657 3640 1751 3711 toIIIt

191 3757 359 3829 decimam
384 3756 644 3847 manipularem.
671 3757 758 3828 Item
786 3757 1019 3829 molendinum
1047 3780 1115 3829 non
1144 3764 1207 3847 est,
1236 3759 1296 3829 sed
1324 3750 1458 3847 piscina
1486 3782 1553 3830 una
1572 3765 1634 3831 est.
1661 3760 1749 3831 Item

191 3900 308 3950 omnes
336 3880 414 3969 agri
441 3878 544 3949 villae
571 3879 711 3951 solvunt
735 3862 774 3949 et
800 3878 997 3950 conducunt
1024 3879 1190 3949 decImam
1211 3880 1459 3968 manipularem
1484 3887 1521 3951 et
1539 3880 1740 3970 canapalem

193 4020 255 4088 pro
281 4001 484 4092 episcopatu
513 4000 736 4073 Gracovienai
762 4000 946 4071 demedio
973 4001 1064 4090 villa,
1090 4001 1134 4071 de
1161 4000 1272 4071 altera
1297 4000 1484 4071 medietate
1512 4022 1576 4090 pro
1604 4001 1750 4073 eoeleste
1820 3996 1822 3999 ’

122 4126 129 4132 ’
193 4121 466 4193 inMalicze.
506 4122 668 4195 Confluat
693 4144 771 4194 cum
799 4120 1179 4210 Sebawlowioze,
1207 4121 1426 4213 Malicze,
1453 4122 1751 4213 Nyekiaalka

194 4239 457 4315 Gedczicze.
926 4314 929 4319 .

294 4365 482 4455 Kourna,
510 4365 595 4438 villa
621 4366 686 4437 sub
723 4365 890 4454 parochia
926 4365 969 4436 de
996 4365 1124 4437 Sancto
1151 4364 1257 4437 Petro
1284 4366 1319 4435 in
1348 4364 1646 4437 Sandomiria
1673 4345 1749 4456 sita,

195 4483 288 4557 euius
316 4492 452 4577 partem
480 4486 663 4558 Herber
690 4486 836 4559 clericus
861 4488 1074 4559 monasterio
1101 4486 1262 4576 donavit,
1290 4492 1423 4577 partem
1452 4488 1701 4559 monasterium
1729 4510 1750 4559 a

195 4604 332 4679 Petro
367 4608 439 4679 fflio
476 4608 614 4679 scolteti
649 4614 685 4678 et
721 4608 803 4678 filiis
829 4608 1073 4681 Lamberti
1099 4608 1260 4681 Iohanne
1288 4614 1323 4678 et
1349 4607 1546 4697 Stephano,
1573 4630 1638 4699 pro
1666 4631 1750 4700 qna·

166 4708 172 4715 ’
200 4726 359 4829 draginta
384 4730 510 4799 marcis
538 4729 618 4818 puri
633 4729 782 4819 argenti
800 4730 1032 4819 comparavit;
1060 4730 1163 4801 aliam
1182 4730 1323 4807 tertiam
1342 4735 1477 4819 partem
1497 4732 1606 4803 abbas
1629 4730 1751 4802 domus

196 4867 255 4935 per
288 4852 595 4923 commutationem
631 4852 675 4922 ab
711 4851 858 4923 ecclesia
893 4851 1172 4925 Sandomiriensi·
1198 4851 1359 4923 obtinuit.
1399 4850 1439 4921 In
1468 4872 1537 4941 qua
1561 4859 1645 4923 sunt
1672 4856 1750 4923 octo

197 4968 284 5043 lanei
311 4973 557 5062 amathonales,
585 4979 621 5045 et
648 4973 753 5043 solvit
781 4973 953 5063 quilibet.
975 5027 1055 5062 ...,
1083 4993 1229 5062 quorum
1258 4994 1318 5044 sex
1346 4972 1484 5045 solvunt
1511 4992 1574 5060 per
1601 4972 1750 5043 sedecim

146 5180 155 5193 ,
197 5101 351 5185 moseos,
377 5095 545 5185 septimus
579 5094 860 5185 quatuordecim,
888 5102 1031 5167 octavus
1058 5094 1247 5184 fertonem,
1270 5094 1357 5165 item
1384 5093 1529 5183 triginta
1557 5114 1640 5181 ova,
1667 5093 1750 5163 item

121 5275 126 5295 ,
199 5213 278 5289 duos
304 5217 426 5318 gallos,
452 5217 534 5289 itam
563 5238 699 5288 caseum
728 5238 854 5307 unum,
870 5217 954 5289 item
982 5217 1144 5289 laborant
1170 5214 1258 5288 duos
1286 5215 1423 5287 diesin
1451 5214 1651 5304 septimana,
1671 5234 1752 5305 pro-

199 5336 270 5423 prio
297 5359 403 5410 curru
429 5344 491 5409 aut
517 5344 648 5428 aratro,
674 5344 735 5411 aut
752 5338 878 5427 peden,
906 5338 989 5409 item
1001 5335 1187 5431 powobam
1207 5344 1390 5427 utramque
1409 5336 1571 5411 laborant
1588 5356 1652 5425 pro
1672 5355 1753 5407 vere

200 5460 231 5526 et
254 5460 386 5552 hyeme,
412 5458 497 5543 item
522 5482 661 5555 oaszyep
689 5479 758 5531 non
785 5459 935 5531 solvunt.
962 5460 1049 5531 Item
1077 5460 1246 5529 tabernae
1274 5480 1342 5529 non
1371 5462 1460 5529 sunt.
1487 5456 1575 5527 Item
1595 5454 1753 5527 hortula-

203 5578 275 5651 niae
302 5587 383 5653 sunt
411 5582 460 5652 ibi
488 5582 585 5671 duae,
612 5582 781 5658 habentes
809 5602 929 5671 agroS,
957 5587 994 5652 et
1020 5581 1196 5670 quaelibet
1223 5580 1327 5651 solvit
1353 5600 1416 5669 per
1442 5598 1546 5648 unum
1574 5568 1754 5649 fertonem.
1784 5568 1797 5584 ⁸

200 5697 278 5774 Item
305 5703 484 5797 praedium
514 5710 568 5775 est
595 5704 644 5775 ibi
671 5702 885 5797 coenobiale,
913 5702 956 5773 de
983 5704 1080 5774 cuius
1107 5702 1202 5793 agris
1230 5701 1476 5773 monasterium
1504 5698 1598 5771 tollit
1624 5719 1688 5790 pro
1715 5720 1753 5771 se

293 5872 341 5912 Idb.
354 5870 499 5912 nonatum
1544 5850 1580 5896 5²
