4492 6592
393 837 395 848 Ι
482 730 553 801 rsa

477 936 667 1006 animarum
697 932 871 1002 salubrius
898 931 1083 1002 recolatur.
1108 910 1273 1019 Inprimis
1300 929 1457 1002 volumus
1484 928 1589 1000 etad
1618 927 1655 998 id
1680 927 1808 1000 iratres
1830 928 2033 1006 monasterii

477 1056 647 1146 praedicti
674 1054 877 1142 obligamus,
905 1057 946 1122 ut
973 1052 1007 1121 in
1036 1056 1209 1124 conventu
1236 1055 1273 1153 et
1299 1051 1335 1122 in
1363 1050 1577 1124 monasterio
1595 1050 1753 1140 praelato
1772 1049 1921 1139 singulis
1937 1048 2033 1120 feriis

478 1175 647 1264 secundis,
675 1174 774 1244 annis
802 1173 947 1262 singulis
974 1193 1039 1262 pro
1067 1178 1189 1244 nostra
1207 1177 1244 1243 et
1261 1171 1346 1242 dicti
1365 1171 1496 1242 domini
1513 1170 1685 1244 Jobannis
1703 1172 1746 1244 de
1764 1170 2033 1264 Olyescbni·

477 1319 554 1368 ena
581 1295 738 1386 palatini,
765 1295 922 1384 germani
950 1294 1062 1365 nostri
1097 1298 1364 1383 nostrorumque
1391 1299 1574 1382 parentum
1601 1294 1863 1384 progenitorum
1890 1298 1928 1364 et
1953 1313 2034 1364 con·

479 1418 748 1507 sanguineorum
772 1415 894 1504 salute,
912 1436 975 1504 per
1002 1414 1134 1486 fratres
1157 1415 1228 1486 illic
1254 1414 1447 1486 existentes
1473 1414 1580 1486 missa
1605 1414 1845 1486 defunctorum
1873 1420 2034 1488 cantetur

477 1548 514 1611 et
540 1543 738 1630 peragatur.
764 1538 852 1608 Item
880 1535 1049 1621 volumus,
1076 1542 1117 1606 ut
1144 1536 1289 1626 siugulis
1305 1512 1439 1616 xdiebus
1466 1536 1691 1625 septimanae,
1709 1536 1832 1608 diebus
1850 1536 2034 1611 dominicis

478 1667 514 1730 et
540 1659 790 1732 festivitatibus
818 1657 1008 1728 maioribus
1035 1659 1198 1746 exceptis
1225 1658 1261 1728 iu
1287 1658 1394 1728 missa
1420 1663 1557 1728 matura
1582 1657 1747 1730 cantabili
1774 1679 1839 1747 pro
1857 1664 1983 1730 nostra
1999 1665 2036 1730 et
2161 1749 2163 1760 Ι

479 1782 563 1852 dicti
590 1780 747 1871 germani
775 1779 885 1850 nostri
912 1777 1042 1848 domini
1069 1776 1092 1848 J
1103 1778 1300 1848 obeunda
1327 1778 1481 1867 palatini,
1505 1785 1771 1869 nostrorumque
1788 1779 2036 1868 praedecesso

482 1924 559 1974 rum
587 1901 749 1992 specialis
776 1899 922 1970 collecta
949 1899 983 1968 in
1011 1899 1084 1968 vita
1111 1919 1175 1988 pro
1202 1899 1363 1988 peccetis
1389 1898 1462 1969 fato
1480 1899 1609 1970 functis
1627 1920 1691 1989 pro
1717 1900 1900 1974 animabus
1925 1902 2037 1992 impe
2161 1909 2163 1966 1

479 2028 592 2094 natur.
632 2023 720 2092 Item
757 2025 942 2092 teneantur
966 2019 1100 2090 ,fratres
1133 2019 1303 2110 praedicti
1329 2020 1531 2092 monasterii
1558 2020 1626 2092 duo
1653 2021 1909 2113 anniversaria,
1936 2013 2037 2096 annis
2161 2013 2163 2080 ἔ

480 2137 634 2234 singulm,
662 2135 877 2232 temporibus
904 2141 1081 2232 perpetuis
1109 2161 1222 2230 agere,
1249 2162 1364 2228 unum,
1390 2141 1483 2231 qnod
1509 2161 1574 2232 pro
1601 2142 1701 2214 nobis
1726 2143 1763 2214 in
1790 2145 1912 2234 nostri,
1941 2144 2035 2216 aliud

480 2287 565 2337 vero
606 2266 640 2336 in
678 2263 826 2355 praelati
862 2263 992 2334 domini
1027 2262 1051 2334 J
1061 2263 1259 2334 obannIs
1293 2262 1439 2352 palatini
1475 2261 1783 2354 Sandomiriensis,
1809 2265 2039 2360 eiusdemque,

483 2387 655 2458 consortis
682 2385 841 2458 dominae
867 2384 990 2454 Annae
1018 2365 1061 2456 de
1098 2383 1332 2454 Tbanczin
1368 2383 1486 2479 obitus
1521 2382 1659 2473 diebus,
1695 2385 1835 2456 mIssam
1872 2386 2035 2459 defuncto

479 2530 566 2597 rum,
586 2527 648 2597 per
675 2507 772 2597 prius
804 2506 952 2576 cantatis
981 2505 1109 2594 vigiliis
1137 2525 1260 2576 novem
1287 2505 1472 2576 lectionum
1500 2504 1557 2576 die
1583 2505 1784 2576 immediate
1810 2507 2034 2596 praecedenti
2065 2571 2071 2580 ,
2161 2543 2163 2552 ·

456 2631 515 2700 .in
552 2629 749 2700 huiusmodi
787 2627 1034 2698 anniversariis
1071 2625 1293 2715 complendo,
1320 2646 1422 2716 qnam
1458 2626 1607 2716 primunr
1634 2626 1688 2699 eis
1712 2628 1827 2700 obitus
1853 2634 1976 2700 noster
2001 2635 2036 2701 et
2161 2653 2163 2678 ³

480 2751 565 2820 dicti
592 2749 723 2820 domini
748 2746 772 2820 J
781 2749 980 2820 ohannis
1017 2747 1163 2836 palatim
1198 2748 1267 2818 erit
1293 2752 1405 2818 notus.
1440 2747 1528 2818 Item
1556 2752 1741 2820 teneantur
1765 2747 1892 2820 fratres
1918 2769 2036 2820 mona·
2139 2745 2163 2844 'j

481 2871 580 2941 sterii
607 2869 777 2960 praedicti
804 2889 868 2959 pro
897 2869 997 2956 nobis
1024 2873 1061 2939 et
1087 2867 1245 2958 praefato
1273 2868 1413 2940 domino
1438 2867 1462 2939 J
1472 2867 1651 2942 ohanne
1679 2869 1843 2958 palatino,
1870 2874 2035 2961 tanquam
2161 2853 2163 2888 ³

480 2992 591 3062 unicis
627 2995 663 3062 et
689 2990 810 3080 primis
837 2989 1079 3060 fundatoribus
1105 2990 1309 3062 monasterii
1335 2987 1502 3078 praefati,
1529 2990 1566 3060 in
1592 2989 1728 3079 missis,
1756 2991 1976 3062 orationibus
2001 2998 2037 3064 et

481 3112 660 3203 quibusvis
701 3111 778 3182 aliis
819 3111 1122 3199 deprecationibus
1162 3131 1267 3201 agere
1301 3110 1505 3182 memoriam
1539 3110 1737 3199 specialem.
1786 3111 1874 3182 Item
1914 3112 2038 3184 damus

482 3233 594 3303 eidem
621 3231 832 3302 monasterio
868 3231 1083 3320 temporibus
1116 3232 1295 3322 perpetuis
1329 3233 1366 3302 in
1392 3230 1532 3302 flumine
1559 3230 1677 3302 Nida
1703 3233 1740 3302 in
1767 3227 2038 3306 omnibus'locis

483 3353 526 3422 ad
555 3372 642 3442 quae
670 3343 710 3423 se¹
735 3351 922 3452 dominium
949 3355 1107 3423 nostrum
1135 3350 1301 3441 extendit,
1327 3352 1473 3423 liberam
1501 3353 1633 3442 absque
1659 3352 1870 3442 piscatorum
1896 3360 2036 3426 nostro

482 3495 568 3563 rum,
597 3473 655 3564 qui
681 3471 807 3543 flumen
825 3471 1023 3544 huiusmodi
1048 3473 1163 3562 pretio
1190 3475 1400 3544 conveniunt
1426 3473 1641 3562 pracindicio
1667 3478 1704 3543 et
1729 3473 1867 3565 damno,
1883 3475 2037 3565 piscatu·
2160 3563 2163 3574 Ι

482 3615 566 3666 ram.
600 3595 686 3666 Item
723 3593 880 3666 volumus
915 3599 955 3665 ut
990 3594 1087 3684 prior
1113 3598 1151 3666 et
1174 3591 1303 3666 iratres
1338 3594 1542 3666 monasterii
1568 3594 1739 3684 praedicti
1766 3595 1803 3666 in
1830 3596 2038 3668 molendinis

481 3717 611 3787 nostris
638 3714 1040 3806 Pyandziczoviensibus‚
1067 3720 1104 3786 et
1130 3714 1209 3788 aliis
1236 3715 1518 3806 quibuscumque,
1544 3714 1719 3788 momenta
1745 3736 1865 3788 eorum
1892 3723 1930 3789 et
1955 3719 2037 3789 bra·

482 3859 542 3910 sea
569 3837 753 3908 cuiuslibet
788 3837 926 3927 generis
962 3837 1071 3908 libere
1107 3837 1258 3925 molent,
1285 3842 1323 3908 et
1347 3837 1478 3910 nullam
1504 3837 1605 3909 nobis
1631 3857 1827 3910 mensurum
1855 3840 2050 3932 occasIoue⁸

482 3959 576 4030 illius
611 3959 799 4030 molitionis
835 3957 983 4030 reddere
1015 3963 1220 4049 teneantur,
1246 3979 1409 4030 mensura
1443 3947 1731 4032 molendinatoris
1767 3979 1904 4049 semper
1930 3961 2038 4032 salva

419 4057 422 4062 ⁵
482 4080 571 4150 Item
610 4080 767 4150 volumus
803 4084 843 4150 ut
869 4081 969 4154 annis
996 4079 1142 4170 singulis
1169 4082 1267 4170 prior
1293 4085 1330 4152 et
1355 4087 1545 4154 conventus
1571 4082 1773 4152 monasterii
1800 4079 1950 4171 praefati
1977 4082 2040 4152 do·

482 4202 575 4272 mino
603 4200 625 4272 J
636 4201 806 4272 obanni
834 4201 987 4290 palatino
1015 4201 1205 4290 praedIcto,
1231 4205 1268 4271 et
1294 4221 1335 4272 eo
1362 4203 1467 4274 rebus
1493 4202 1654 4274 humanis
1679 4208 1784 4274 exnto
1811 4203 1892 4274 liliis
1909 4203 1984 4274 suls
2002 4208 2039 4274 et

485 4321 760 4410 successoribus,
787 4343 830 4394 ex
866 4321 996 4392 femore
1024 4340 1087 4394 sno
1115 4321 1420 4413 descendentibus,
1447 4330 1484 4394 et
1510 4323 1672 4396 videlicet
1698 4324 1754 4394 cui
1779 4325 1873 4396 bona
1898 4322 2038 4414 Pyan·

485 4442 687 4514 dziczov
714 4447 809 4514 sorte
837 4442 1088 4532 contingerent,
1115 4443 1299 4514 stationem
1327 4444 1432 4516 rebus
1458 4444 1714 4535 iufrascriptam
1741 4445 1946 4532 limitatam,
1975 4444 2039 4515 dn-

484 4565 558 4634 cale
587 4545 756 4634 videlicet
775 4563 944 4652 digerium
973 4563 1218 4653 continentem,
1245 4563 1406 4636 videlicet
1429 4569 1587 4654 quartam
1606 4571 1742 4656 partem
1759 4566 1869 4656 bovis,
1888 4571 2039 4656 quatuor

484 4703 666 4756 mensuras
691 4704 829 4774 avenae,
857 4705 961 4756 unum
990 4684 1125 4756 actuale
1151 4685 1330 4775 cervisiae,
1356 4707 1459 4758 uuam
1486 4687 1587 4777 panis
1614 4707 1821 4778 sexagenam
1845 4691 1881 4758 et
1907 4687 2040 4760 dnode-

484 4807 550 4876 cim
588 4805 718 4896 gallos,
755 4811 791 4876 et
825 4806 860 4876 in
896 4805 985 4878 festo
1021 4785 1138 4876 Sancti
1174 4805 1320 4878 MartIni
1358 4808 1460 4878 annis
1486 4808 1632 4898 singulis
1658 4829 1763 4880 unum
1791 4807 1967 4880 vasculum
1996 4808 2040 4879 de

483 4949 604 4999 eorum
631 4927 742 5016 vinea,
769 4947 846 4998 curn
874 4926 1009 4998 duobus
1033 4927 1184 5018 panibus
1210 4927 1378 5017 offerant,
1404 4929 1549 5000 tradant
1574 4933 1611 5000 et
1637 4929 1825 5019 assignant.
1856 4928 1931 5000 Nec
1956 4950 2039 5019 pro-

485 5056 610 5140 pterea
647 5047 690 5120 ad
718 5047 948 5120 redditionem
978 5047 1155 5138 praelatae
1181 5049 1352 5139 stationis,
1378 5034 1453 5121 riui
1486 5056 1524 5122 et
1549 5051 1650 5141 panis
1675 5071 1737 5122 eos
1764 5051 1938 5141 obligatos
1963 5071 2042 5122 esse

483 5172 650 5262 volumus,
678 5176 718 5242 ut
744 5191 805 5244 eos
832 5169 1072 5260 quoquomodo
1101 5191 1293 5260 oneremus,
1321 5171 1384 5243 sed
1412 5178 1452 5243 ut
1478 5191 1542 5261 per
1567 5171 1635 5244 boc
1660 5173 1697 5242 in
1722 5171 1878 5244 futurum
1895 5172 2039 5244 evidens

483 5293 700 5384 relinquatur
726 5293 871 5383 mgnum,
899 5313 962 5364 nos
989 5296 1024 5362 et
1050 5291 1241 5382 praelatum
1269 5291 1445 5364 domiuum
1470 5292 1494 5364 J
1501 5293 1721 5366 ohannem
1749 5293 1951 5384 palatInum,
1968 5314 2041 5365 me-

484 5435 607 5504 amque
644 5415 781 5486 domum
809 5419 846 5486 et
871 5412 1055 5504 familiam,
1082 5434 1145 5505 per
1171 5413 1297 5486 lineam
1325 5415 1549 5488 masculinam
1577 5414 1862 5503 descendentem,
1888 5415 2040 5505 praefati

484 5537 685 5606 monasterii
712 5556 788 5608 esse
815 5555 926 5626 veroa,
945 5536 1119 5627 legitimos
1145 5540 1182 5608 et
1208 5537 1327 5610 unicos
1352 5534 1566 5626 fundatores,
1592 5535 1770 5608 dotatores
1787 5544 1825 5608 et
1842 5535 2041 5626 collatores,

485 5660 521 5726 et
546 5655 651 5728 talem
678 5657 921 5746 obligationem
949 5662 985 5730 et
1002 5659 1187 5732 stationem
1206 5657 1340 5733 ducalis
1355 5657 1490 5749 digerii,
1507 5659 1545 5728 in
1563 5658 1699 5749 signum
1717 5658 1804 5730 iuris
1821 5662 2038 5748 patronatus,
