4492 6592
482 721 551 814 1114

418 974 428 992 ,
479 942 792 1037 praesentationem
819 937 1025 1014 Vladislai
1052 937 1230 1037 Secundi
1255 937 1421 1010 Poloniae
1447 934 1561 1028 regis,
1588 931 1681 1028 apud
1699 955 1803 1028 0000
1829 930 2041 1024 magisterio

490 1066 642 1157 capellae
677 1063 899 1154 fungebatur,
936 1064 1000 1134 sub
1037 1062 1145 1134 Petro
1174 1061 1338 1153 Wyscb
1364 1061 1526 1150 episcopo
1561 1057 1784 1131 cracoviensi
1811 1057 2047 1143 successisset,

490 1186 651 1258 0100010
688 1185 812 1275 viginti
840 1190 989 1274 quatuor
1023 1183 1117 1254 illam
1145 1184 1314 1270 rexisset,
1351 1181 1472 1253 videns
1504 1201 1541 1251 se
1576 1187 1614 1250 et
1640 1200 1726 1252 aevo
1763 1185 1799 1250 et
1824 1177 2045 1268 aegutudine

489 1311 661 1378 maturum
689 1312 725 1376 et
747 1323 906 1395 gravem,
933 1304 1085 1375 iohanni
1112 1303 1350 1393 Dlugoscb
1377 1303 1507 1373 seniori
1534 1303 1651 1390 nepoti
1678 1321 1744 1372 suo
1760 1319 1929 1388 germano
1956 1317 2046 1368 anno

491 1427 633 1500 Domini
663 1427 771 1498 1434.
799 1427 921 1498 011100
948 1427 1121 1514 octobrio,
1149 1426 1192 1495 de
1211 1424 1288 1514 illa,
1315 1445 1405 1494 anno
1432 1443 1516 1492 vero
1542 1423 1702 1513 sequenti
1728 1421 1772 1492 de
1799 1421 1873 1491 vita
1899 1418 2047 1490 excedit.

493 1549 543 1620 At
560 1550 590 1618 is
609 1569 744 1638 quoque
765 1569 840 1618 cum
861 1547 955 1618 illam
974 1547 1074 1616 annis
1094 1545 1288 1636 quindecim
1306 1545 1486 1633 tenuisset,
1504 1542 1606 1614 fratri
1626 1563 1689 1614 suo
1706 1562 1873 1632 germano
1891 1540 2048 1610 Jobanni

489 1663 726 1758 Dlugoseh
754 1669 890 1756 iuniori,
919 1688 1007 1738 anno
1036 1666 1198 1738 videlicet
1225 1666 1364 1736 Domini
1396 1667 1504 1754 1449,
1530 1665 1595 1736 001
1622 1663 1825 1753 pontificatu
1851 1659 2048 1749 Sbignei

493 1788 733 1862 Cracoviensis
753 1789 905 1878 episcopi
925 1809 998 1858 eam
1019 1788 1182 1876 resignat
1223 1785 1353 1857 Verum
1372 1807 1449 1857 cum
1467 1785 1645 1858 Jobannes
1662 1784 1902 1873 Dlngoscb
1931 1782 2049 1851 senior

425 2002 430 2007 ,
495 1911 679 1982 canonicus
707 1909 946 1982 Oracoviensis
973 1908 1092 1980 sedulo
1119 1909 1361 1999 perpendisset
1386 1908 1537 1998 plurima
1564 1913 1656 1979 sect
1682 1927 1764 1978 0000
1791 1911 1961 1994 cognatos
1987 1904 2048 1973 10

493 2031 617 2102 neficia
643 2052 664 2101 a
682 2029 907 2102 Globuczensi
926 2029 1071 2101 ecclesia
1088 2030 1302 2120 percepisse,
1330 2029 1451 2100 videns
1469 2049 1605 2119 000000
1630 2027 1776 2099 1001000
1795 2047 1895 2096 0000
1914 2024 2050 2095 Johan-

490 2172 568 2222 nem
595 2151 803 2241 Dlugoscb
830 2151 997 2222 iuniorem
1025 2151 1128 2220 etiam
1148 2151 1350 2220 canonicum
1368 2148 1632 2221 Gracoviensem
1660 2149 1696 2219 in
1715 2148 1776 2218 illa
1792 2168 1862 2218 000
1881 2145 2049 2232 residere,

492 2271 709 2363 perpendens
737 2271 841 2342 etiam
869 2271 1046 2341 ecclesiam
1075 2271 1185 2360 ipsam
1213 2271 1248 2340 in
1276 2269 1569 2341 Clobncnsko
1596 2270 1632 2339 in
1651 2271 1724 2340 suis
1742 2268 1884 2339 decimis
1912 2271 1950 2336 et
1969 2286 2049 2355 pro-

493 2391 652 2464 ventibus
679 2411 830 2462 crassam
860 2397 896 2462 01
914 2397 1112 2463 ventrosam
1139 2411 1233 2481 esse,
1260 2389 1402 2462 cuilibet
1428 2392 1639 2462 monasterio
1666 2388 1897 2477 suffecturam,
1926 2387 2051 2458 Gasi-

430 2537 433 2548 ¹
494 2514 600 2583 miri
629 2511 782 2583 Tertii
817 2511 982 2584 Poloniae
1009 2513 1102 2602 regis
1127 2505 1220 2585 0000
1245 2513 1383 2584 Domini
1414 2510 1512 2584 1454
1540 2513 1632 2603 apud
1660 2511 1819 2584 Thorw
1829 2533 1851 2600 y
1878 2528 2051 2580 consensu

492 2633 599 2705 veluti
626 2634 766 2723 patroni
792 2634 945 2723 obtento,
972 2653 1048 2704 eam
1075 2653 1139 2723 per
1159 2633 1408 2724 Sbigueum
1435 2633 1529 2705 tituli
1556 2633 1704 2704 Sanctae
1731 2631 1873 2703 Priscae
1900 2629 2050 2700 Sanctae

491 2753 668 2824 Romanae
696 2753 860 2824 ecclesiae
878 2754 1118 2846 presbyterum
1147 2755 1356 2826 cardinalem
1383 2760 1420 2828 et
1437 2755 1636 2845 episcopum
1655 2753 1921 2824 Gracoviensem
1940 2749 2051 2820 fratre

493 2895 556 2946 suo
584 2873 743 2945 Johanne
769 2874 822 2943 Dl
836 2874 1006 2963 ugosch
1033 2876 1168 2947 iuniore
1195 2897 1258 2966 per
1284 2875 1379 2947 aliud
1405 2875 1610 2947 beneficium
1627 2880 1843 2964 contentato,
1871 2874 1907 2943 in
1928 2871 2051 2960 ampli-

492 2994 647 3065 tudinem
675 2993 788 3066 laudis
816 2995 964 3085 divinae,
991 3001 1028 3066 et
1054 3017 1117 3086 pro
1145 2997 1356 3069 incremento
1383 2997 1464 3076 fidei
1490 3004 1527 3068 et
1553 2996 1732 3086 religionis
1759 2995 1990 3082 christianae,
2017 2997 2053 3062 et

494 3115 606 3186 salute
633 3115 822 3186 animarum
850 3115 961 3205 plebis
988 3117 1080 3187 illius
1107 3118 1333 3208 procuranda,
1360 3139 1404 3189 00
1422 3119 1593 3190 saeculari
1619 3118 1656 3187 in
1674 3117 1868 3206 regularem
1896 3115 2051 3185 obtinuit

496 3233 697 3324 transferri,
724 3241 761 3305 01
777 3233 945 3308 fratribus
972 3237 1072 3308 Beati
1090 3239 1278 3330 Augustini
1296 3241 1539 3312 canonicorum
1566 3239 1776 3329 regularium
1796 3245 1832 3308 et
1849 3237 2051 3327 praeposito

495 3376 537 3427 ex
565 3356 730 3426 coenobio
767 3354 931 3446 Corporis
958 3356 1088 3430 Obristi
1116 3361 1151 3430 in
1178 3360 1432 3431 Oasimiria
1459 3361 1605 3451 primum
1633 3359 1797 3450 sumptis,
1834 3358 1941 3429 vitam
1970 3377 2052 3428 con·
2149 3343 2153 3351 ⁴

496 3476 733 3566 templativam
771 3485 806 3548 et
833 3480 980 3551 activam
1018 3483 1305 3572 practicantibus,
1341 3483 1376 3552 in
1403 3488 1605 3573 perpetuam
1642 3482 1854 3552 mansionem
1890 3478 2055 3564 conferri,

497 3597 713 3687 incorporari
741 3603 777 3669 et
795 3599 946 3672 inscribi.
986 3600 1191 3693 Primusque
1218 3601 1769 3693 111100000000011001011100100
1796 3599 2053 3689 Ρ11110000

496 3718 538 3788 de
566 3716 813 3808 Gracovia,
850 3720 1018 3794 secundus
1054 3723 1221 3813 magister
1254 3723 1562 3813 Laurentius,
1597 3724 1723 3794 tertius
1754 3720 1973 3792 Andreas
2009 3719 2051 3788 de

409 3896 411 3905 ,
497 3864 631 3928 .....;
658 3845 694 3910 01
719 3840 754 3910 10
782 3841 873 3912 1000
900 3843 1038 3914 modum
1075 3844 1277 3915 coenobium
1293 3882 1295 3885 ·
1313 3842 1545 3915 Olobuczense
1579 3843 1759 3922 fundatum
1786 3848 1824 3912 et
1848 3840 2050 3911 institutum

497 3967 560 4050 est,
587 3961 766 4033 duodecim
793 3961 920 4034 iratum
947 3965 1131 4055 collegium
1158 3966 1379 4055 habitururn,
1405 3975 1442 4035 et
1459 3966 1554 4036 locus
1581 3965 1640 4036 ille
1667 3966 1702 4034 10
1721 3983 1838 4034 curam
1866 3962 2051 4052 'religioso-

497 4103 573 4153 rum
600 4089 637 4152 et
663 4083 873 4173 regularium
901 4085 1073 4176 virorum,
1100 4092 1172 4157 tam
1199 4088 1235 4158 in
1263 4087 1520 4178 spiritualibus,
1553 4107 1655 4178 quam
1681 4084 1933 4175 temporalibus
1958 4103 2054 4154 corn·

497 4205 640 4294 missus,
678 4206 832 4296 quinon
860 4206 969 4276 solum
1005 4228 1079 4277 rem
1106 4208 1276 4298 divinam,
1312 4208 1504 4280 sedetiam
1541 4208 1695 4298 singulas
1730 4208 1836 4277 10000
1866 4206 2052 4276 canonicas

497 4332 685 4396 nocturnus
712 4325 845 4415 pariter
871 4333 908 4398 01
926 4327 1067 4399 diurnas
1094 4330 1166 4400 suis
1185 4330 1414 4421 1000001100,
1442 4351 1568 4400 000000
1594 4349 1677 4401 voce
1702 4334 1740 4399 01
1757 4315 1899 4398 rubrica
1925 4325 2052 4396 Gnaeo-

498 4446 626 4534 viensi,
663 4446 699 4516 10
726 4445 872 4518 ecclesia
907 4446 1131 4522 Globuczensi
1164 4455 1350 4522 teneantur
1386 4452 1544 4541 explere,
1580 4457 1616 4521 et
1641 4450 1799 4521 habitum
1830 4447 1981 4518 fratrum
2010 4446 2052 4517 de

497 4565 651 4656 Corpore
679 4563 809 4637 Christi
833 4568 871 4638 in
899 4567 1152 4641 Oasimiria
1177 4570 1331 4661 deleme,
1358 4577 1395 4642 et
1412 4571 1522 4661 plebis
1548 4571 1792 4643 Globuczensis
1818 4569 1889 4639 late
1916 4567 2051 4639 ditusae

497 4707 619 4777 gerere
638 4707 755 4760 curam
774 4689 973 4761 animarum.
1011 4691 1099 4762 Nam
1118 4695 1185 4764 etsi
1212 4713 1255 4764 ex
1272 4693 1419 4765 ecclesia
1445 4691 1684 4782 Olobuczensi,
1711 4691 1807 4762 velut
1833 4711 1876 4761 ex
1895 4690 2051 4775 matrice,

498 4814 534 4879 01
561 4808 727 4898 00000110
754 4809 869 4900 00010
895 4817 931 4882 01
949 4817 1129 4902 ventrosa,
1157 4820 1262 4903 01000
1289 4819 1436 4903 vetusta,
1464 4815 1614 4904 0010000
1641 4811 1730 4884 01100
1756 4807 1923 4882 ecclesiae
1950 4828 2052 4899 paro·

466 4917 646 5020 'chiales,
681 4929 842 5002 videlicet
877 4931 912 5002 in
940 4931 1101 5024 Byala,
1137 4935 1174 5004 in
1200 4933 1486 5026 Myedzwno,
1523 4933 1557 5004 in
1586 4932 1982 5024 Wyllroyeczsko,
2018 4930 2051 4998 in

498 5049 749 5142 (lrzepicze
776 5053 864 5124 etin
883 5052 1200 5126 Praestansko
1219 5056 1457 5145 superioribus
1474 5055 1689 5145 temporibus
1708 5053 1873 5125 fundatae
1892 5059 1988 5139 sunt,
2010 5057 2051 5120 01

498 5173 614 5262 010000
650 5173 753 5244 villae
788 5173 872 5244 locis
909 5173 977 5244 illis
1006 5175 1208 5266 viciniores,
1244 5197 1333 5266 qnae
1369 5177 1456 5248 alias
1492 5175 1536 5246 ad
1567 5176 1746 5246 ecclesiam
1783 5173 2049 5245 Globuczensem
2133 5155 2137 5162 ¹

500 5294 730 5382 pertinebant,
758 5295 856 5366 novis
883 5296 1037 5366 ecclesiis
1056 5296 1260 5387 adiunctae,
1288 5298 1400 5368 adbuc
1425 5304 1541 5368 tamen
1567 5296 1769 5366 000100οἰ0
1795 5295 1962 5384 parocbia
1989 5313 2049 5382 pro

501 5413 725 5486 Olobuczensi
753 5417 896 5489 ecclesia
922 5418 1108 5507 remansit,
1136 5439 1326 5508 parumque
1353 5417 1578 5489 Olobuczensi
1604 5418 1770 5488 ecclesiae
1798 5437 1860 5505 per
1877 5414 2050 5486 fundatio

504 5553 579 5604 nem
606 5542 661 5605 tot
689 5537 928 5628 ecclesiarum,
954 5545 989 5610 01
1007 5540 1278 5611 abstractionem
1304 5546 1359 5610 tot
1381 5539 1555 5627 villarum,
1584 5538 1755 5610 solutione
1783 5538 1889 5607 etiam
1917 5531 2050 5606 denarii

503 5651 619 5724 Sancti
654 5655 750 5728 Petri
789 5679 831 5729 ex
872 5660 1067 5732 huiusmodi
1108 5662 1283 5750 parochiis
1322 5667 1358 5731 et
1398 5663 1496 5732 novis
1537 5662 1691 5731 ecclesiis
1730 5660 1798 5730 sibi
1844 5632 2041 5744 reservata,
