4492 6592
1673 784 1748 853 ιιι
1941 732 1946 743 ’

167 987 402 1060 conducitur
428 987 561 1060 decima
587 989 813 1080 manipularis
841 1005 877 1061 et
904 989 1091 1080 canapalis·
1106 1010 1171 1079 pro
1198 989 1409 1062 monasterio
1436 988 1603 1061 Clarae
1630 989 1751 1061 Tum-

108 1095 149 1199 ιιι
165 1111 285 1198 bae,
333 1115 370 1182 et
396 1111 496 1182 valor
522 1111 598 1182 eius
620 1111 828 1182 aestimatur
856 1113 900 1182 ad
928 1111 1108 1182 duodecim
1124 1113 1280 1183 marcas.
1319 1111 1407 1182 Ibem
1435 1111 1655 1182 hortulaniae
1681 1133 1766 1182 non

169 1234 269 1300 sunt.
325 1231 414 1303 Item
442 1231 622 1322 praedium
649 1253 718 1316 nou
745 1239 800 1304 est
826 1233 967 1324 aliquod
995 1235 1030 1304 in
1056 1233 1142 1305 'villa
1167 1233 1356 1324 praedicta
1401 1232 1489 1304 Item
1515 1232 1749 1304 molendinum
1790 1319 1794 1325 1

140 1373 244 1455 Ιιιοιι
279 1359 347 1424 ιιι
374 1352 514 1444 aliquod
541 1353 577 1424 in
605 1353 699 1425 dicta
726 1354 817 1426 villa.

108 1463 131 1523 '²³
288 1472 653 1566 Gnrnmrnuczrczn,
680 1476 764 1546 villa
791 1477 855 1548 sub
883 1475 1048 1566 parochia
1074 1475 1117 1546 de
1137 1530 1250 1544 .....
1278 1476 1356 1547 sita.
1383 1475 1424 1546 In
1452 1497 1522 1566 qua
1548 1481 1631 1547 sunt
1656 1475 1749 1546 lanei

119 1488 449 1699 llcmethonales,
485 1601 522 1668 et
506 1595 592 1668 tde
620 1598 779 1670 omnibus
811 1598 915 1668 solvit
899 1603 958 1670 tur
993 1603 1029 1668 et
1013 1597 1260 1668 tconducitur
1294 1594 1428 1668 decima
1463 1596 1687 1687 manipularis
1714 1603 1751 1667 et

108 1706 371 1854 bicanapalis
399 1741 463 1809 pro
492 1724 627 1790 monast
628 1719 700 1791 erio
727 1719 894 1791 Clarae
931 1720 1147 1808 Tumbae,
1183 1726 1219 1789 ιι
1246 1719 1344 1789 valor
1370 1719 1445 1789 eins
1475 1740 1534 1790 aes
1536 1719 1680 1790 timetur
1621 1717 1751 1789 tad

497 1861 674 1912 ..marcas
720 1841 805 1912 ltem
833 1843 986 1930 taberna
1014 1841 1097 1911 item
1125 1839 1311 1929 hortulani,
1338 1840 1421 1910 item
1449 1838 1639 1929 praedium
1667 1839 1749 1909 item

174 1894 473 2031 molendinum
1760 1953 1771 1961 “

108 2070 111 2082 ’
296 2041 603 2174 Οιιιιιιιιιιιι,
630 2083 713 2154 villa
740 2085 805 2155 sub
832 2083 999 2173 parochia
1025 2081 1068 2153 de
1087 2136 1255 2152 .......
1283 2082 1361 2154 sita.
1389 2081 1428 2151 ln
1456 2101 1525 2172 qua
1551 2087 1633 2153 sunt
1659 2082 1752 2152 lanei

108 2216 119 2264 ι
174 2203 449 2294 cmethonales,
484 2211 520 2276 ιι
504 2203 592 2276 tde
620 2206 779 2279 omnibus
815 2205 920 2277 solvit
904 2209 1025 2276 turet
1009 2199 1259 2277 ctunducitur
1294 2203 1427 2274 decima
1462 2203 1688 2292 manipularis
1716 2209 1752 2274 ιι

135 2370 139 2409 ,
176 2325 374 2515 canapalis
401 2347 465 2416 pro
493 2312 705 2399 monasterio
732 2325 898 2398 Clarae
927 2325 1143 2414 Tumbae,
1183 2330 1219 2395 ιι
1203 2325 1345 2395 tralor
1371 2325 1446 2394 eius
1474 2325 1679 2395 aestimatur
1705 2324 1751 2395 ad

112 2450 212 2529 ι..
328 2468 505 2520 ..marcas
533 2449 620 2520 Item
647 2449 935 2539 tabernac,t1tem
963 2447 1151 2537 hortulani,
1176 2447 1260 2517 item
1287 2435 1476 2536 praedium.

108 2561 139 2671 ιι
301 2623 471 2660 .......
499 2569 581 2642 villa
607 2571 672 2641 sub
700 2571 863 2660 parochia
890 2571 933 2640 ιιι
952 2623 1066 2639 .....
1094 2567 1175 2656 sita,
1200 2567 1298 2638 cuius
1325 2563 1522 2657 proprietas
1549 2565 1593 2637 ad
1609 2621 1751 2637 ......

108 2702 137 2753 rc
179 2687 223 2757 ln
257 2711 335 2783 qna
362 2697 443 2762 sunt
469 2692 560 2763 lanei
587 2691 828 2781 cmetbonales,
856 2696 894 2762 ιι
912 2691 955 2779 de
974 2679 1133 2761 omnibus
1152 2689 1299 2760 solvitur
1325 2693 1362 2758 et
1388 2687 1593 2759 conducitur
1619 2687 1752 2758 decima

132 2802 487 2901 manipulariset
514 2813 689 2902 canapalis
717 2833 780 2902 pro
807 2812 1018 2884 monasterio
1045 2810 1214 2883 Clarae
1241 2809 1456 2899 Tumbae,
1487 2815 1525 2880 et
1551 2805 1649 2881 valor
1676 2809 1751 2878 eius
1791 2876 1795 2882 ,

108 2951 134 2996 ι
181 2933 403 3005 aestimatur
429 2935 474 3006 ad
493 2989 822 3006 .............
849 2955 993 3058 marcas
1038 2913 1126 3005 Item
1153 2933 1319 3020 taberna,
1345 2930 1428 3044 item
1455 2931 1676 3020 hortulani,
1667 2934 1750 2999 rtem

108 3074 125 3120 ιι
184 3055 386 3144 praedium.

246 3177 615 3266 Μιιιιιιοιιιιιιι,
652 3177 735 3248 villa
762 3177 826 3247 sub
853 3176 1019 3266 parochia
1046 3175 1088 3246 de
1116 3174 1384 3266 Szyanyecz
1423 3192 1532 3262 prope
1567 3171 1752 3243 Buszlro

188 3299 290 3388 sita,
304 3301 402 3370 cuius
428 3299 597 3370 haeredes
617 3354 624 3368 .
644 3353 650 3368 .
670 3355 677 3368 .
697 3355 703 3368 .
723 3304 758 3369 et
777 3353 783 3367 .
804 3353 811 3368 .
831 3342 838 3367 .
858 3353 865 3367 .
882 3298 1010 3368 fratres
1037 3297 1171 3368 nobiles
1198 3295 1241 3366 de
1269 3295 1371 3366 domo
1398 3293 1427 3365 P
1434 3293 1751 3385 yanlroschky.

108 3438 119 3486 ι
188 3419 231 3490 ln
264 3441 334 3510 qua
361 3427 443 3492 sunt
469 3421 626 3492 undecim
655 3419 746 3491 lanei
765 3419 1009 3512 auctionales,
1036 3418 1118 3490 item
1138 3439 1199 3490 sex
1217 3417 1435 3489 hortulaniae
1453 3416 1622 3487 babentes
1640 3437 1753 3506 agros,
1809 3475 1813 3482 .
1844 3392 1872 3494 '⁴

108 3559 127 3608 ιΙ
190 3541 280 3612 item
311 3564 380 3612 una
402 3541 553 3614 taberna
579 3543 711 3613 habens
739 3561 861 3631 agros3
897 3540 939 3610 de
967 3540 1091 3630 quibus
1120 3539 1279 3610 omnibus
1313 3537 1460 3609 solvitur
1487 3543 1523 3607 et
1549 3536 1755 3608 conducitur

108 3652 127 3729 ll
162 3669 165 3674 '
192 3661 333 3733 decima
359 3663 585 3754 manipularis
612 3669 648 3733 et
675 3661 852 3752 canapulis
879 3683 943 3751 pro
970 3659 1183 3732 monasterio
1210 3660 1252 3729 in
1274 3657 1469 3749 Mogila,
1496 3663 1532 3727 et
1558 3657 1656 3728 valor
1679 3658 1768 3754 eius¹

108 3807 112 3852 ι
193 3786 403 3856 aestimatur
431 3785 475 3856 ad
503 3783 683 3856 duodecim
711 3803 854 3854 marcas.
882 3783 969 3853 ltem
997 3787 1079 3852 sunt
1104 3782 1141 3850 in
1169 3779 1290 3851 eadem
1317 3779 1402 3850 villa
1428 3777 1496 3856 dno
1524 3777 1668 3867 praedia
1690 3777 1753 3847 mi-

121 3905 326 3996 litaria,
353 3907 395 3977 de
415 3929 561 3997 quorum
589 3906 683 3998 agris
703 3905 808 3977 solvit
792 3910 852 3976 tur
879 3903 1028 3976 decima
1039 3902 1266 3992 manipularis
1291 3920 1356 3990 pro
1383 3899 1531 3970 ecclesia
1563 3897 1754 3988 parochiali
1779 3953 1785 3957 .

119 4012 123 4103 l
196 4028 232 4097 in
262 4027 634 4119 Szanyeczwltom
664 4027 794 4098 esttibi
822 4047 938 4097 unum
964 4023 1198 4096 molendinum
1233 4023 1516 4156 babensagros,
1553 4019 1753 4110 dequibus

196 4148 347 4220 solvitur
373 4148 506 4220 decima
534 4147 775 4239 manipularis
787 4147 989 4218 ecclesiae
981 4165 1016 4216 ιιι
1043 4145 1286 4236 Szanyecz.
1407 4152 1411 4168 ¹

201 4378 404 4460 Decimae
437 4361 721 4484 manipulares
754 4375 1000 4457 monasterii
1034 4375 1095 4455 de
1114 4313 1283 4478 Moqila,
1316 4373 1497 4492 donatae
1530 4370 1584 4450 de
1608 4391 1753 4449 mensa

112 4606 114 4617 ,
201 4519 433 4624 episcopali
467 4524 511 4598 et
542 4539 767 4597 consensu·
790 4516 960 4622 capituli
995 4514 1134 4596 eidem
1167 4515 1439 4613 monasterio,
1474 4533 1552 4614 per
1583 4510 1753 4597 lvonem

421 4657 754 4738 cracoviensem
788 4658 1050 4761 episcopum,
1085 4656 1195 4733 anno
1230 4649 1395 4732 Domini
1430 4643 1537 4730 1226.

305 4881 541 4969 Donszrczn,
583 4877 746 4968 oppidum
774 4877 907 4949 babens
935 4877 969 4947 in
998 4898 1036 4947 se
1063 4876 1243 4946 ecclesiam
1278 4873 1513 4964 parochialem
1550 4870 1668 4942 Sancti
1695 4868 1757 4940 Jo-

108 5075 127 5112 n
201 5004 327 5076 bannis
355 5003 546 5093 Baptistae,
573 5007 760 5089 muratam,
801 4999 898 5070 cuius
925 4997 1122 5089 proprietas
1149 5001 1185 5066 et
1208 4995 1399 5068 dominium
1427 4993 1471 5064 ad
1498 4991 1756 5064 serenissimum

108 5205 110 5252 l

202 5125 367 5198 Poloniae
393 5147 510 5216 regem
548 5125 708 5216 pertinet.
754 5123 794 5194 Ιιι
822 5143 889 5212 quo
917 5127 999 5191 subt
1035 5119 1181 5209 triginta
1216 5139 1276 5189 sex
1302 5117 1394 5187 lanei
1430 5113 1693 5209 oppidanorum,
1720 5117 1757 5182 et

204 5247 244 5319 de
274 5249 432 5319 omnibus
450 5247 607 5320 'solvitur
634 5251 670 5317 et
697 5243 900 5316 conducitur
936 5241 1070 5312 decima
1097 5237 1322 5330 manipularis
1349 5258 1413 5328 pro
1440 5233 1650 5306 monasterio
1680 5232 1756 5303 Μο-

204 5370 336 5460 gil'ensi,
364 5375 400 5440 ct
428 5370 525 5440 valor
552 5369 626 5440 eius
653 5367 859 5438 aestimatur
886 5363 929 5434 ad
958 5362 1191 5453 quadraginta
1218 5380 1365 5448 marcas,
1393 5355 1578 5447 aliquando
1596 5353 1640 5425 ad
1659 5354 1759 5444 quin·
1775 5443 1797 5460 ..

206 5491 441 5582 quaginbta
334 5481 496 5562 ttlem
523 5487 701 5580 praedium
730 5493 786 5558 est
812 5487 860 5558 ibi
887 5485 1040 5576 regium,
1081 5483 1123 5554 de
1151 5483 1249 5554 cuius
1276 5481 1370 5571 agris
1397 5479 1535 5550 noviter
1560 5476 1757 5565 extirpatis,

207 5611 309 5684 solvit
293 5618 352 5683 tur
388 5611 520 5682 decima
556 5609 766 5681 ecclesiae
756 5630 792 5678 ιιι
819 5607 1132 5697 Dobschycze.
1176 5604 1264 5674 Item
1296 5607 1378 5673 sunt
1404 5600 1453 5671 ibi
1479 5578 1588 5688 aliqui
1615 5596 1691 5688 agri
1720 5597 1757 5666 in

206 5740 300 5805 mont
284 5734 388 5822 itbus',
417 5733 460 5803 de
488 5731 612 5822 quibus
640 5731 806 5802 decimam
839 5729 990 5832 percipit
1016 5725 1265 5818 manipularem
1292 5722 1492 5816 praebenda
1518 5718 1759 5792 Grucoriensis
1844 5768 1847 5773 -

306 5901 355 5943 Iaib.
364 5900 461 5942 Beuodu.
472 5901 516 5942 111.
1555 5870 1593 5918 55
