<?xml version="1.0" encoding="UTF-8"?>
<!DOCTYPE html PUBLIC "-//W3C//DTD XHTML 1.0 Transitional//EN"
    "http://www.w3.org/TR/xhtml1/DTD/xhtml1-transitional.dtd">
<html xmlns="http://www.w3.org/1999/xhtml" xml:lang="en" lang="en">
 <head>
  <title>
</title>
<meta http-equiv="Content-Type" content="text/html;charset=utf-8" />
  <meta name='ocr-system' content='tesseract 3.04.00' />
  <meta name='ocr-capabilities' content='ocr_page ocr_carea ocr_par ocr_line ocrx_word'/>
</head>
<body>
  <div class='ocr_page' id='page_1' title='image "./operaomnia00paulgoog_0038.png"; bbox 0 0 4492 6592; ppageno 0'>
   <div class='ocr_carea' id='block_1_1' title="bbox 1736 767 1784 842">
    <p class='ocr_par' dir='ltr' id='par_1_1' title="bbox 1736 767 1784 842">
     <span class='ocr_line' id='line_1_1' title="bbox 1736 767 1784 842; baseline 0 0"><span class='ocrx_word' id='word_1_1' title='bbox 1736 767 1784 842; x_wconf 73' lang='lat' dir='ltr'><strong>Id</strong></span> 
     </span>
    </p>
   </div>
   <div class='ocr_carea' id='block_1_2' title="bbox 125 923 1786 1064">
    <p class='ocr_par' dir='ltr' id='par_1_2' title="bbox 125 923 1786 1064">
     <span class='ocr_line' id='line_1_2' title="bbox 125 923 1786 1064; baseline 0.013 -38"><span class='ocrx_word' id='word_1_2' title='bbox 125 1055 128 1060; x_wconf 22' lang='grc' dir='ltr'>Ι</span> <span class='ocrx_word' id='word_1_3' title='bbox 228 977 330 1028; x_wconf 91' lang='lat' dir='ltr'><strong>unum</strong></span> <span class='ocrx_word' id='word_1_4' title='bbox 352 960 467 1032; x_wconf 91' lang='lat' dir='ltr'><strong>tritici</strong></span> <span class='ocrx_word' id='word_1_5' title='bbox 486 960 669 1054; x_wconf 81' lang='lat' dir='ltr'><strong>confertos,</strong></span> <span class='ocrx_word' id='word_1_6' title='bbox 696 976 879 1038; x_wconf 73' lang='lat' dir='ltr'><strong>mensurae</strong></span> <span class='ocrx_word' id='word_1_7' title='bbox 902 923 1190 1057; x_wconf 78' lang='lat' dir='ltr'><strong>Myechoviensis.</strong></span> <span class='ocrx_word' id='word_1_8' title='bbox 1215 971 1305 1041; x_wconf 86' lang='lat' dir='ltr'><strong>Item</strong></span> <span class='ocrx_word' id='word_1_9' title='bbox 1324 970 1511 1064; x_wconf 74' lang='lat' dir='ltr'><strong>pometum</strong></span> <span class='ocrx_word' id='word_1_10' title='bbox 1535 973 1697 1046; x_wconf 88' lang='lat' dir='ltr'><strong>laborant</strong></span> <span class='ocrx_word' id='word_1_11' title='bbox 1721 977 1786 1047; x_wconf 90' lang='lat' dir='ltr'><strong>dn-</strong></span> 
     </span>
    </p>
   </div>
   <div class='ocr_carea' id='block_1_3' title="bbox 106 1077 1785 1187">
    <p class='ocr_par' dir='ltr' id='par_1_3' title="bbox 106 1077 1785 1187">
     <span class='ocr_line' id='line_1_3' title="bbox 106 1077 1785 1187; baseline 0.014 -42"><span class='ocrx_word' id='word_1_12' title='bbox 106 1123 111 1134; x_wconf 86' lang='lat'>·</span> <span class='ocrx_word' id='word_1_13' title='bbox 226 1077 352 1166; x_wconf 90' lang='lat' dir='ltr'><strong>plicem</strong></span> <span class='ocrx_word' id='word_1_14' title='bbox 382 1101 448 1170; x_wconf 90' lang='lat' dir='ltr'><strong>pro</strong></span> <span class='ocrx_word' id='word_1_15' title='bbox 467 1081 651 1154; x_wconf 76' lang='lat' dir='ltr'><strong>frumentis</strong></span> <span class='ocrx_word' id='word_1_16' title='bbox 669 1091 706 1156; x_wconf 89' lang='lat' dir='ltr'><strong>et</strong></span> <span class='ocrx_word' id='word_1_17' title='bbox 722 1085 947 1175; x_wconf 78' lang='lat' dir='ltr'><strong>hyemalibus.</strong></span> <span class='ocrx_word' id='word_1_18' title='bbox 973 1089 1061 1160; x_wconf 90' lang='lat' dir='ltr'><strong>Item</strong></span> <span class='ocrx_word' id='word_1_19' title='bbox 1088 1090 1235 1160; x_wconf 85' lang='lat' dir='ltr'><strong>taberne</strong></span> <span class='ocrx_word' id='word_1_20' title='bbox 1260 1111 1331 1161; x_wconf 87' lang='lat' dir='ltr'><strong>una</strong></span> <span class='ocrx_word' id='word_1_21' title='bbox 1356 1093 1488 1162; x_wconf 90' lang='lat' dir='ltr'><strong>habens</strong></span> <span class='ocrx_word' id='word_1_22' title='bbox 1514 1113 1629 1183; x_wconf 81' lang='lat' dir='ltr'><strong>agros,</strong></span> <span class='ocrx_word' id='word_1_23' title='bbox 1654 1096 1699 1166; x_wconf 91' lang='lat' dir='ltr'><strong>de</strong></span> <span class='ocrx_word' id='word_1_24' title='bbox 1716 1118 1785 1187; x_wconf 87' lang='lat' dir='ltr'><strong>qua</strong></span> 
     </span>
    </p>
   </div>
   <div class='ocr_carea' id='block_1_4' title="bbox 146 1183 1852 2752">
    <p class='ocr_par' dir='ltr' id='par_1_4' title="bbox 146 1183 1852 2752">
     <span class='ocr_line' id='line_1_4' title="bbox 226 1183 1852 1306; baseline 0.012 -38"><span class='ocrx_word' id='word_1_25' title='bbox 226 1183 377 1272; x_wconf 85' lang='lat' dir='ltr'><strong>solvitur</strong></span> <span class='ocrx_word' id='word_1_26' title='bbox 405 1222 528 1274; x_wconf 89' lang='lat' dir='ltr'><strong>census</strong></span> <span class='ocrx_word' id='word_1_27' title='bbox 556 1225 625 1275; x_wconf 90' lang='lat' dir='ltr'><strong>une</strong></span> <span class='ocrx_word' id='word_1_28' title='bbox 651 1226 832 1295; x_wconf 82' lang='lat' dir='ltr'><strong>sexagena.</strong></span> <span class='ocrx_word' id='word_1_29' title='bbox 878 1208 965 1278; x_wconf 84' lang='lat' dir='ltr'><strong>Item</strong></span> <span class='ocrx_word' id='word_1_30' title='bbox 992 1209 1210 1282; x_wconf 89' lang='lat' dir='ltr'><strong>hortulaniae</strong></span> <span class='ocrx_word' id='word_1_31' title='bbox 1237 1217 1310 1282; x_wconf 90' lang='lat' dir='ltr'><strong>tres</strong></span> <span class='ocrx_word' id='word_1_32' title='bbox 1337 1213 1507 1284; x_wconf 88' lang='lat' dir='ltr'><strong>habentes</strong></span> <span class='ocrx_word' id='word_1_33' title='bbox 1533 1235 1650 1305; x_wconf 84' lang='lat' dir='ltr'><strong>agros,</strong></span> <span class='ocrx_word' id='word_1_34' title='bbox 1678 1237 1782 1306; x_wconf 84' lang='lat' dir='ltr'><strong>quae·</strong></span> <span class='ocrx_word' id='word_1_35' title='bbox 1848 1199 1852 1206; x_wconf 43' lang='lat'>¹</span> 
     </span>
     <span class='ocr_line' id='line_1_5' title="bbox 226 1320 1783 1424; baseline 0.011 -34"><span class='ocrx_word' id='word_1_36' title='bbox 226 1320 313 1392; x_wconf 90' lang='lat' dir='ltr'><strong>libet</strong></span> <span class='ocrx_word' id='word_1_37' title='bbox 342 1323 450 1394; x_wconf 88' lang='lat' dir='ltr'><strong>solvit</strong></span> <span class='ocrx_word' id='word_1_38' title='bbox 477 1331 556 1395; x_wconf 92' lang='lat' dir='ltr'><strong>octo</strong></span> <span class='ocrx_word' id='word_1_39' title='bbox 583 1332 725 1415; x_wconf 88' lang='lat' dir='ltr'><strong>scottos,</strong></span> <span class='ocrx_word' id='word_1_40' title='bbox 753 1327 789 1398; x_wconf 90' lang='lat' dir='ltr'><strong>et</strong></span> <span class='ocrx_word' id='word_1_41' title='bbox 805 1328 944 1400; x_wconf 88' lang='lat' dir='ltr'><strong>laborat</strong></span> <span class='ocrx_word' id='word_1_42' title='bbox 970 1329 1060 1400; x_wconf 90' lang='lat' dir='ltr'><strong>diem</strong></span> <span class='ocrx_word' id='word_1_43' title='bbox 1079 1351 1183 1401; x_wconf 90' lang='lat' dir='ltr'><strong>unam</strong></span> <span class='ocrx_word' id='word_1_44' title='bbox 1198 1333 1238 1402; x_wconf 94' lang='lat' dir='ltr'><strong>-in</strong></span> <span class='ocrx_word' id='word_1_45' title='bbox 1256 1334 1459 1421; x_wconf 84' lang='lat' dir='ltr'><strong>septimana.</strong></span> <span class='ocrx_word' id='word_1_46' title='bbox 1485 1334 1574 1405; x_wconf 84' lang='lat' dir='ltr'><strong>Item</strong></span> <span class='ocrx_word' id='word_1_47' title='bbox 1600 1337 1783 1424; x_wconf 83' lang='lat' dir='ltr'><strong>praedium</strong></span> 
     </span>
     <span class='ocr_line' id='line_1_6' title="bbox 225 1437 1782 1543; baseline 0.01 -31"><span class='ocrx_word' id='word_1_48' title='bbox 225 1443 357 1514; x_wconf 92' lang='lat' dir='ltr'><strong>honum</strong></span> <span class='ocrx_word' id='word_1_49' title='bbox 384 1444 434 1514; x_wconf 90' lang='lat' dir='ltr'><strong>ibi</strong></span> <span class='ocrx_word' id='word_1_50' title='bbox 461 1447 678 1535; x_wconf 80' lang='lat' dir='ltr'><strong>coenobiale,</strong></span> <span class='ocrx_word' id='word_1_51' title='bbox 715 1446 759 1518; x_wconf 93' lang='lat' dir='ltr'><strong>de</strong></span> <span class='ocrx_word' id='word_1_52' title='bbox 786 1437 883 1520; x_wconf 85' lang='lat' dir='ltr'><strong>cuius</strong></span> <span class='ocrx_word' id='word_1_53' title='bbox 911 1451 1004 1539; x_wconf 82' lang='lat' dir='ltr'><strong>egris</strong></span> <span class='ocrx_word' id='word_1_54' title='bbox 1032 1451 1180 1525; x_wconf 83' lang='lat' dir='ltr'><strong>solvitur</strong></span> <span class='ocrx_word' id='word_1_55' title='bbox 1206 1452 1339 1522; x_wconf 81' lang='lat' dir='ltr'><strong>decline</strong></span> <span class='ocrx_word' id='word_1_56' title='bbox 1365 1454 1589 1543; x_wconf 83' lang='lat' dir='ltr'><strong>manipularis</strong></span> <span class='ocrx_word' id='word_1_57' title='bbox 1616 1458 1782 1528; x_wconf 88' lang='lat' dir='ltr'><strong>ecclesIae</strong></span> 
     </span>
     <span class='ocr_line' id='line_1_7' title="bbox 226 1551 1782 1668; baseline 0.01 -34"><span class='ocrx_word' id='word_1_58' title='bbox 226 1565 423 1651; x_wconf 82' lang='lat' dir='ltr'><strong>parochiali</strong></span> <span class='ocrx_word' id='word_1_59' title='bbox 450 1566 486 1636; x_wconf 94' lang='lat' dir='ltr'><strong>in</strong></span> <span class='ocrx_word' id='word_1_60' title='bbox 513 1566 746 1638; x_wconf 86' lang='lat' dir='ltr'><strong>Slawieze.</strong></span> <span class='ocrx_word' id='word_1_61' title='bbox 791 1570 879 1640; x_wconf 90' lang='lat' dir='ltr'><strong>Item</strong></span> <span class='ocrx_word' id='word_1_62' title='bbox 907 1571 976 1642; x_wconf 93' lang='lat' dir='ltr'><strong>duo</strong></span> <span class='ocrx_word' id='word_1_63' title='bbox 1003 1571 1104 1660; x_wconf 85' lang='lat' dir='ltr'><strong>lanei,</strong></span> <span class='ocrx_word' id='word_1_64' title='bbox 1132 1551 1192 1661; x_wconf 77' lang='lat' dir='ltr'><strong>oui</strong></span> <span class='ocrx_word' id='word_1_65' title='bbox 1218 1579 1320 1644; x_wconf 89' lang='lat' dir='ltr'><strong>erant</strong></span> <span class='ocrx_word' id='word_1_66' title='bbox 1345 1576 1555 1664; x_wconf 88' lang='lat' dir='ltr'><strong>praediales,</strong></span> <span class='ocrx_word' id='word_1_67' title='bbox 1591 1577 1782 1668; x_wconf 84' lang='lat' dir='ltr'><strong>inquibus</strong></span> 
     </span>
     <span class='ocr_line' id='line_1_8' title="bbox 146 1675 1783 1784; baseline 0.01 -31"><span class='ocrx_word' id='word_1_68' title='bbox 146 1683 150 1688; x_wconf 84' lang='lat'>&#39;</span> <span class='ocrx_word' id='word_1_69' title='bbox 228 1705 318 1756; x_wconf 91' lang='lat' dir='ltr'><strong>unus</strong></span> <span class='ocrx_word' id='word_1_70' title='bbox 347 1688 485 1757; x_wconf 88' lang='lat' dir='ltr'><strong>emetho</strong></span> <span class='ocrx_word' id='word_1_71' title='bbox 513 1688 657 1779; x_wconf 86' lang='lat' dir='ltr'><strong>residet,</strong></span> <span class='ocrx_word' id='word_1_72' title='bbox 684 1689 727 1758; x_wconf 92' lang='lat' dir='ltr'><strong>de</strong></span> <span class='ocrx_word' id='word_1_73' title='bbox 755 1711 823 1779; x_wconf 94' lang='lat' dir='ltr'><strong>qno</strong></span> <span class='ocrx_word' id='word_1_74' title='bbox 839 1675 1000 1762; x_wconf 79' lang='lat' dir='ltr'><strong>&#39;decium</strong></span> <span class='ocrx_word' id='word_1_75' title='bbox 1025 1691 1192 1772; x_wconf 84' lang='lat' dir='ltr'><strong>ecclesiae</strong></span> <span class='ocrx_word' id='word_1_76' title='bbox 1218 1693 1256 1764; x_wconf 93' lang='lat' dir='ltr'><strong>in</strong></span> <span class='ocrx_word' id='word_1_77' title='bbox 1282 1692 1523 1784; x_wconf 85' lang='lat' dir='ltr'><strong>Slawicze,</strong></span> <span class='ocrx_word' id='word_1_78' title='bbox 1550 1705 1587 1767; x_wconf 92' lang='lat' dir='ltr'><strong>et</strong></span> <span class='ocrx_word' id='word_1_79' title='bbox 1612 1693 1711 1769; x_wconf 85' lang='lat' dir='ltr'><strong>valor</strong></span> <span class='ocrx_word' id='word_1_80' title='bbox 1737 1699 1783 1769; x_wconf 89' lang='lat' dir='ltr'><strong>ad</strong></span> 
     </span>
     <span class='ocr_line' id='line_1_9' title="bbox 228 1801 1780 1908; baseline 0.008 -33"><span class='ocrx_word' id='word_1_81' title='bbox 228 1825 290 1876; x_wconf 87' lang='lat' dir='ltr'><strong>sex</strong></span> <span class='ocrx_word' id='word_1_82' title='bbox 318 1827 453 1878; x_wconf 89' lang='lat' dir='ltr'><strong>marcas</strong></span> <span class='ocrx_word' id='word_1_83' title='bbox 470 1801 672 1899; x_wconf 89' lang='lat' dir='ltr'><strong>utriusque.</strong></span> <span class='ocrx_word' id='word_1_84' title='bbox 716 1809 804 1881; x_wconf 86' lang='lat' dir='ltr'><strong>Item</strong></span> <span class='ocrx_word' id='word_1_85' title='bbox 832 1811 875 1882; x_wconf 91' lang='lat' dir='ltr'><strong>de</strong></span> <span class='ocrx_word' id='word_1_86' title='bbox 902 1813 1061 1882; x_wconf 89' lang='lat' dir='ltr'><strong>omnibns</strong></span> <span class='ocrx_word' id='word_1_87' title='bbox 1088 1814 1182 1902; x_wconf 83' lang='lat' dir='ltr'><strong>agris</strong></span> <span class='ocrx_word' id='word_1_88' title='bbox 1218 1814 1365 1885; x_wconf 81' lang='lat' dir='ltr'><strong>solvitur</strong></span> <span class='ocrx_word' id='word_1_89' title='bbox 1392 1816 1524 1886; x_wconf 88' lang='lat' dir='ltr'><strong>decima</strong></span> <span class='ocrx_word' id='word_1_90' title='bbox 1554 1819 1780 1908; x_wconf 82' lang='lat' dir='ltr'><strong>manipularis</strong></span> 
     </span>
     <span class='ocr_line' id='line_1_10' title="bbox 227 1928 1781 2022; baseline 0.008 -26"><span class='ocrx_word' id='word_1_91' title='bbox 227 1933 264 1996; x_wconf 91' lang='lat' dir='ltr'><strong>et</strong></span> <span class='ocrx_word' id='word_1_92' title='bbox 291 1928 480 2017; x_wconf 76' lang='lat' dir='ltr'><strong>cenapaIiS,</strong></span> <span class='ocrx_word' id='word_1_93' title='bbox 507 1949 571 2018; x_wconf 91' lang='lat' dir='ltr'><strong>pro</strong></span> <span class='ocrx_word' id='word_1_94' title='bbox 598 1931 800 2020; x_wconf 88' lang='lat' dir='ltr'><strong>episcopatu</strong></span> <span class='ocrx_word' id='word_1_95' title='bbox 827 1930 1058 2022; x_wconf 73' lang='lat' dir='ltr'><strong>(boemiensi,</strong></span> <span class='ocrx_word' id='word_1_96' title='bbox 1085 1939 1122 2004; x_wconf 94' lang='lat' dir='ltr'><strong>et</strong></span> <span class='ocrx_word' id='word_1_97' title='bbox 1139 1933 1238 2004; x_wconf 84' lang='lat' dir='ltr'><strong>valor</strong></span> <span class='ocrx_word' id='word_1_98' title='bbox 1255 1935 1330 2006; x_wconf 87' lang='lat' dir='ltr'><strong>eius</strong></span> <span class='ocrx_word' id='word_1_99' title='bbox 1352 1937 1557 2007; x_wconf 88' lang='lat' dir='ltr'><strong>aestimatur</strong></span> <span class='ocrx_word' id='word_1_100' title='bbox 1583 1939 1628 2008; x_wconf 87' lang='lat' dir='ltr'><strong>ad</strong></span> <span class='ocrx_word' id='word_1_101' title='bbox 1646 1959 1781 2009; x_wconf 87' lang='lat' dir='ltr'><strong>marcas</strong></span> 
     </span>
     <span class='ocr_line' id='line_1_11' title="bbox 225 2048 1782 2148; baseline 0.008 -30"><span class='ocrx_word' id='word_1_102' title='bbox 225 2048 364 2136; x_wconf 85' lang='lat' dir='ltr'><strong>viginti.</strong></span> <span class='ocrx_word' id='word_1_103' title='bbox 408 2049 497 2120; x_wconf 89' lang='lat' dir='ltr'><strong>Item</strong></span> <span class='ocrx_word' id='word_1_104' title='bbox 524 2056 579 2122; x_wconf 92' lang='lat' dir='ltr'><strong>est</strong></span> <span class='ocrx_word' id='word_1_105' title='bbox 605 2051 839 2122; x_wconf 86' lang='lat' dir='ltr'><strong>molendinum</strong></span> <span class='ocrx_word' id='word_1_106' title='bbox 867 2052 928 2122; x_wconf 90' lang='lat' dir='ltr'><strong>sed</strong></span> <span class='ocrx_word' id='word_1_107' title='bbox 955 2073 1023 2122; x_wconf 95' lang='lat' dir='ltr'><strong>non</strong></span> <span class='ocrx_word' id='word_1_108' title='bbox 1050 2053 1158 2126; x_wconf 86' lang='lat' dir='ltr'><strong>habet</strong></span> <span class='ocrx_word' id='word_1_109' title='bbox 1184 2075 1306 2144; x_wconf 84' lang='lat' dir='ltr'><strong>agros,</strong></span> <span class='ocrx_word' id='word_1_110' title='bbox 1332 2057 1425 2145; x_wconf 84' lang='lat' dir='ltr'><strong>quod</strong></span> <span class='ocrx_word' id='word_1_111' title='bbox 1451 2058 1557 2128; x_wconf 85' lang='lat' dir='ltr'><strong>solvit</strong></span> <span class='ocrx_word' id='word_1_112' title='bbox 1583 2079 1648 2148; x_wconf 92' lang='lat' dir='ltr'><strong>pro</strong></span> <span class='ocrx_word' id='word_1_113' title='bbox 1674 2080 1782 2142; x_wconf 88' lang='lat' dir='ltr'><strong>censu</strong></span> 
     </span>
     <span class='ocr_line' id='line_1_12' title="bbox 225 2155 1782 2269; baseline 0.007 -30"><span class='ocrx_word' id='word_1_114' title='bbox 225 2189 353 2240; x_wconf 86' lang='lat' dir='ltr'><strong>novem</strong></span> <span class='ocrx_word' id='word_1_115' title='bbox 380 2169 543 2242; x_wconf 79' lang='lat' dir='ltr'><strong>lenones.</strong></span> <span class='ocrx_word' id='word_1_116' title='bbox 583 2155 744 2244; x_wconf 83' lang='lat' dir='ltr'><strong>Gonfinat</strong></span> <span class='ocrx_word' id='word_1_117' title='bbox 771 2193 848 2242; x_wconf 85' lang='lat' dir='ltr'><strong>cunr</strong></span> <span class='ocrx_word' id='word_1_118' title='bbox 876 2172 1118 2263; x_wconf 83' lang='lat' dir='ltr'><strong>Slawicze‚</strong></span> <span class='ocrx_word' id='word_1_119' title='bbox 1159 2177 1287 2265; x_wconf 92' lang='lat' dir='ltr'><strong>oppido</strong></span> <span class='ocrx_word' id='word_1_120' title='bbox 1314 2177 1573 2267; x_wconf 83' lang='lat' dir='ltr'><strong>Myechow‚</strong></span> <span class='ocrx_word' id='word_1_121' title='bbox 1613 2177 1782 2269; x_wconf 74' lang='lat' dir='ltr'><strong>orlon,</strong></span> 
     </span>
     <span class='ocr_line' id='line_1_13' title="bbox 226 2272 1795 2380; baseline 0.007 -20"><span class='ocrx_word' id='word_1_122' title='bbox 226 2289 629 2380; x_wconf 85' lang='lat' dir='ltr'><strong>Sczepanowieze.</strong></span> <span class='ocrx_word' id='word_1_123' title='bbox 1675 2272 1678 2281; x_wconf 18' lang='grc' dir='ltr'><strong><em>Δ</em></strong></span> <span class='ocrx_word' id='word_1_124' title='bbox 1791 2303 1795 2308; x_wconf 79' lang='grc'><em>“</em></span> 
     </span>
     <span class='ocr_line' id='line_1_14' title="bbox 332 2411 1810 2520; baseline 0.009 -40"><span class='ocrx_word' id='word_1_125' title='bbox 332 2411 538 2500; x_wconf 82' lang='lat' dir='ltr'><strong>Fanurow,</strong></span> <span class='ocrx_word' id='word_1_126' title='bbox 565 2414 649 2484; x_wconf 87' lang='lat' dir='ltr'><strong>villa</strong></span> <span class='ocrx_word' id='word_1_127' title='bbox 676 2415 740 2520; x_wconf 87' lang='lat' dir='ltr'><strong>sub</strong></span> <span class='ocrx_word' id='word_1_128' title='bbox 768 2416 935 2505; x_wconf 88' lang='lat' dir='ltr'><strong>parochia</strong></span> <span class='ocrx_word' id='word_1_129' title='bbox 962 2416 1004 2488; x_wconf 91' lang='lat' dir='ltr'><strong>de</strong></span> <span class='ocrx_word' id='word_1_130' title='bbox 1031 2416 1265 2506; x_wconf 86' lang='lat' dir='ltr'><strong>Myechow</strong></span> <span class='ocrx_word' id='word_1_131' title='bbox 1291 2418 1368 2507; x_wconf 80' lang='lat' dir='ltr'><strong>sita,</strong></span> <span class='ocrx_word' id='word_1_132' title='bbox 1395 2419 1492 2489; x_wconf 91' lang='lat' dir='ltr'><strong>cuius</strong></span> <span class='ocrx_word' id='word_1_133' title='bbox 1518 2421 1714 2510; x_wconf 79' lang='lat' dir='ltr'><strong>proprietas</strong></span> <span class='ocrx_word' id='word_1_134' title='bbox 1735 2421 1810 2520; x_wconf 64' lang='lat' dir='ltr'><strong>odn</strong></span> 
     </span>
     <span class='ocr_line' id='line_1_15' title="bbox 225 2533 1782 2632; baseline 0.007 -30"><span class='ocrx_word' id='word_1_135' title='bbox 225 2533 479 2604; x_wconf 86' lang='lat' dir='ltr'><strong>monasterium</strong></span> <span class='ocrx_word' id='word_1_136' title='bbox 505 2533 773 2632; x_wconf 86' lang='lat' dir='ltr'><strong>Myechovieuse</strong></span> <span class='ocrx_word' id='word_1_137' title='bbox 800 2537 962 2626; x_wconf 81' lang='lat' dir='ltr'><strong>pertinet.</strong></span> <span class='ocrx_word' id='word_1_138' title='bbox 988 2537 1029 2608; x_wconf 95' lang='lat' dir='ltr'><strong>In</strong></span> <span class='ocrx_word' id='word_1_139' title='bbox 1048 2558 1117 2626; x_wconf 87' lang='lat' dir='ltr'><strong>qua</strong></span> <span class='ocrx_word' id='word_1_140' title='bbox 1134 2544 1217 2608; x_wconf 89' lang='lat' dir='ltr'><strong>sunt</strong></span> <span class='ocrx_word' id='word_1_141' title='bbox 1243 2538 1392 2608; x_wconf 88' lang='lat' dir='ltr'><strong>sedecim</strong></span> <span class='ocrx_word' id='word_1_142' title='bbox 1418 2540 1511 2610; x_wconf 87' lang='lat' dir='ltr'><strong>lanei</strong></span> <span class='ocrx_word' id='word_1_143' title='bbox 1537 2542 1782 2630; x_wconf 82' lang='lat' dir='ltr'><strong>emethonalee,</strong></span> 
     </span>
     <span class='ocr_line' id='line_1_16' title="bbox 229 2654 1781 2752; baseline 0.007 -29"><span class='ocrx_word' id='word_1_144' title='bbox 229 2659 267 2724; x_wconf 89' lang='lat' dir='ltr'><strong>et</strong></span> <span class='ocrx_word' id='word_1_145' title='bbox 294 2654 442 2743; x_wconf 86' lang='lat' dir='ltr'><strong>quilibet</strong></span> <span class='ocrx_word' id='word_1_146' title='bbox 469 2655 574 2726; x_wconf 89' lang='lat' dir='ltr'><strong>solvit</strong></span> <span class='ocrx_word' id='word_1_147' title='bbox 608 2675 673 2746; x_wconf 92' lang='lat' dir='ltr'><strong>pro</strong></span> <span class='ocrx_word' id='word_1_148' title='bbox 700 2676 805 2730; x_wconf 91' lang='lat' dir='ltr'><strong>censu</strong></span> <span class='ocrx_word' id='word_1_149' title='bbox 840 2678 903 2747; x_wconf 91' lang='lat' dir='ltr'><strong>per</strong></span> <span class='ocrx_word' id='word_1_150' title='bbox 931 2655 1192 2747; x_wconf 82' lang='lat' dir='ltr'><strong>quatuordecIm</strong></span> <span class='ocrx_word' id='word_1_151' title='bbox 1227 2663 1377 2747; x_wconf 84' lang='lat' dir='ltr'><strong>scottos,</strong></span> <span class='ocrx_word' id='word_1_152' title='bbox 1412 2661 1496 2730; x_wconf 86' lang='lat' dir='ltr'><strong>item</strong></span> <span class='ocrx_word' id='word_1_153' title='bbox 1533 2682 1601 2732; x_wconf 86' lang='lat' dir='ltr'><strong>ova</strong></span> <span class='ocrx_word' id='word_1_154' title='bbox 1625 2663 1781 2752; x_wconf 76' lang='lat' dir='ltr'><strong>triginta,</strong></span> 
     </span>
    </p>
   </div>
   <div class='ocr_carea' id='block_1_5' title="bbox 76 2775 1778 2872">
    <p class='ocr_par' dir='ltr' id='par_1_5' title="bbox 76 2775 1778 2872">
     <span class='ocr_line' id='line_1_17' title="bbox 76 2775 1778 2872; baseline 0.006 -29"><span class='ocrx_word' id='word_1_155' title='bbox 76 2825 77 2832; x_wconf 56' lang='lat'><strong>.</strong></span> <span class='ocrx_word' id='word_1_156' title='bbox 128 2785 129 2790; x_wconf 76' lang='grc'>’</span> <span class='ocrx_word' id='word_1_157' title='bbox 227 2775 314 2846; x_wconf 87' lang='lat' dir='ltr'><strong>item</strong></span> <span class='ocrx_word' id='word_1_158' title='bbox 341 2775 452 2864; x_wconf 82' lang='lat' dir='ltr'><strong>gallos</strong></span> <span class='ocrx_word' id='word_1_159' title='bbox 480 2782 643 2866; x_wconf 85' lang='lat' dir='ltr'><strong>quatuor,</strong></span> <span class='ocrx_word' id='word_1_160' title='bbox 677 2778 762 2848; x_wconf 90' lang='lat' dir='ltr'><strong>item</strong></span> <span class='ocrx_word' id='word_1_161' title='bbox 789 2798 908 2850; x_wconf 88' lang='lat' dir='ltr'><strong>caseos</strong></span> <span class='ocrx_word' id='word_1_162' title='bbox 935 2779 1030 2850; x_wconf 87' lang='lat' dir='ltr'><strong>dnos.</strong></span> <span class='ocrx_word' id='word_1_163' title='bbox 1074 2779 1162 2848; x_wconf 87' lang='lat' dir='ltr'><strong>Item</strong></span> <span class='ocrx_word' id='word_1_164' title='bbox 1188 2778 1351 2850; x_wconf 87' lang='lat' dir='ltr'><strong>laborant</strong></span> <span class='ocrx_word' id='word_1_165' title='bbox 1376 2779 1463 2850; x_wconf 88' lang='lat' dir='ltr'><strong>duos</strong></span> <span class='ocrx_word' id='word_1_166' title='bbox 1490 2781 1565 2851; x_wconf 89' lang='lat' dir='ltr'><strong>dies</strong></span> <span class='ocrx_word' id='word_1_167' title='bbox 1591 2783 1628 2852; x_wconf 86' lang='lat' dir='ltr'><strong>In</strong></span> <span class='ocrx_word' id='word_1_168' title='bbox 1654 2783 1778 2872; x_wconf 85' lang='lat' dir='ltr'><strong>hyeme</strong></span> 
     </span>
    </p>
   </div>
   <div class='ocr_carea' id='block_1_6' title="bbox 227 2898 1783 3473">
    <p class='ocr_par' dir='ltr' id='par_1_6' title="bbox 227 2898 1783 3473">
     <span class='ocr_line' id='line_1_18' title="bbox 228 2898 1782 2997; baseline 0.006 -32"><span class='ocrx_word' id='word_1_169' title='bbox 228 2901 266 2965; x_wconf 91' lang='lat' dir='ltr'><strong>et</strong></span> <span class='ocrx_word' id='word_1_170' title='bbox 293 2901 428 2967; x_wconf 82' lang='lat' dir='ltr'><strong>aestate</strong></span> <span class='ocrx_word' id='word_1_171' title='bbox 457 2898 491 2968; x_wconf 96' lang='lat' dir='ltr'><strong>in</strong></span> <span class='ocrx_word' id='word_1_172' title='bbox 519 2898 723 2986; x_wconf 84' lang='lat' dir='ltr'><strong>septimana,</strong></span> <span class='ocrx_word' id='word_1_173' title='bbox 750 2899 890 2988; x_wconf 90' lang='lat' dir='ltr'><strong>proprio</strong></span> <span class='ocrx_word' id='word_1_174' title='bbox 918 2919 1021 2970; x_wconf 90' lang='lat' dir='ltr'><strong>curru</strong></span> <span class='ocrx_word' id='word_1_175' title='bbox 1049 2905 1109 2970; x_wconf 85' lang='lat' dir='ltr'><strong>out</strong></span> <span class='ocrx_word' id='word_1_176' title='bbox 1136 2905 1265 2970; x_wconf 86' lang='lat' dir='ltr'><strong>aratro.</strong></span> <span class='ocrx_word' id='word_1_177' title='bbox 1300 2899 1388 2970; x_wconf 90' lang='lat' dir='ltr'><strong>Item</strong></span> <span class='ocrx_word' id='word_1_178' title='bbox 1409 2900 1594 2997; x_wconf 79' lang='lat' dir='ltr'><strong>pomulam</strong></span> <span class='ocrx_word' id='word_1_179' title='bbox 1619 2907 1782 2974; x_wconf 86' lang='lat' dir='ltr'><strong>tenentur</strong></span> 
     </span>
     <span class='ocr_line' id='line_1_19' title="bbox 227 3017 1779 3114; baseline 0.005 -27"><span class='ocrx_word' id='word_1_180' title='bbox 227 3017 403 3106; x_wconf 85' lang='lat' dir='ltr'><strong>duplicem</strong></span> <span class='ocrx_word' id='word_1_181' title='bbox 438 3017 599 3090; x_wconf 86' lang='lat' dir='ltr'><strong>laborare</strong></span> <span class='ocrx_word' id='word_1_182' title='bbox 633 3020 669 3088; x_wconf 94' lang='lat' dir='ltr'><strong>in</strong></span> <span class='ocrx_word' id='word_1_183' title='bbox 705 3018 895 3090; x_wconf 85' lang='lat' dir='ltr'><strong>frumentis.</strong></span> <span class='ocrx_word' id='word_1_184' title='bbox 940 3019 1026 3090; x_wconf 87' lang='lat' dir='ltr'><strong>Item</strong></span> <span class='ocrx_word' id='word_1_185' title='bbox 1053 3041 1201 3114; x_wconf 74' lang='lat' dir='ltr'><strong>oeszyep.</strong></span> <span class='ocrx_word' id='word_1_186' title='bbox 1244 3020 1333 3091; x_wconf 88' lang='lat' dir='ltr'><strong>Item</strong></span> <span class='ocrx_word' id='word_1_187' title='bbox 1367 3022 1515 3092; x_wconf 90' lang='lat' dir='ltr'><strong>taberna</strong></span> <span class='ocrx_word' id='word_1_188' title='bbox 1549 3043 1620 3093; x_wconf 88' lang='lat' dir='ltr'><strong>una</strong></span> <span class='ocrx_word' id='word_1_189' title='bbox 1645 3023 1779 3094; x_wconf 89' lang='lat' dir='ltr'><strong>habens</strong></span> 
     </span>
     <span class='ocr_line' id='line_1_20' title="bbox 228 3139 1782 3232; baseline 0.003 -22"><span class='ocrx_word' id='word_1_190' title='bbox 228 3159 343 3228; x_wconf 81' lang='lat' dir='ltr'><strong>agros,</strong></span> <span class='ocrx_word' id='word_1_191' title='bbox 370 3139 476 3210; x_wconf 87' lang='lat' dir='ltr'><strong>solvit</strong></span> <span class='ocrx_word' id='word_1_192' title='bbox 502 3159 566 3228; x_wconf 90' lang='lat' dir='ltr'><strong>pro</strong></span> <span class='ocrx_word' id='word_1_193' title='bbox 594 3159 699 3210; x_wconf 91' lang='lat' dir='ltr'><strong>censu</strong></span> <span class='ocrx_word' id='word_1_194' title='bbox 726 3140 935 3212; x_wconf 88' lang='lat' dir='ltr'><strong>monasterio</strong></span> <span class='ocrx_word' id='word_1_195' title='bbox 963 3161 1065 3212; x_wconf 88' lang='lat' dir='ltr'><strong>unam</strong></span> <span class='ocrx_word' id='word_1_196' title='bbox 1094 3161 1309 3230; x_wconf 79' lang='lat' dir='ltr'><strong>sexagenum.</strong></span> <span class='ocrx_word' id='word_1_197' title='bbox 1340 3141 1429 3210; x_wconf 87' lang='lat' dir='ltr'><strong>item</strong></span> <span class='ocrx_word' id='word_1_198' title='bbox 1455 3143 1673 3214; x_wconf 87' lang='lat' dir='ltr'><strong>hortulaniae</strong></span> <span class='ocrx_word' id='word_1_199' title='bbox 1699 3149 1782 3232; x_wconf 90' lang='lat' dir='ltr'><strong>tres,</strong></span> 
     </span>
     <span class='ocr_line' id='line_1_21' title="bbox 229 3258 1782 3353; baseline 0.003 -24"><span class='ocrx_word' id='word_1_200' title='bbox 229 3259 408 3349; x_wconf 88' lang='lat' dir='ltr'><strong>quaelihet</strong></span> <span class='ocrx_word' id='word_1_201' title='bbox 433 3259 538 3330; x_wconf 91' lang='lat' dir='ltr'><strong>solvit</strong></span> <span class='ocrx_word' id='word_1_202' title='bbox 563 3280 627 3349; x_wconf 91' lang='lat' dir='ltr'><strong>per</strong></span> <span class='ocrx_word' id='word_1_203' title='bbox 652 3258 831 3350; x_wconf 86' lang='lat' dir='ltr'><strong>fertonem,</strong></span> <span class='ocrx_word' id='word_1_204' title='bbox 859 3262 997 3332; x_wconf 89' lang='lat' dir='ltr'><strong>laborat</strong></span> <span class='ocrx_word' id='word_1_205' title='bbox 1023 3282 1131 3333; x_wconf 92' lang='lat' dir='ltr'><strong>unum</strong></span> <span class='ocrx_word' id='word_1_206' title='bbox 1157 3260 1248 3331; x_wconf 85' lang='lat' dir='ltr'><strong>dlem</strong></span> <span class='ocrx_word' id='word_1_207' title='bbox 1274 3262 1310 3332; x_wconf 93' lang='lat' dir='ltr'><strong>in</strong></span> <span class='ocrx_word' id='word_1_208' title='bbox 1336 3263 1539 3351; x_wconf 87' lang='lat' dir='ltr'><strong>septimana.</strong></span> <span class='ocrx_word' id='word_1_209' title='bbox 1565 3263 1654 3336; x_wconf 90' lang='lat' dir='ltr'><strong>Item</strong></span> <span class='ocrx_word' id='word_1_210' title='bbox 1680 3284 1782 3353; x_wconf 89' lang='lat' dir='ltr'><strong>pree-</strong></span> 
     </span>
     <span class='ocr_line' id='line_1_22' title="bbox 229 3380 1783 3473; baseline 0.003 -23"><span class='ocrx_word' id='word_1_211' title='bbox 229 3380 325 3450; x_wconf 93' lang='lat' dir='ltr'><strong>dium</strong></span> <span class='ocrx_word' id='word_1_212' title='bbox 346 3386 409 3450; x_wconf 89' lang='lat' dir='ltr'><strong>-est</strong></span> <span class='ocrx_word' id='word_1_213' title='bbox 435 3381 471 3450; x_wconf 89' lang='lat' dir='ltr'><strong>in</strong></span> <span class='ocrx_word' id='word_1_214' title='bbox 498 3381 618 3452; x_wconf 89' lang='lat' dir='ltr'><strong>eadem</strong></span> <span class='ocrx_word' id='word_1_215' title='bbox 646 3381 729 3452; x_wconf 89' lang='lat' dir='ltr'><strong>villa</strong></span> <span class='ocrx_word' id='word_1_216' title='bbox 754 3381 967 3471; x_wconf 87' lang='lat' dir='ltr'><strong>coenobiale,</strong></span> <span class='ocrx_word' id='word_1_217' title='bbox 992 3381 1038 3452; x_wconf 93' lang='lat' dir='ltr'><strong>de</strong></span> <span class='ocrx_word' id='word_1_218' title='bbox 1064 3382 1161 3452; x_wconf 89' lang='lat' dir='ltr'><strong>cuins</strong></span> <span class='ocrx_word' id='word_1_219' title='bbox 1188 3382 1283 3470; x_wconf 78' lang='lat' dir='ltr'><strong>egris</strong></span> <span class='ocrx_word' id='word_1_220' title='bbox 1309 3383 1556 3454; x_wconf 86' lang='lat' dir='ltr'><strong>monasterinm</strong></span> <span class='ocrx_word' id='word_1_221' title='bbox 1582 3381 1783 3473; x_wconf 81' lang='lat' dir='ltr'><strong>Myechovi-</strong></span> 
     </span>
    </p>
   </div>
   <div class='ocr_carea' id='block_1_7' title="bbox 229 3500 1921 3592">
    <p class='ocr_par' dir='ltr' id='par_1_7' title="bbox 229 3500 1921 3592">
     <span class='ocr_line' id='line_1_23' title="bbox 229 3500 1921 3592; baseline 0.004 -22"><span class='ocrx_word' id='word_1_222' title='bbox 229 3521 313 3570; x_wconf 88' lang='lat' dir='ltr'><strong>ense</strong></span> <span class='ocrx_word' id='word_1_223' title='bbox 341 3521 405 3589; x_wconf 89' lang='lat' dir='ltr'><strong>pro</strong></span> <span class='ocrx_word' id='word_1_224' title='bbox 433 3521 471 3570; x_wconf 93' lang='lat' dir='ltr'><strong>se</strong></span> <span class='ocrx_word' id='word_1_225' title='bbox 497 3501 592 3570; x_wconf 92' lang='lat' dir='ltr'><strong>tollit</strong></span> <span class='ocrx_word' id='word_1_226' title='bbox 618 3500 795 3572; x_wconf 89' lang='lat' dir='ltr'><strong>decImam.</strong></span> <span class='ocrx_word' id='word_1_227' title='bbox 838 3502 926 3572; x_wconf 89' lang='lat' dir='ltr'><strong>Item</strong></span> <span class='ocrx_word' id='word_1_228' title='bbox 954 3501 1188 3573; x_wconf 87' lang='lat' dir='ltr'><strong>molendinum</strong></span> <span class='ocrx_word' id='word_1_229' title='bbox 1215 3507 1269 3572; x_wconf 86' lang='lat' dir='ltr'><strong>est</strong></span> <span class='ocrx_word' id='word_1_230' title='bbox 1293 3502 1359 3591; x_wconf 81' lang='lat' dir='ltr'><strong>ihi‘,</strong></span> <span class='ocrx_word' id='word_1_231' title='bbox 1395 3506 1432 3572; x_wconf 91' lang='lat' dir='ltr'><strong>et</strong></span> <span class='ocrx_word' id='word_1_232' title='bbox 1457 3502 1563 3574; x_wconf 84' lang='lat' dir='ltr'><strong>soluit</strong></span> <span class='ocrx_word' id='word_1_233' title='bbox 1588 3523 1652 3592; x_wconf 87' lang='lat' dir='ltr'><strong>pro</strong></span> <span class='ocrx_word' id='word_1_234' title='bbox 1678 3523 1784 3574; x_wconf 87' lang='lat' dir='ltr'><strong>censu</strong></span> <span class='ocrx_word' id='word_1_235' title='bbox 1911 3571 1921 3576; x_wconf 91' lang='lat'><strong>.</strong></span> 
     </span>
    </p>
   </div>
   <div class='ocr_carea' id='block_1_8' title="bbox 229 3622 1838 5162">
    <p class='ocr_par' dir='ltr' id='par_1_8' title="bbox 229 3622 1783 4075">
     <span class='ocr_line' id='line_1_24' title="bbox 229 3622 1781 3712; baseline 0.001 -20"><span class='ocrx_word' id='word_1_236' title='bbox 229 3622 446 3693; x_wconf 89' lang='lat' dir='ltr'><strong>monasterio</strong></span> <span class='ocrx_word' id='word_1_237' title='bbox 465 3676 633 3692; x_wconf 92' lang='grc'><strong>.......</strong></span> <span class='ocrx_word' id='word_1_238' title='bbox 668 3622 756 3692; x_wconf 91' lang='lat' dir='ltr'><strong>Item</strong></span> <span class='ocrx_word' id='word_1_239' title='bbox 784 3644 902 3693; x_wconf 91' lang='lat' dir='ltr'><strong>omnes</strong></span> <span class='ocrx_word' id='word_1_240' title='bbox 930 3623 1006 3712; x_wconf 83' lang='lat' dir='ltr'><strong>agri</strong></span> <span class='ocrx_word' id='word_1_241' title='bbox 1033 3623 1137 3695; x_wconf 81' lang='lat' dir='ltr'><strong>uillae</strong></span> <span class='ocrx_word' id='word_1_242' title='bbox 1164 3623 1304 3693; x_wconf 88' lang='lat' dir='ltr'><strong>solvunt</strong></span> <span class='ocrx_word' id='word_1_243' title='bbox 1329 3627 1365 3692; x_wconf 91' lang='lat' dir='ltr'><strong>et</strong></span> <span class='ocrx_word' id='word_1_244' title='bbox 1391 3623 1588 3694; x_wconf 91' lang='lat' dir='ltr'><strong>conducunt</strong></span> <span class='ocrx_word' id='word_1_245' title='bbox 1614 3625 1781 3696; x_wconf 88' lang='lat' dir='ltr'><strong>decImarn</strong></span> 
     </span>
     <span class='ocr_line' id='line_1_25' title="bbox 229 3741 1783 3833; baseline 0.001 -21"><span class='ocrx_word' id='word_1_246' title='bbox 229 3741 482 3831; x_wconf 87' lang='lat' dir='ltr'><strong>manipularem</strong></span> <span class='ocrx_word' id='word_1_247' title='bbox 501 3748 537 3812; x_wconf 92' lang='lat' dir='ltr'><strong>et</strong></span> <span class='ocrx_word' id='word_1_248' title='bbox 555 3743 764 3832; x_wconf 72' lang='lat' dir='ltr'><strong>compulere,</strong></span> <span class='ocrx_word' id='word_1_249' title='bbox 791 3763 855 3832; x_wconf 90' lang='lat' dir='ltr'><strong>pro</strong></span> <span class='ocrx_word' id='word_1_250' title='bbox 882 3743 1092 3814; x_wconf 89' lang='lat' dir='ltr'><strong>monasterio</strong></span> <span class='ocrx_word' id='word_1_251' title='bbox 1119 3741 1400 3833; x_wconf 74' lang='lat' dir='ltr'><strong>Myechoviensi‚¹</strong></span> <span class='ocrx_word' id='word_1_252' title='bbox 1416 3748 1454 3814; x_wconf 93' lang='lat' dir='ltr'><strong>et</strong></span> <span class='ocrx_word' id='word_1_253' title='bbox 1470 3744 1569 3814; x_wconf 88' lang='lat' dir='ltr'><strong>ralor</strong></span> <span class='ocrx_word' id='word_1_254' title='bbox 1587 3744 1663 3814; x_wconf 89' lang='lat' dir='ltr'><strong>eius</strong></span> <span class='ocrx_word' id='word_1_255' title='bbox 1680 3745 1783 3814; x_wconf 89' lang='lat' dir='ltr'><strong>aesti-</strong></span> 
     </span>
     <span class='ocr_line' id='line_1_26' title="bbox 229 3863 1783 3967; baseline 0.001 -33"><span class='ocrx_word' id='word_1_256' title='bbox 229 3869 348 3934; x_wconf 88' lang='lat' dir='ltr'><strong>matur</strong></span> <span class='ocrx_word' id='word_1_257' title='bbox 375 3863 420 3934; x_wconf 88' lang='lat' dir='ltr'><strong>ed</strong></span> <span class='ocrx_word' id='word_1_258' title='bbox 446 3863 627 3938; x_wconf 89' lang='lat' dir='ltr'><strong>duodecim</strong></span> <span class='ocrx_word' id='word_1_259' title='bbox 654 3883 798 3936; x_wconf 87' lang='lat' dir='ltr'><strong>marcas.</strong></span> <span class='ocrx_word' id='word_1_260' title='bbox 825 3863 986 3936; x_wconf 76' lang='lat' dir='ltr'><strong>Confluat</strong></span> <span class='ocrx_word' id='word_1_261' title='bbox 1012 3885 1089 3934; x_wconf 91' lang='lat' dir='ltr'><strong>cum</strong></span> <span class='ocrx_word' id='word_1_262' title='bbox 1116 3863 1447 3967; x_wconf 69' lang='lat' dir='ltr'><strong>Withowicne,¹</strong></span> <span class='ocrx_word' id='word_1_263' title='bbox 1468 3864 1783 3954; x_wconf 87' lang='lat' dir='ltr'><strong>Rzeszuszno,</strong></span> 
     </span>
     <span class='ocr_line' id='line_1_27' title="bbox 232 3984 553 4075; baseline 0.016 -21"><span class='ocrx_word' id='word_1_264' title='bbox 232 3984 553 4075; x_wconf 85' lang='lat' dir='ltr'><strong>Biskupicze..</strong></span> 
     </span>
    </p>

    <p class='ocr_par' dir='ltr' id='par_1_9' title="bbox 232 4103 1838 5162">
     <span class='ocr_line' id='line_1_28' title="bbox 338 4103 1783 4196; baseline 0 -20"><span class='ocrx_word' id='word_1_265' title='bbox 338 4105 637 4196; x_wconf 76' lang='lat' dir='ltr'><strong>Psnnoscurozn</strong></span> <span class='ocrx_word' id='word_1_266' title='bbox 678 4106 761 4176; x_wconf 89' lang='lat' dir='ltr'><strong>villa</strong></span> <span class='ocrx_word' id='word_1_267' title='bbox 788 4107 851 4176; x_wconf 92' lang='lat' dir='ltr'><strong>snb</strong></span> <span class='ocrx_word' id='word_1_268' title='bbox 879 4105 1044 4194; x_wconf 88' lang='lat' dir='ltr'><strong>parochie</strong></span> <span class='ocrx_word' id='word_1_269' title='bbox 1070 4104 1113 4175; x_wconf 91' lang='lat' dir='ltr'><strong>de</strong></span> <span class='ocrx_word' id='word_1_270' title='bbox 1140 4103 1372 4194; x_wconf 87' lang='lat' dir='ltr'><strong>Myechow</strong></span> <span class='ocrx_word' id='word_1_271' title='bbox 1399 4104 1475 4194; x_wconf 86' lang='lat' dir='ltr'><strong>sita,</strong></span> <span class='ocrx_word' id='word_1_272' title='bbox 1502 4104 1599 4175; x_wconf 88' lang='lat' dir='ltr'><strong>cuius</strong></span> <span class='ocrx_word' id='word_1_273' title='bbox 1625 4105 1783 4194; x_wconf 89' lang='lat' dir='ltr'><strong>proprie·</strong></span> 
     </span>
     <span class='ocr_line' id='line_1_29' title="bbox 232 4225 1784 4318; baseline 0 -22"><span class='ocrx_word' id='word_1_274' title='bbox 232 4234 288 4298; x_wconf 88' lang='lat' dir='ltr'><strong>tas</strong></span> <span class='ocrx_word' id='word_1_275' title='bbox 316 4227 361 4298; x_wconf 89' lang='lat' dir='ltr'><strong>ad</strong></span> <span class='ocrx_word' id='word_1_276' title='bbox 388 4228 636 4298; x_wconf 87' lang='lat' dir='ltr'><strong>monasterium</strong></span> <span class='ocrx_word' id='word_1_277' title='bbox 662 4226 931 4318; x_wconf 89' lang='lat' dir='ltr'><strong>Myechovieuse</strong></span> <span class='ocrx_word' id='word_1_278' title='bbox 958 4227 1121 4316; x_wconf 85' lang='lat' dir='ltr'><strong>pertinet.</strong></span> <span class='ocrx_word' id='word_1_279' title='bbox 1148 4226 1188 4296; x_wconf 97' lang='lat' dir='ltr'><strong>In</strong></span> <span class='ocrx_word' id='word_1_280' title='bbox 1207 4246 1276 4315; x_wconf 87' lang='lat' dir='ltr'><strong>qua</strong></span> <span class='ocrx_word' id='word_1_281' title='bbox 1293 4231 1374 4296; x_wconf 90' lang='lat' dir='ltr'><strong>sunt</strong></span> <span class='ocrx_word' id='word_1_282' title='bbox 1400 4225 1517 4296; x_wconf 90' lang='lat' dir='ltr'><strong>decem</strong></span> <span class='ocrx_word' id='word_1_283' title='bbox 1535 4231 1572 4296; x_wconf 92' lang='lat' dir='ltr'><strong>et</strong></span> <span class='ocrx_word' id='word_1_284' title='bbox 1589 4231 1669 4296; x_wconf 91' lang='lat' dir='ltr'><strong>octo</strong></span> <span class='ocrx_word' id='word_1_285' title='bbox 1692 4226 1784 4296; x_wconf 89' lang='lat' dir='ltr'><strong>lanei</strong></span> 
     </span>
     <span class='ocr_line' id='line_1_30' title="bbox 232 4335 1784 4438; baseline -0.001 -20"><span class='ocrx_word' id='word_1_286' title='bbox 232 4347 466 4418; x_wconf 84' lang='lat' dir='ltr'><strong>emethoneles</strong></span> <span class='ocrx_word' id='word_1_287' title='bbox 494 4355 530 4419; x_wconf 90' lang='lat' dir='ltr'><strong>et</strong></span> <span class='ocrx_word' id='word_1_288' title='bbox 557 4348 703 4438; x_wconf 88' lang='lat' dir='ltr'><strong>quilibet</strong></span> <span class='ocrx_word' id='word_1_289' title='bbox 729 4348 834 4420; x_wconf 87' lang='lat' dir='ltr'><strong>solvit</strong></span> <span class='ocrx_word' id='word_1_290' title='bbox 860 4369 924 4438; x_wconf 92' lang='lat' dir='ltr'><strong>pro</strong></span> <span class='ocrx_word' id='word_1_291' title='bbox 951 4369 1055 4418; x_wconf 88' lang='lat' dir='ltr'><strong>censu</strong></span> <span class='ocrx_word' id='word_1_292' title='bbox 1075 4399 1270 4436; x_wconf 84' lang='lat'><strong>........</strong></span> <span class='ocrx_word' id='word_1_293' title='bbox 1296 4348 1381 4417; x_wconf 85' lang='lat' dir='ltr'><strong>item</strong></span> <span class='ocrx_word' id='word_1_294' title='bbox 1407 4335 1474 4416; x_wconf 74' lang='lat' dir='ltr'><strong>o&#39;ue</strong></span> <span class='ocrx_word' id='word_1_295' title='bbox 1499 4347 1664 4435; x_wconf 84' lang='lat' dir='ltr'><strong>trigInta,</strong></span> <span class='ocrx_word' id='word_1_296' title='bbox 1699 4347 1784 4417; x_wconf 88' lang='lat' dir='ltr'><strong>Item</strong></span> 
     </span>
     <span class='ocr_line' id='line_1_31' title="bbox 232 4466 1785 4559; baseline -0.001 -19"><span class='ocrx_word' id='word_1_297' title='bbox 232 4469 344 4558; x_wconf 80' lang='lat' dir='ltr'><strong>gadas</strong></span> <span class='ocrx_word' id='word_1_298' title='bbox 372 4475 532 4559; x_wconf 85' lang='lat' dir='ltr'><strong>quatuor,</strong></span> <span class='ocrx_word' id='word_1_299' title='bbox 559 4469 643 4540; x_wconf 90' lang='lat' dir='ltr'><strong>item</strong></span> <span class='ocrx_word' id='word_1_300' title='bbox 671 4488 790 4540; x_wconf 87' lang='lat' dir='ltr'><strong>caseos</strong></span> <span class='ocrx_word' id='word_1_301' title='bbox 818 4469 913 4540; x_wconf 88' lang='lat' dir='ltr'><strong>dnos.</strong></span> <span class='ocrx_word' id='word_1_302' title='bbox 944 4469 1033 4540; x_wconf 90' lang='lat' dir='ltr'><strong>Item</strong></span> <span class='ocrx_word' id='word_1_303' title='bbox 1060 4468 1224 4538; x_wconf 86' lang='lat' dir='ltr'><strong>laborent</strong></span> <span class='ocrx_word' id='word_1_304' title='bbox 1250 4466 1337 4538; x_wconf 89' lang='lat' dir='ltr'><strong>duos</strong></span> <span class='ocrx_word' id='word_1_305' title='bbox 1364 4466 1502 4538; x_wconf 88' lang='lat' dir='ltr'><strong>diesin</strong></span> <span class='ocrx_word' id='word_1_306' title='bbox 1528 4468 1785 4557; x_wconf 88' lang='lat' dir='ltr'><strong>septimanein</strong></span> 
     </span>
     <span class='ocr_line' id='line_1_32' title="bbox 233 4586 1785 4682; baseline 0 -22"><span class='ocrx_word' id='word_1_307' title='bbox 233 4591 357 4680; x_wconf 90' lang='lat' dir='ltr'><strong>hyeme</strong></span> <span class='ocrx_word' id='word_1_308' title='bbox 385 4595 421 4660; x_wconf 94' lang='lat' dir='ltr'><strong>et</strong></span> <span class='ocrx_word' id='word_1_309' title='bbox 448 4595 583 4662; x_wconf 90' lang='lat' dir='ltr'><strong>aestate</strong></span> <span class='ocrx_word' id='word_1_310' title='bbox 609 4590 751 4679; x_wconf 83' lang='lat' dir='ltr'><strong>proprIo</strong></span> <span class='ocrx_word' id='word_1_311' title='bbox 779 4609 883 4660; x_wconf 90' lang='lat' dir='ltr'><strong>curru</strong></span> <span class='ocrx_word' id='word_1_312' title='bbox 911 4595 972 4660; x_wconf 85' lang='lat' dir='ltr'><strong>aut</strong></span> <span class='ocrx_word' id='word_1_313' title='bbox 997 4594 1126 4660; x_wconf 88' lang='lat' dir='ltr'><strong>aratro.</strong></span> <span class='ocrx_word' id='word_1_314' title='bbox 1156 4589 1245 4658; x_wconf 91' lang='lat' dir='ltr'><strong>Item</strong></span> <span class='ocrx_word' id='word_1_315' title='bbox 1264 4586 1451 4682; x_wconf 73' lang='lat' dir='ltr'><strong>poenatem</strong></span> <span class='ocrx_word' id='word_1_316' title='bbox 1475 4594 1660 4679; x_wconf 89' lang='lat' dir='ltr'><strong>utramque</strong></span> <span class='ocrx_word' id='word_1_317' title='bbox 1685 4595 1785 4660; x_wconf 85' lang='lat' dir='ltr'><strong>tene-</strong></span> 
     </span>
     <span class='ocr_line' id='line_1_33' title="bbox 235 4708 1784 4804; baseline 0 -24"><span class='ocrx_word' id='word_1_318' title='bbox 235 4719 293 4780; x_wconf 91' lang='lat' dir='ltr'><strong>tur</strong></span> <span class='ocrx_word' id='word_1_319' title='bbox 319 4709 482 4785; x_wconf 86' lang='lat' dir='ltr'><strong>laborare</strong></span> <span class='ocrx_word' id='word_1_320' title='bbox 510 4711 546 4780; x_wconf 95' lang='lat' dir='ltr'><strong>in</strong></span> <span class='ocrx_word' id='word_1_321' title='bbox 572 4708 764 4781; x_wconf 89' lang='lat' dir='ltr'><strong>frumentis.</strong></span> <span class='ocrx_word' id='word_1_322' title='bbox 790 4709 878 4780; x_wconf 85' lang='lat' dir='ltr'><strong>item</strong></span> <span class='ocrx_word' id='word_1_323' title='bbox 905 4731 1034 4804; x_wconf 78' lang='lat' dir='ltr'><strong>oszycp.</strong></span> <span class='ocrx_word' id='word_1_324' title='bbox 1078 4709 1167 4779; x_wconf 90' lang='lat' dir='ltr'><strong>Item</strong></span> <span class='ocrx_word' id='word_1_325' title='bbox 1193 4709 1341 4780; x_wconf 85' lang='lat' dir='ltr'><strong>taberna</strong></span> <span class='ocrx_word' id='word_1_326' title='bbox 1374 4729 1446 4780; x_wconf 91' lang='lat' dir='ltr'><strong>una</strong></span> <span class='ocrx_word' id='word_1_327' title='bbox 1479 4709 1530 4780; x_wconf 90' lang='lat' dir='ltr'><strong>ibi</strong></span> <span class='ocrx_word' id='word_1_328' title='bbox 1559 4715 1615 4780; x_wconf 91' lang='lat' dir='ltr'><strong>est</strong></span> <span class='ocrx_word' id='word_1_329' title='bbox 1649 4709 1784 4782; x_wconf 88' lang='lat' dir='ltr'><strong>habens</strong></span> 
     </span>
     <span class='ocr_line' id='line_1_34' title="bbox 236 4829 1785 4921; baseline -0.001 -19"><span class='ocrx_word' id='word_1_330' title='bbox 236 4851 347 4921; x_wconf 71' lang='lat' dir='ltr'><strong>egros</strong></span> <span class='ocrx_word' id='word_1_331' title='bbox 375 4837 412 4902; x_wconf 92' lang='lat' dir='ltr'><strong>et</strong></span> <span class='ocrx_word' id='word_1_332' title='bbox 438 4830 568 4919; x_wconf 75' lang='lat' dir='ltr'><strong>soleii.</strong></span> <span class='ocrx_word' id='word_1_333' title='bbox 588 4885 595 4900; x_wconf 99' lang='lat'><strong>.</strong></span> <span class='ocrx_word' id='word_1_334' title='bbox 614 4885 648 4900; x_wconf 92' lang='lat'><strong>..</strong></span> <span class='ocrx_word' id='word_1_335' title='bbox 675 4830 763 4902; x_wconf 91' lang='lat' dir='ltr'><strong>Item</strong></span> <span class='ocrx_word' id='word_1_336' title='bbox 791 4831 998 4902; x_wconf 86' lang='lat' dir='ltr'><strong>hortulania.</strong></span> <span class='ocrx_word' id='word_1_337' title='bbox 1024 4829 1112 4900; x_wconf 92' lang='lat' dir='ltr'><strong>Item</strong></span> <span class='ocrx_word' id='word_1_338' title='bbox 1135 4829 1316 4918; x_wconf 89' lang='lat' dir='ltr'><strong>praedium</strong></span> <span class='ocrx_word' id='word_1_339' title='bbox 1343 4830 1393 4900; x_wconf 91' lang='lat' dir='ltr'><strong>ibi</strong></span> <span class='ocrx_word' id='word_1_340' title='bbox 1420 4830 1620 4902; x_wconf 89' lang='lat' dir='ltr'><strong>coenobiale</strong></span> <span class='ocrx_word' id='word_1_341' title='bbox 1646 4831 1785 4921; x_wconf 89' lang='lat' dir='ltr'><strong>bonnm,</strong></span> 
     </span>
     <span class='ocr_line' id='line_1_35' title="bbox 236 4931 1838 5041; baseline 0 -19"><span class='ocrx_word' id='word_1_342' title='bbox 236 4951 277 5022; x_wconf 90' lang='lat' dir='ltr'><strong>de</strong></span> <span class='ocrx_word' id='word_1_343' title='bbox 305 4951 403 5022; x_wconf 91' lang='lat' dir='ltr'><strong>cuius</strong></span> <span class='ocrx_word' id='word_1_344' title='bbox 431 4951 525 5041; x_wconf 83' lang='lat' dir='ltr'><strong>angs</strong></span> <span class='ocrx_word' id='word_1_345' title='bbox 552 4951 800 5022; x_wconf 91' lang='lat' dir='ltr'><strong>monasterium</strong></span> <span class='ocrx_word' id='word_1_346' title='bbox 826 4949 1092 5041; x_wconf 85' lang='lat' dir='ltr'><strong>Myechovieuse</strong></span> <span class='ocrx_word' id='word_1_347' title='bbox 1119 4971 1184 5040; x_wconf 91' lang='lat' dir='ltr'><strong>pro</strong></span> <span class='ocrx_word' id='word_1_348' title='bbox 1211 4972 1248 5021; x_wconf 91' lang='lat' dir='ltr'><strong>se</strong></span> <span class='ocrx_word' id='word_1_349' title='bbox 1274 4931 1369 5022; x_wconf 89' lang='lat' dir='ltr'><strong>tollit</strong></span> <span class='ocrx_word' id='word_1_350' title='bbox 1395 4951 1572 5021; x_wconf 85' lang='lat' dir='ltr'><strong>decImam.</strong></span> <span class='ocrx_word' id='word_1_351' title='bbox 1597 4951 1686 5022; x_wconf 89' lang='lat' dir='ltr'><strong>Item</strong></span> <span class='ocrx_word' id='word_1_352' title='bbox 1712 4973 1785 5022; x_wconf 91' lang='lat' dir='ltr'><strong>mo·</strong></span> <span class='ocrx_word' id='word_1_353' title='bbox 1832 4965 1838 4973; x_wconf 80' lang='grc'><em>’</em></span> 
     </span>
     <span class='ocr_line' id='line_1_36' title="bbox 236 5071 1785 5162; baseline -0.002 -18"><span class='ocrx_word' id='word_1_354' title='bbox 236 5073 412 5146; x_wconf 88' lang='lat' dir='ltr'><strong>leudinum</strong></span> <span class='ocrx_word' id='word_1_355' title='bbox 440 5079 495 5144; x_wconf 89' lang='lat' dir='ltr'><strong>est</strong></span> <span class='ocrx_word' id='word_1_356' title='bbox 521 5073 578 5162; x_wconf 91' lang='lat' dir='ltr'><strong>ibi,</strong></span> <span class='ocrx_word' id='word_1_357' title='bbox 606 5079 643 5144; x_wconf 92' lang='lat' dir='ltr'><strong>et</strong></span> <span class='ocrx_word' id='word_1_358' title='bbox 670 5073 774 5144; x_wconf 90' lang='lat' dir='ltr'><strong>solvit</strong></span> <span class='ocrx_word' id='word_1_359' title='bbox 800 5093 863 5162; x_wconf 91' lang='lat' dir='ltr'><strong>pro</strong></span> <span class='ocrx_word' id='word_1_360' title='bbox 891 5092 996 5144; x_wconf 89' lang='lat' dir='ltr'><strong>censu</strong></span> <span class='ocrx_word' id='word_1_361' title='bbox 1015 5125 1130 5142; x_wconf 92' lang='grc'><strong>.....</strong></span> <span class='ocrx_word' id='word_1_362' title='bbox 1156 5071 1244 5141; x_wconf 92' lang='lat' dir='ltr'><strong>Item</strong></span> <span class='ocrx_word' id='word_1_363' title='bbox 1271 5092 1391 5142; x_wconf 87' lang='lat' dir='ltr'><strong>omnes</strong></span> <span class='ocrx_word' id='word_1_364' title='bbox 1417 5073 1493 5161; x_wconf 81' lang='lat' dir='ltr'><strong>agri</strong></span> <span class='ocrx_word' id='word_1_365' title='bbox 1520 5072 1623 5143; x_wconf 83' lang='lat' dir='ltr'><strong>villae</strong></span> <span class='ocrx_word' id='word_1_366' title='bbox 1645 5071 1785 5142; x_wconf 88' lang='lat' dir='ltr'><strong>solvunt</strong></span> 
     </span>
    </p>
   </div>
   <div class='ocr_carea' id='block_1_9' title="bbox 94 5187 1786 5283">
    <p class='ocr_par' dir='ltr' id='par_1_10' title="bbox 94 5187 1786 5283">
     <span class='ocr_line' id='line_1_37' title="bbox 94 5187 1786 5283; baseline -0.002 -17"><span class='ocrx_word' id='word_1_367' title='bbox 94 5187 96 5194; x_wconf 74' lang='grc'><strong>’</strong></span> <span class='ocrx_word' id='word_1_368' title='bbox 237 5201 271 5266; x_wconf 94' lang='lat' dir='ltr'><strong>et</strong></span> <span class='ocrx_word' id='word_1_369' title='bbox 297 5193 496 5268; x_wconf 90' lang='lat' dir='ltr'><strong>conducunt</strong></span> <span class='ocrx_word' id='word_1_370' title='bbox 522 5193 690 5265; x_wconf 89' lang='lat' dir='ltr'><strong>decimam</strong></span> <span class='ocrx_word' id='word_1_371' title='bbox 717 5193 966 5282; x_wconf 88' lang='lat' dir='ltr'><strong>manipularem</strong></span> <span class='ocrx_word' id='word_1_372' title='bbox 993 5199 1029 5263; x_wconf 92' lang='lat' dir='ltr'><strong>et</strong></span> <span class='ocrx_word' id='word_1_373' title='bbox 1055 5192 1266 5282; x_wconf 67' lang='lat' dir='ltr'><strong>clinopalen,</strong></span> <span class='ocrx_word' id='word_1_374' title='bbox 1292 5213 1356 5281; x_wconf 90' lang='lat' dir='ltr'><strong>pro</strong></span> <span class='ocrx_word' id='word_1_375' title='bbox 1382 5194 1593 5263; x_wconf 89' lang='lat' dir='ltr'><strong>monasterio</strong></span> <span class='ocrx_word' id='word_1_376' title='bbox 1621 5191 1786 5283; x_wconf 87' lang='lat' dir='ltr'><strong>Myecho-</strong></span> 
     </span>
    </p>
   </div>
   <div class='ocr_carea' id='block_1_10' title="bbox 237 5312 1785 5525">
    <p class='ocr_par' dir='ltr' id='par_1_11' title="bbox 237 5312 1785 5525">
     <span class='ocr_line' id='line_1_38' title="bbox 237 5312 1785 5406; baseline -0.002 -20"><span class='ocrx_word' id='word_1_377' title='bbox 237 5317 355 5406; x_wconf 87' lang='lat' dir='ltr'><strong>riensi,</strong></span> <span class='ocrx_word' id='word_1_378' title='bbox 370 5321 406 5386; x_wconf 88' lang='lat' dir='ltr'><strong>ct</strong></span> <span class='ocrx_word' id='word_1_379' title='bbox 433 5315 532 5386; x_wconf 86' lang='lat' dir='ltr'><strong>valor</strong></span> <span class='ocrx_word' id='word_1_380' title='bbox 550 5314 625 5384; x_wconf 89' lang='lat' dir='ltr'><strong>eins</strong></span> <span class='ocrx_word' id='word_1_381' title='bbox 643 5315 849 5385; x_wconf 88' lang='lat' dir='ltr'><strong>aestimatur</strong></span> <span class='ocrx_word' id='word_1_382' title='bbox 866 5313 910 5384; x_wconf 84' lang='lat' dir='ltr'><strong>od</strong></span> <span class='ocrx_word' id='word_1_383' title='bbox 929 5313 1122 5402; x_wconf 88' lang='lat' dir='ltr'><strong>quindecim</strong></span> <span class='ocrx_word' id='word_1_384' title='bbox 1141 5312 1459 5383; x_wconf 72' lang='lat' dir='ltr'><strong>marcescentium</strong></span> <span class='ocrx_word' id='word_1_385' title='bbox 1476 5333 1554 5382; x_wconf 91' lang='lat' dir='ltr'><strong>cum</strong></span> <span class='ocrx_word' id='word_1_386' title='bbox 1572 5312 1785 5385; x_wconf 79' lang='lat' dir='ltr'><strong>Chodow...</strong></span> 
     </span>
     <span class='ocr_line' id='line_1_39' title="bbox 339 5433 1785 5525; baseline -0.001 -18"><span class='ocrx_word' id='word_1_387' title='bbox 339 5435 573 5525; x_wconf 77' lang='lat' dir='ltr'><strong>Snunnrsrrn,</strong></span> <span class='ocrx_word' id='word_1_388' title='bbox 609 5435 692 5506; x_wconf 85' lang='lat' dir='ltr'><strong>villa</strong></span> <span class='ocrx_word' id='word_1_389' title='bbox 718 5436 782 5507; x_wconf 91' lang='lat' dir='ltr'><strong>sub</strong></span> <span class='ocrx_word' id='word_1_390' title='bbox 809 5435 974 5524; x_wconf 88' lang='lat' dir='ltr'><strong>paroehIa</strong></span> <span class='ocrx_word' id='word_1_391' title='bbox 1000 5434 1042 5502; x_wconf 91' lang='lat' dir='ltr'><strong>de</strong></span> <span class='ocrx_word' id='word_1_392' title='bbox 1069 5433 1302 5523; x_wconf 87' lang='lat' dir='ltr'><strong>Myechow</strong></span> <span class='ocrx_word' id='word_1_393' title='bbox 1337 5433 1424 5522; x_wconf 87' lang='lat' dir='ltr'><strong>sita,</strong></span> <span class='ocrx_word' id='word_1_394' title='bbox 1464 5434 1561 5502; x_wconf 89' lang='lat' dir='ltr'><strong>cuine</strong></span> <span class='ocrx_word' id='word_1_395' title='bbox 1588 5435 1785 5522; x_wconf 86' lang='lat' dir='ltr'><strong>proprietas</strong></span> 
     </span>
    </p>
   </div>
   <div class='ocr_carea' id='block_1_11' title="bbox 79 5553 1942 5768">
    <p class='ocr_par' dir='ltr' id='par_1_12' title="bbox 79 5553 1942 5768">
     <span class='ocr_line' id='line_1_40' title="bbox 79 5553 1785 5647; baseline -0.001 -19"><span class='ocrx_word' id='word_1_396' title='bbox 79 5565 96 5580; x_wconf 76' lang='grc'><strong>’·</strong></span> <span class='ocrx_word' id='word_1_397' title='bbox 237 5558 280 5630; x_wconf 86' lang='lat' dir='ltr'><strong>od</strong></span> <span class='ocrx_word' id='word_1_398' title='bbox 306 5557 554 5628; x_wconf 87' lang='lat' dir='ltr'><strong>monasterinm</strong></span> <span class='ocrx_word' id='word_1_399' title='bbox 583 5555 849 5647; x_wconf 88' lang='lat' dir='ltr'><strong>MyechovIenee</strong></span> <span class='ocrx_word' id='word_1_400' title='bbox 877 5555 1038 5644; x_wconf 90' lang='lat' dir='ltr'><strong>pertinet.</strong></span> <span class='ocrx_word' id='word_1_401' title='bbox 1078 5553 1118 5624; x_wconf 92' lang='lat' dir='ltr'><strong>In</strong></span> <span class='ocrx_word' id='word_1_402' title='bbox 1146 5575 1216 5642; x_wconf 85' lang='lat' dir='ltr'><strong>qne</strong></span> <span class='ocrx_word' id='word_1_403' title='bbox 1241 5575 1310 5625; x_wconf 92' lang='lat' dir='ltr'><strong>non</strong></span> <span class='ocrx_word' id='word_1_404' title='bbox 1337 5559 1419 5624; x_wconf 89' lang='lat' dir='ltr'><strong>sunt</strong></span> <span class='ocrx_word' id='word_1_405' title='bbox 1444 5554 1551 5643; x_wconf 87' lang='lat' dir='ltr'><strong>aIIqui</strong></span> <span class='ocrx_word' id='word_1_406' title='bbox 1578 5553 1670 5626; x_wconf 90' lang='lat' dir='ltr'><strong>lanei</strong></span> <span class='ocrx_word' id='word_1_407' title='bbox 1694 5575 1785 5625; x_wconf 86' lang='lat' dir='ltr'><strong>crue·</strong></span> 
     </span>
     <span class='ocr_line' id='line_1_41' title="bbox 79 5665 1942 5768; baseline -0.001 -18"><span class='ocrx_word' id='word_1_408' title='bbox 79 5665 80 5680; x_wconf 47' lang='lat'>¹</span> <span class='ocrx_word' id='word_1_409' title='bbox 237 5679 415 5768; x_wconf 75' lang='lat' dir='ltr'><strong>cheneres,</strong></span> <span class='ocrx_word' id='word_1_410' title='bbox 454 5677 514 5748; x_wconf 91' lang='lat' dir='ltr'><strong>sed</strong></span> <span class='ocrx_word' id='word_1_411' title='bbox 541 5683 621 5748; x_wconf 92' lang='lat' dir='ltr'><strong>sunt</strong></span> <span class='ocrx_word' id='word_1_412' title='bbox 647 5677 866 5748; x_wconf 89' lang='lat' dir='ltr'><strong>hortulaniae</strong></span> <span class='ocrx_word' id='word_1_413' title='bbox 893 5696 1034 5766; x_wconf 87' lang='lat' dir='ltr'><strong>novem,</strong></span> <span class='ocrx_word' id='word_1_414' title='bbox 1070 5675 1239 5744; x_wconf 83' lang='lat' dir='ltr'><strong>babentes</strong></span> <span class='ocrx_word' id='word_1_415' title='bbox 1266 5693 1389 5764; x_wconf 76' lang='lat' dir='ltr'><strong>egum,</strong></span> <span class='ocrx_word' id='word_1_416' title='bbox 1415 5680 1453 5745; x_wconf 92' lang='lat' dir='ltr'><strong>et</strong></span> <span class='ocrx_word' id='word_1_417' title='bbox 1479 5675 1654 5764; x_wconf 89' lang='lat' dir='ltr'><strong>quaelihet</strong></span> <span class='ocrx_word' id='word_1_418' title='bbox 1681 5675 1794 5748; x_wconf 84' lang='lat' dir='ltr'><strong>solvit</strong></span> <span class='ocrx_word' id='word_1_419' title='bbox 1934 5665 1942 5676; x_wconf 51' lang='lat'>‘</span> 
     </span>
    </p>
   </div>
   <div class='ocr_carea' id='block_1_12' title="bbox 0 0 2257 6592">
    <p class='ocr_par' dir='ltr' id='par_1_13' title="bbox 0 0 2257 6592">
     <span class='ocr_line' id='line_1_42' title="bbox 0 0 2257 6592; baseline 0 0"><span class='ocrx_word' id='word_1_420' title='bbox 0 0 2257 6592; x_wconf 95' lang='lat' dir='ltr'><strong> </strong></span> 
     </span>
    </p>
   </div>
  </div>
 </body>
</html>
