4492 6592
494 773 569 845 364

330 991 332 1005 '
401 1013 406 1020 ·
492 980 689 1052 conducunt
724 977 890 1050 decimam
926 976 1180 1068 manipularem·
1201 982 1237 1049 et
1263 975 1463 1067 canapalem
1498 997 1562 1067 pro
1589 979 1800 1050 monasterio
1827 977 2043 1048 Andrzeovi-

491 1100 575 1188 ensi,
602 1103 637 1168 et
664 1098 762 1170 valor
789 1099 863 1168 eiua
890 1097 1096 1168 aestimatur
1122 1098 1166 1169 ad
1185 1151 1299 1168 .....
1326 1117 1470 1168 marcas.
1497 1096 1657 1170 Confluat
1683 1120 1759 1169 cum
1779 1154 1897 1169 .....

593 1218 733 1309 Poros,
760 1218 842 1290 villa
868 1218 932 1289 sub
959 1219 1125 1308 parocbia
1150 1219 1194 1291 de
1221 1217 1500 1290 Grzaczicze
1536 1221 1622 1310 sita,
1650 1221 1746 1292 cuius
1773 1221 1973 1310 proprietas
1998 1241 2042 1290 ex

492 1342 679 1414 donatione
697 1340 720 1412 J
731 1341 929 1411 ohannis
956 1340 1210 1430 archiepiscopi
1237 1347 1274 1411 et
1299 1338 1559 1411 Clementis
1585 1341 1707 1412 militis
1735 1342 1779 1412 ad
1798 1341 2045 1412 monasterium

493 1463 773 1536 Andrzeouiense
800 1463 962 1551 pertinet.
1006 1461 1045 1531 In
1074 1467 1252 1551 quaeunt
1290 1462 1382 1532 lanei
1409 1462 1661 1551 cmetbonales,
1697 1469 1735 1534 et
1761 1463 1909 1552 quilibet
1945 1461 2048 1530 solvit

601 1639 637 1673 .,
664 1584 748 1654 item
776 1603 852 1667 ova,
878 1583 961 1652 item
988 1581 1108 1672 gallos,
1136 1582 1220 1652 item
1248 1602 1389 1670 caaeoa;
1425 1583 1511 1652 item
1537 1583 1646 1672 labor,
1675 1583 1757 1653 item
1781 1580 1940 1676 parocho,
1968 1583 2045 1652 item

491 1727 637 1800 oaezyep,
665 1705 746 1774 item
774 1704 942 1774 tabernae
970 1702 1068 1792 duae,
1096 1702 1141 1773 ad
1159 1703 1408 1774 monasterium
1427 1703 1651 1794 pertinentes,
1678 1711 1714 1774 et
1740 1705 1920 1793 quaelibet
1945 1702 2047 1773 soluit

491 1847 555 1917 pro
583 1845 688 1898 ceusu
724 1825 810 1896 duas
838 1843 972 1894 marcas
1008 1823 1177 1894 babentes
1213 1845 1316 1913 agros
1343 1831 1380 1894 et
1406 1831 1526 1914 prata,
1565 1825 1648 1894 item
1684 1825 1926 1913 hortulaniae,
1967 1808 2046 1893 item

491 1946 669 2038 praedium
698 1953 752 2016 est
779 1943 977 2015 coenobiale
1005 1949 1040 2014 et
1067 1945 1183 2033 curia,
1211 1945 1253 2015 de
1281 1946 1379 2015 cuius
1406 1945 1501 2034 agria
1521 2001 1528 2015 .
1548 1999 1555 2014 .
1575 1999 1583 2014 .
1602 1999 1609 2014 .
1628 1970 1664 2032 .;
1691 1946 1773 2016 item
1801 1945 2048 2034 molendinum

491 2070 574 2139 item
603 2089 720 2139 omnes
748 2066 823 2156 agri
851 2065 952 2136 villae
981 2065 1120 2136 solvunt
1147 2073 1183 2135 et
1210 2065 1408 2136 conducunt
1435 2065 1602 2134 decimam
1621 2043 1871 2154 manipularem
1884 2073 1930 2134 ¹et
1949 2085 2049 2134 caua-

492 2192 603 2280 palem
639 2210 703 2278 pro
731 2187 940 2258 monasterio
967 2184 1262 2271 Andrzeoviensi,
1302 2202 1391 2272 quae
1432 2205 1496 2273 per
1522 2184 1545 2254 J
1554 2185 1778 2255 ohannem
1813 2185 2049 2275 archiepisco·

273 2337 278 2344 ’
348 2373 353 2382 .
404 2339 409 2344 ·
491 2331 572 2401 pum
601 2307 838 2380 Gnezuenaem
865 2305 915 2374 illi
943 2304 1072 2376 donata
1098 2311 1162 2392 est,
1202 2309 1239 2374 et
1265 2303 1365 2374 valor
1391 2305 1465 2374 eiua
1493 2305 1698 2375 aestimatur
1724 2305 1768 2396 ad
1787 2359 1933 2374 ......
1961 2305 2046 2375 item

491 2431 633 2502 suntin
662 2428 780 2499 eadem
808 2425 867 2496 alii
894 2424 1064 2496 haeredes
1091 2423 1270 2510 militares.
1298 2423 1458 2496 Gonfiuat
1485 2445 1562 2495 cum
1581 2479 1724 2495 ......

594 2551 860 2634 ursszanowo,
888 2545 970 2617 villa
994 2546 1062 2617 'sub
1089 2545 1256 2634 parocbia
1282 2545 1325 2616 de
1353 2545 1631 2650 Andrzeiow
1658 2547 1736 2636 sita,
1762 2547 1860 2617 euius
1887 2548 2046 2637 proprie

489 2679 545 2744 tas
572 2693 614 2742 ex
641 2670 827 2742 donatione
853 2667 1085 2738 Johannis
1103 2664 1369 2757 Archiepiscopi
1396 2673 1431 2736 et
1457 2665 1716 2742 Clementia
1741 2668 1874 2757 militia,
1901 2669 1948 2738 ad
1977 2691 2045 2738 um

489 2793 680 2864 neoterium
709 2789 989 2861 Audrzeoviense
1023 2789 1192 2877 pertinet
1236 2787 1277 2856 ln
1304 2808 1373 2878 qua
1399 2793 1480 2858 sunt
1515 2789 1640 2879 viginti
1675 2789 1766 2862 lauei
1802 2791 2045 2879 emethonalea,

490 2919 526 2986 et
553 2914 657 2985 solvit
685 2911 830 3002 quilibet
857 2929 921 2999 pro
948 2928 1053 2980 censu
1081 2929 1187 2978 unum
1214 2907 1403 2997 fertonem,
1443 2910 1537 2992 item
1555 2929 1638 2999 ove,
1678 2911 1762 2980 item
1788 2911 1923 3001 gallos,
1965 2912 2043 2981 item

489 3055 618 3124 caseos,
646 3035 728 3109 item
756 3032 865 3121 labor,
892 3031 975 3100 item
997 3025 1155 3123 poneba,
1183 3029 1266 3100 item
1285 3051 1432 3124 omzpep,
1460 3031 1543 3100 item
1560 3030 1717 3119 taberna
1745 3032 1831 3102 item
1857 3032 2045 3121 hortulani,

489 3157 572 3226 item
600 3153 779 3245 praedium
816 3158 870 3222 eat
898 3150 1115 3237 coenobiale,
1153 3150 1196 3222 de
1223 3150 1320 3220 euius
1357 3151 1452 3240 agris
1488 3173 1556 3222 uon
1588 3152 1737 3222 solvitur
1770 3152 1907 3224 decima
1935 3153 2045 3242 alicui,

489 3274 551 3348 sed
578 3271 825 3346 monasterium
861 3271 955 3346 illam
993 3291 1057 3360 pro
1085 3290 1122 3340 ae
1136 3261 1261 3359 ⁷tollit;
1297 3272 1381 3342 item
1417 3271 1661 3343 molendinum.
1705 3273 1792 3344 Ibem
1820 3295 1944 3345 omnes
1971 3276 2044 3364 agri

490 3395 593 3467 villae
621 3394 761 3466 solvunt
787 3400 823 3464 et
850 3391 1047 3464 conducunt
1074 3390 1241 3462 decimam
1268 3391 1518 3481 manipularem
1545 3399 1582 3463 et
1607 3395 1808 3484 canapalem
1835 3415 1901 3484 pro
1929 3416 2046 3466 mouu-

491 3516 598 3588 sterio
625 3513 917 3602 Andrzeoviensi,
959 3517 995 3583 et
1022 3511 1120 3582 valor
1155 3512 1231 3582 eius
1266 3514 1472 3584 aestimatur
1498 3513 1542 3584 ad
1569 3514 1767 3604 quindecim
1791 3520 1953 3606 marcas,
1984 3515 2045 3586 ali·

490 3637 627 3728 q'uaudp
656 3636 700 3708 ad
726 3634 851 3726 viginti
879 3653 1023 3704 marcas.
1052 3631 1212 3704 Confluat
1238 3652 1315 3704 eum
1335 3688 1451 3704 .....

593 3757 805 3846 tinomao,
842 3755 925 3826 villa
951 3755 1015 3826 sub
1042 3755 1209 3845 parocbia
1235 3755 1279 3826 de
1305 3755 1561 3828 Andrzeow
1599 3757 1688 3846 sita,
1723 3758 1820 3829 cuius
1846 3759 2044 3848 proprietas

489 3903 531 3952 ex
559 3879 746 3952 donatione
772 3877 794 3950 J
806 3877 1004 3949 ohannis
1030 3875 1284 3966 archicpiscopi
1309 3882 1347 3948 et
1372 3875 1630 3951 Clementia
1667 3879 1788 3950 militis
1813 3879 1975 3970 fratrum,
2000 3880 2044 3951 ad

489 4003 734 4076 monasterium
763 3999 1043 4070 Andrzeoviense
1071 3999 1232 4088 pertinet
1260 3997 1301 4070 lu
1333 4019 1402 4088 qua
1424 4005 1506 4070 suut
1531 3999 1623 4070 lanei
1651 4001 1896 4092 emetbouales,
1924 4009 1962 4073 et
1979 4003 2028 4073 sol

489 4127 540 4198 vit
568 4125 715 4216 quilibet
732 4175 873 4192 ......
872 4123 876 4136 “
892 4145 929 4209 .;
956 4121 1037 4191 item
1066 4141 1142 4209 ova,
1168 4119 1251 4190 item
1276 4119 1397 4210 gallos,
1424 4121 1519 4192 item·
1535 4129 1678 4211 caseos3
1713 4123 1796 4193 item
1823 4123 1936 4213 labor,
1964 4125 2042 4194 item

487 4245 648 4341 powaba,
675 4247 760 4316 item
787 4264 942 4338 oeszyep,
969 4243 1053 4313 item
1081 4242 1244 4332 taberna,
1279 4241 1362 4312 item
1389 4241 1585 4332 hortulani,
1621 4244 1704 4314 item
1732 4245 1934 4335 praedium,
1964 4248 2043 4315 item

488 4367 732 4438 molendinum.
760 4365 845 4434 Item
873 4383 991 4434 omues
1020 4363 1095 4452 agri
1123 4362 1226 4433 villae
1253 4362 1393 4434 solvunt
1414 4369 1451 4433 et
1469 4363 1666 4434 eonducunt
1691 4365 1860 4436 decimam
1888 4368 2043 4456 manipu-

384 4493 388 4502 “
489 4489 596 4560 larem
624 4493 660 4558 et
686 4485 885 4576 canapalem
912 4505 975 4574 pro
1007 4483 1220 4554 monasterio
1239 4484 1522 4575 Andrzeorienai,
1549 4491 1585 4557 et
1610 4485 1708 4557 valor
1734 4487 1810 4558 eius
1835 4488 2043 4558 aestimatur

490 4608 534 4679 ad
556 4653 670 4678 .....
697 4623 853 4678 mareas·
867 4604 1028 4677 Goufinat
1054 4623 1132 4676 cum
1150 4659 1266 4675 .....
1374 4667 1378 4677 .
1789 4665 1792 4679 .

593 4729 762 4800 Rauowo
790 4727 930 4816 Maron,
957 4725 1041 4796 villa
1067 4726 1132 4798 sub
1159 4727 1325 4816 parocbia
1350 4725 1395 4799 de
1411 4726 1811 4818 'Audrzeyow'sita
1837 4729 1939 4800 cuius
1966 4749 2041 4819 pre

490 4851 622 4942 prietes
649 4871 692 4920 ex
719 4848 905 4919 donatione
933 4847 955 4918 J
965 4847 1163 4918 ohannis
1198 4849 1449 4939 archiepiscopi
1477 4856 1514 4920 et
1540 4847 1797 4939 Clementis
1823 4851 1949 4921 militis
1975 4851 2041 4922 fra-

488 4980 592 5064 trum,
631 4971 676 5042 ad
703 4970 949 5041 monasterium
977 4967 1257 5040 Andrzeovieuae
1292 4970 1452 5059 pertinet.
1496 4971 1537 5040 In
1564 4977 1741 5060 quaeunt
1772 4971 1864 5042 lanei
1892 4973 2041 5043 emetho

383 5079 387 5093 ’
488 5096 594 5186 nales,
623 5099 658 5165 et
684 5093 832 5184 quilibet
858 5091 963 5163 solvit
982 5145 1177 5181 ........
1203 5093 1287 5162 item
1314 5113 1390 5180 ova,
1417 5092 1500 5163 item
1527 5093 1649 5182 gallos,
1674 5093 1760 5190 itera
1786 5113 1928 5181 caseos3
1962 5095 2040 5165 item

435 5192 441 5210 ‘
487 5217 597 5307 rabor,
623 5217 707 5288 nem
726 5212 886 5309 pomata,
913 5213 995 5283 item
1023 5234 1170 5308 sopp,
1197 5213 1280 5284 nem
1307 5213 1463 5303 enema,
1490 5214 1574 5285 eam
1601 5214 1800 5303 nocuum
1831 5216 1916 5286 iem
1946 5236 2041 5305 prae-

487 5338 582 5410 dium
608 5346 664 5409 est
691 5335 891 5408 coenobiale
917 5333 1131 5424 monasterii,
1157 5334 1201 5405 d'e
1226 5335 1325 5406 cuius
1351 5337 1445 5429 agris
1463 5388 1660 5426 ........
1686 5337 1771 5407 item
1797 5337 2040 5424 molendinum

487 5461 571 5531 item
599 5477 718 5530 omnes
745 5458 820 5549 agri
848 5456 950 5528 villae
977 5455 1117 5527 solvunt
1143 5462 1180 5526 et
1207 5455 1404 5528 conducunt
1429 5455 1599 5528 decimam
1617 5457 1868 5548 manipularem
1886 5465 1925 5529 et
1943 5479 2040 5530 caua·

488 5581 601 5672 palem
627 5595 692 5671 pro
719 5579 929 5653 monasterio
957 5577 1242 5668 Andrzeorieusi,
1282 5585 1318 5649 et
1345 5578 1443 5649 valor
1469 5579 1544 5649 eius
1572 5579 1779 5650 aestimatur
1805 5579 1851 5650 ad
1869 5633 2038 5650 .......

488 5719 632 5773 marcae.
659 5699 820 5774 eonfiat
845 5721 924 5774 cum
942 5753 1057 5771 .....
1125 5688 1129 5693 ’
