4492 6592
1686 760 1759 830 271
1833 816 1837 825 .

105 964 110 973 '
214 967 463 1038 monasterium
476 1031 486 1036 -
499 966 807 1066 Szeczechovicnse
843 965 945 1056 pleno
977 967 1070 1054 iure,
1099 987 1177 1036 cum
1204 965 1281 1037 aliis
1308 961 1450 1036 lacubus
1477 969 1514 1034 et
1540 964 1695 1054 stagnis,
1722 985 1766 1035 ex

213 1087 338 1176 quihus
367 1088 578 1165 monasterio
606 1087 905 1158 Szeczechoviensi
941 1087 1155 1157 foecunditas
1181 1087 1325 1174 piscium
1353 1086 1442 1155 solet
1468 1086 1669 1174 provenire,
1696 1107 1765 1156 non

213 1209 383 1280 minorem
417 1208 566 1279 fructum
603 1207 767 1297 afferens,
796 1183 899 1297 auam
935 1210 965 1278 si
1000 1209 1083 1277 villa
1118 1209 1195 1297 ipsa
1230 1213 1266 1277 et
1301 1207 1416 1278 locata
1441 1206 1638 1277 hominibus
1664 1205 1764 1278 foret.

211 1329 352 1400 Donata
379 1329 588 1400 monasterio
615 1351 678 1418 per
703 1328 727 1399 J
737 1350 864 1398 axam
892 1329 1021 1398 ducem.

318 1447 525 1537 Nnrnavr,
552 1449 635 1519 villa
671 1449 842 1538 quondam
863 1427 942 1518 afuit
978 1449 1041 1518 suh
1078 1449 1243 1537 parochia
1277 1447 1441 1524 ecclesiae
1478 1447 1520 1518 dc
1556 1440 1767 1518 Lanczna

177 1543 184 1552 ⁵
213 1567 340 1657 oppido
370 1569 458 1656 sita;
485 1569 547 1640 sed
574 1590 594 1638 a
621 1569 724 1660 longo
752 1571 913 1658 tempore'
936 1568 1132 1656 decertata,
1159 1589 1269 1656 neque
1296 1562 1480 1656 vestigium
1500 1550 1645 1656 ¹(pridem
1663 1568 1789 1639 villac'

212 1690 364 1776 retinet,
401 1696 456 1760 cst
492 1695 607 1760 tamen
644 1690 714 1759 illic
749 1691 844 1760 lacus
880 1690 1048 1778 optimuS,
1075 1689 1135 1778 qui
1161 1689 1246 1760 illud
1273 1709 1397 1766 numen
1424 1693 1561 1778 servat,
1588 1710 1664 1759 cum
1693 1691 1764 1760 suis

213 1809 438 1898 pertinentiis
473 1814 511 1879 et
538 1810 822 1899 circumstantiis,
851 1809 947 1880 cuius
976 1807 1173 1898 proprietas
1200 1810 1304 1880 etiam
1331 1829 1422 1878 nnnc
1447 1810 1600 1897 pertinet
1625 1809 1669 1880 ad
1687 1825 1768 1882 'mo-

213 1930 407 2000 nasterium
444 1929 752 2002 Szeczechoviense
777 1931 889 2020 pleno
926 1931 1019 2018 iure,
1055 1929 1204 2000 afferens
1239 1929 1383 2017 singulis
1420 1929 1519 1999 annis
1546 1931 1790 2006 monasterio

212 2050 360 2142 piscium
389 2051 593 2122 ubertatem.
620 2051 760 2122 Donata
786 2073 849 2141 per
875 2051 897 2122 J
908 2072 991 2120 aua
1018 2049 1140 2120 ducem
1166 2050 1386 2120 monasterio.

315 2165 598 2242 Jnsszrnnowa
625 2172 849 2244 Daunuown
878 2173 964 2242 alias
998 2171 1200 2259 Ornnrnrr,
1236 2171 1319 2241 villa
1353 2170 1527 2260 qnondam
1562 2168 1629 2240 fuit
1654 2170 1768 2240 locata

214 2292 414 2364 hominibus
441 2297 477 2363 et
503 2293 604 2382 culta,
633 2294 696 2364 sub
723 2293 888 2382 parochia
915 2292 1083 2364 ecclesiae
1111 2292 1154 2364 de
1181 2290 1374 2362 Garbow
1400 2291 1477 2380 sita,
1496 2290 1592 2362 cuius
1611 2292 1767 2379 proprie·

214 2419 266 2484 tas
302 2413 349 2482 ad
384 2413 631 2486 monasterium
648 2413 974 2485 -Szeczechoviense
1001 2389 1102 2502 pleno
1130 2413 1206 2483 inre
1232 2413 1449 2502 pertinebat,
1485 2412 1546 2482 sed
1572 2431 1594 2480 a
1622 2411 1768 2482 circnm-

215 2533 454 2604 adia'ccntibus
481 2539 517 2604 et
545 2534 665 2606 vicinis
692 2534 783 2606 villis
811 2539 848 2605 et
874 2534 1082 2604 haeredibus
1110 2554 1229 2604 earum
1255 2553 1318 2623 per
1344 2534 1414 2604 vim
1441 2538 1477 2602 et
1495 2532 1658 2603 iniuriam
1676 2516 1768 2602 dire-
1816 2613 1821 2630 „

216 2660 276 2744 pta
311 2661 350 2725 et
388 2655 548 2756 mutilata
583 2659 655 2744 est,
682 2646 832 2726 nemine*
854 2654 1088 2727 defensionem
1116 2629 1328 2744 opponente,
1356 2659 1392 2724 et
1418 2655 1582 2724 universa
1607 2653 1722 2724 deleta
1748 2675 1769 2722 a

216 2775 309 2852 villis,
342 2773 587 2846 Jasthlrovv
622 2781 659 2848 et
695 2777 1004 2867 Lyessa'ycez,
1031 2774 1355 2864 Pyotrowicze
1381 2780 1417 2844 et
1443 2773 1589 2864 direpta.
1629 2774 1768 2870 Donata

216 2897 428 2970 monasterio
464 2916 527 2985 per
562 2895 585 2966 J
595 2915 678 2968 axa
711 2896 841 2967 ducem.
877 2896 1051 2966 Alienatio
1080 2901 1197 2966 autem
1223 2895 1325 2966 villae
1352 2894 1529 2984 praefatae
1556 2900 1592 2964 et
1618 2894 1768 2983 direptio

215 3017 365 3088 maxime
401 3037 443 3088 ex
480 3037 521 3087 co
556 3016 669 3088 fertur
704 3018 923 3107 provenisse,
951 3018 1031 3106 quia
1064 3015 1242 3095 lohannes
1278 3015 1633 3112 Bothurzinsky
1649 3014 1768 3086 abhas
1885 3077 1892 3084 .

215 3136 342 3208 nobilis
369 3136 411 3206 de
439 3137 539 3208 domo
568 3136 787 3228 Ozewnya
813 3143 895 3208 tunc
922 3137 1254 3225 Szeczechoviensis,
1279 3137 1474 3213 scoltetiam
1501 3136 1605 3207 villae
1634 3134 1768 3224 praefa-

215 3263 270 3328 tae
296 3256 515 3348 Opathky
542 3258 647 3329 Petro
674 3258 1054 3350 Lyesszyeczshy
1090 3279 1154 3348 pro
1190 3263 1291 3329 certa
1322 3257 1487 3346 pecuniae
1522 3277 1656 3328 summa
1682 3277 1765 3326 ven-

175 3433 179 3440 2
218 3379 320 3468 didit,
350 3381 411 3468 qui
448 3400 489 3449 ex
527 3379 705 3450 vicinitate
741 3380 851 3450 multa
877 3400 1045 3468 occupare
1073 3381 1206 3469 coepit,
1233 3379 1331 3450 cuius
1358 3379 1552 3467 exemplum
1580 3379 1640 3448 alii
1666 3379 1769 3449 vicini

217 3500 363 3592 sequuti,
390 3498 567 3588 praefatae
596 3499 698 3570 villae
725 3495 964 3570 residuitatem
984 3505 1251 3589 occupaverunt,
1270 3505 1306 3570 et
1324 3519 1494 3588 occupare
1511 3519 1581 3570 non
1600 3499 1771 3569 desistunt

218 3619 252 3689 in
278 3620 371 3690 hanc
398 3620 499 3690 diem
1601 3713 1607 3719 ῃ

179 3763 184 3777 ·
258 3779 261 3782 ·
317 3739 545 3829 ¹Szvaauacz'a,
565 3741 656 3811 ›villa
681 3741 856 3831 quondam
884 3742 950 3812 fuit
976 3725 1089 3812 locata
1115 3741 1312 3812 hominihus
1339 3745 1375 3810 et
1401 3739 1512 3828 culta,
1540 3739 1584 3809 ad
1611 3738 1768 3827 proprie-
1859 3792 1867 3799 «

218 3865 323 3931 tatem
351 3862 554 3934 monasterii
581 3863 779 3951 pertinc'ns3
815 3862 876 3932 scd
905 3863 958 3932 vel
986 3862 1179 3951 alluvione,
1207 3861 1261 3931 vel
1289 3861 1483 3950 direptione
1510 3860 1680 3948 violenta,
1707 3865 1768 3928 aut

116 4073 119 4080 Ι
148 4025 151 4032 -
217 3981 328 4070 aliquo
360 3981 427 4053 alio
455 3971 537 4062 casn
565 3967 732 4072 disperiit,
761 3988 797 4052 et
816 4003 878 4052 nec
897 4003 1020 4052 nomen
1048 3983 1140 4052 illius
1159 3983 1277 4070 scitur,
1296 3988 1358 4052 aut
1375 3981 1569 4081 vestigium,
1590 3987 1650 4050 aut
1668 3981 1763 4050 locus

217 4102 250 4170 in
276 4103 461 4192 privilegio
487 4107 604 4174 tamen
621 4102 843 4193 fundationis,
870 4104 962 4173 inter
989 4104 1099 4193 villas
1123 4113 1214 4193 'quas
1241 4078 1492 4192 Sethegius
1516 4122 1632 4172 comes
1650 4121 1770 4172 mona-

219 4224 321 4294 sterio
351 4223 655 4298 Szeczechoviensi
690 4202 855 4315 contulit,
883 4226 1013 4314 scripta
1039 4231 1075 4295 et
1102 4225 1235 4296 inserta
1262 4229 1325 4295 est.
1359 4224 1498 4294 Donata
1524 4244 1587 4311 per
1609 4222 1770 4319 ,Sethe-

219 4345 335 4432 ginm
366 4345 525 4415 comitem
552 4347 773 4416 monasterio.
884 4379 888 4390 ·
969 4396 975 4408 .
1613 4415 1628 4422 ,,

258 4521 263 4530 .
319 4465 481 4536 Osraow
508 4486 635 4554 nurus,
663 4465 823 4538 Osruow
850 4487 974 4558 niune,
1002 4469 1123 4538 ambae
1139 4467 1239 4538 duae
1266 4466 1369 4537 villae
1396 4465 1574 4556 praefatae
1600 4465 1712 4537 cultae
1735 4471 1771 4535 ct

223 4585 353 4658 locatae
390 4586 587 4658 hominibus
625 4594 740 4676 erant,
769 4588 832 4658 sub
861 4588 1025 4676 parochia
1054 4589 1101 4680 ,de
1131 4587 1430 4680 Szecnechovv
1458 4586 1584 4677 oppido
1611 4587 1709 4675 sitae,
1736 4587 1771 4654 in

221 4707 326 4778 vastis
355 4707 553 4780 nemoribus
580 4710 733 4806 positae,
761 4729 906 4798 quarum
927 4710 1134 4804 ,caeciores
1161 4710 1312 4799 incolae,
1340 4729 1444 4799 quum
1471 4708 1508 4778 in
1535 4708 1689 4786 saltibus⁴
1709 4707 1768 4778 de-

220 4829 358 4917 gendo,
384 4829 507 4898 animis
543 4829 696 4900 efferatis
732 4831 767 4900 in
803 4829 898 4900 furta
934 4836 969 4912 et
1004 4830 1227 4922 praedocinia
1263 4852 1301 4902 se
1333 4831 1581 4918 dissolverant,
1608 4849 1671 4899 nec
1697 4828 1767 4898 ullo

208 4955 319 5034 ¹pacto
355 4954 520 5039 poterant
556 4971 577 5018 a
603 4950 706 5050 furtis
731 4957 769 5021 et
795 4950 934 5039 praedis
962 4952 1134 5041 cohiberi,
1160 4953 1276 5022 undis·
1290 4958 1326 5022 ct
1352 4952 1478 5042 sylvis,
1505 4951 1541 5020 in
1569 4969 1653 5039 quas
1680 4946 1771 5017 refu·

222 5067 359 5155 giehant
385 5069 502 5160 tutati,
529 5071 632 5140 eiecti
658 5071 775 5161 itaque
802 5071 926 5145 exinde
955 5078 1036 5142 sunt
1062 5078 1098 5154 et
1125 5073 1362 5161 exterminati,
1389 5072 1508 5161 sylvae
1533 5074 1648 5139 tamen
1674 5069 1770 5157 ipsae
1886 5055 1889 5060 ’

154 5189 158 5192 ’
223 5193 255 5258 ct
280 5163 362 5279 loca,
391 5177 578 5279 inquibus
606 5191 755 5264 culmina
782 5193 943 5263 villarum
961 5193 1195 5282 praefatarum
1212 5193 1440 5279 habebantur,
1459 5190 1504 5261 ad
1521 5189 1771 5278 proprietatem

225 5311 423 5388 monasterii
449 5309 770 5385 Szeczechoviensis
798 5313 983 5402 portinent,
1010 5318 1046 5383 et
1072 5313 1246 5385 habentur
1263 5312 1334 5382 illic
1352 5311 1515 5400 piscinae,
1534 5315 1646 5398 prata,
1666 5329 1769 5397 apum

106 5437 108 5448 ’
224 5429 380 5520 alvearia,
408 5433 610 5504 venationes
638 5438 673 5503 et
700 5439 857 5504 caeterae
885 5432 1147 5504 commoditates
1174 5432 1218 5503 ad
1246 5452 1345 5502 usum
1361 5430 1573 5512 ,monasterii
1601 5415 1638 5502 et
1654 5428 1700 5499 ad
1717 5428 1790 5534 ius

222 5550 439 5636 pertinentes.
466 5552 626 5625 Donatae
641 5573 715 5642 -per
742 5553 1010 5641 setnegium
1036 5552 1195 5636 comitem
1222 5550 1441 5624 monasterio.

325 5669 527 5766 Lrarnovv,
553 5673 636 5746 villa
662 5673 832 5768 quondam
859 5671 926 5746 fuit
951 5671 1148 5744 homiuibus
1166 5671 1282 5745 locata
1307 5676 1353 5744 et·
1370 5688 1532 5762 possessa
1557 5672 1594 5742 et
1611 5667 1712 5760 culta,
1729 5668 1774 5741 ad
