4492 6592
457 749 507 820 80

456 953 694 1029 universitatis
721 953 999 1025 doctissimorum
1026 953 1302 1042 nominandos,
1329 953 1433 1024 decus
1460 959 1495 1022 et
1522 972 1661 1039 nervus,
1689 951 1749 1040 qui
1766 970 1876 1040 regno
1894 949 2009 1022 Bobe-

304 1163 308 1170 .
455 1077 545 1146 miae
571 1079 607 1146 et
633 1075 775 1146 civitate
802 1073 969 1164 Pragensi
995 1075 1032 1144 in
1059 1074 1172 1152 labem
1199 1075 1385 1145 haereseos
1412 1072 1679 1160 Viclefisticam,
1706 1073 1893 1161 pluresque
1921 1071 2010 1141 alias

456 1195 704 1268 abominandas
739 1201 856 1285 pestes
892 1201 929 1266 et
963 1215 1119 1284 errores,
1155 1196 1191 1265 in
1229 1195 1354 1284 quibus
1389 1200 1426 1264 et
1461 1194 1628 1264 bactenus
1666 1193 1777 1264 maior
1806 1212 1889 1289 pars
1916 1191 2011 1262 illius

452 1317 568 1407 gentis
595 1316 746 1392 nationis
773 1315 948 1405 persistit,
975 1321 1106 1406 ruente,
1134 1314 1178 1386 de
1201 1313 1368 1385 Bobemia
1392 1319 1431 1386 et
1464 1313 1597 1404 Frage,
1632 1314 1791 1386 omnibus
1832 1313 2011 1384 beneficiis

455 1437 560 1509 rebus
596 1442 631 1508 et
667 1436 872 1508 substantiis
908 1436 1048 1525 nudati,
1085 1435 1237 1525 expulsi,
1264 1434 1308 1506 ad
1336 1435 1431 1524 pium
1457 1441 1495 1506 et
1521 1433 1854 1506 Christianissimum
1881 1453 2013 1523 regem
2158 1524 2159 1527 Ἴ

367 1551 370 1560 ‘
455 1579 531 1628 curn
559 1557 687 1647 ubique
714 1562 898 1645 terrarum,
926 1563 1070 1647 propter
1097 1556 1205 1628 solius
1233 1555 1407 1626 idiomatis
1435 1555 1602 1626 slavonici
1628 1555 1702 1626 sive
1727 1554 1905 1633 Bobemici
1922 1555 2012 1626 livo-

456 1700 529 1750 rem
558 1683 595 1750 et
622 1677 747 1768 odium,
776 1698 813 1748 sc
841 1677 971 1748 scirent
997 1677 1128 1749 invisos
1161 1683 1199 1748 et
1225 1697 1367 1764 exosos,
1394 1677 1522 1766 passim
1558 1697 1596 1747 se
1622 1676 1751 1766 singuli
1777 1673 2037 1754 conferebantx

456 1799 561 1890 Apud
589 1819 689 1889 quem
716 1796 915 1870 multifariis
951 1798 1207 1870 calamitatibus
1235 1796 1373 1887 afflicti,
1400 1803 1514 1868 tutum
1541 1804 1578 1868 et
1604 1801 1761 1887 optatum
1788 1795 2012 1868 offendebant

455 1921 722 2012 receptaculum,
750 1919 1037 1991 elementissimus
1064 1920 1156 1990 enim
1183 1939 1255 2009 rex,
1282 1919 1341 2008 pia
1366 1939 1490 2009 gerens
1518 1939 1623 2008 super
1649 1919 1822 1990 universis
1849 1917 1894 1990 ad
1912 1917 2012 1988 illum

453 2041 729 2142 confugientibus
757 2040 897 2130 pietatis
925 2039 1067 2128 viscera,
1094 2040 1279 2130 unicuique
1304 2039 1452 2130 illorum,
1480 2039 1735 2130 qualificatioue
1753 2044 1791 2111 et
1807 2038 2011 2110 conditione

456 2183 682 2253 personarum
710 2165 868 2251 pensata,
895 2167 931 2232 et
958 2182 1000 2232 ex
1029 2162 1227 2232 substantia
1250 2161 1294 2234 de
1320 2160 1404 2233 fisco
1431 2161 1548 2251 regio,
1574 2160 1680 2237 etde
1705 2159 1883 2232 beneficiis
1910 2165 2013 2248 nota-

453 2283 581 2356 bilibus
607 2282 849 2354 ecclesiasticis
875 2281 1034 2353 munifice
1061 2282 1275 2372 providebat.
1301 2281 1391 2353 Erat
1414 2282 1508 2354 iuter
1534 2281 1622 2354 alios
1648 2281 1803 2354 eruditos
1829 2286 1866 2352 et
1891 2279 2010 2352 exem·

454 2405 570 2496 plares
597 2404 700 2494 viros,
727 2404 770 2475 de
796 2403 964 2476 Bobemia
989 2410 1134 2494 propter
1160 2403 1262 2476 fidem
1289 2403 1470 2506 exiliatos,
1496 2403 1551 2475 vir
1578 2403 1717 2494 quidam
1745 2403 1913 2494 magister
1939 2402 1964 2474 J
1973 2425 2013 2474 o·

454 2527 632 2597 hannes
669 2524 713 2596 de
748 2524 898 2616 Praga
933 2524 1059 2596 Sacrae
1088 2525 1296 2615 Tbeologiae
1332 2524 1510 2615 professor
1543 2525 1715 2614 ramosus,
1741 2524 1852 2596 irater
1878 2521 2014 2596 ordinis

453 2647 804 2738 praemonstratensis
832 2668 874 2718 ex
900 2647 1111 2718 monasterio
1132 2667 1317 2737 ...supra
1344 2645 1536 2738 Pragam
1564 2647 1643 2735 sito,
1670 2647 1768 2717 cuius
1794 2666 1870 2716 cum
1900 2646 2012 2716 eccle-

372 2753 378 2764 ’
453 2768 539 2840 siam
567 2773 603 2839 et
630 2767 832 2840 monasterii
859 2764 1023 2857 officinas,
1051 2773 1252 2858 sumptuose
1280 2789 1379 2839 muro
1396 2766 1630 2858 pulcherrimo
1648 2771 1685 2838 et
1701 2767 1885 2856 magnifico
1901 2767 2011 2838 labri·

454 2895 569 2979 catus,
606 2889 838 2960 Bobemorum
873 2888 1128 2992 baereticorum
1163 2909 1292 2960 vesana
1326 2890 1442 2960 rabies
1477 2909 1586 2979 usque
1620 2873 1665 2960 ad
1691 2889 1802 2959 solum
1828 2889 2013 2978 minando,

452 3010 588 3101 singula
615 3010 839 3099 evertissent,
866 3014 903 3080 et
930 3029 998 3100 quo
1025 3011 1181 3082 celerius'
1199 3011 1352 3082 ruiuatio
1380 3010 1447 3082 loci
1464 3011 1558 3095 illius
1576 3010 1786 3101 proveniret,
1810 3010 2011 3082 minatores

452 3132 578 3203 solario
604 3131 729 3222 grandi
763 3135 1028 3220 provocassent;
1069 3151 1172 3220 quam
1207 3132 1440 3204 ruinatiouem
1466 3151 1530 3202 nos
1557 3148 1694 3221 quoque
1721 3131 1829 3202 oculis
1856 3133 2011 3222 propriis

451 3252 655 3342 frequenter
690 3251 1027 3342 contemplabamur,
1055 3252 1275 3343 admirando,
1304 3254 1372 3325 imo
1407 3253 1578 3343 stupendo
1606 3253 1837 3324 Bobemorum
1867 3258 2011 3342 montes,

451 3373 496 3444 ad
523 3373 585 3443 illa
611 3372 759 3450 nefanda
785 3373 979 3444 dementiae
1007 3373 1123 3446 studia
1150 3373 1354 3464 divertisse,
1380 3374 1559 3465 praefatus
1577 3375 1745 3465 magister
1770 3374 1794 3446 J
1803 3361 2012 3446 ohannes

452 3515 521 3565 non
548 3494 680 3565 babens
707 3493 829 3582 locum,
856 3495 892 3564 in
920 3515 987 3584 quo
1015 3499 1090 3566 tute
1117 3495 1352 3585 requiesceret
1378 3516 1440 3585 pes
1466 3497 1551 3586 eius,
1578 3502 1614 3568 et
1635 3496 1843 3587 intelligens,
1861 3497 2010 3568 aliorum

451 3636 640 3704 regnorum
667 3614 914 3686 catholicorum
933 3619 1035 3704 tectu,
1055 3615 1200 3706 singulis
1219 3616 1383 3688 Bobemis
1401 3617 1508 3688 etiam
1525 3617 1626 3688 bonis
1643 3618 1814 3689 obstricta
1829 3623 1867 3689 et
1884 3639 2009 3709 pamm

454 3735 651 3826 tutelone,
679 3735 734 3806 ad.
751 3736 943 3826 praefatum
976 3735 1269 3808 Vladislaum
1299 3736 1551 3808 Secundum
1578 3737 1745 3809 Poloniae
1771 3759 1890 3828 regern
1917 3739 2012 3810 lama

449 3857 652 3930 clementiae
679 3857 753 3928 eius
781 3857 910 3946 audita,
938 3877 975 3929 se
1002 3858 1159 3929 contulit.
1186 3857 1219 3928 A
1246 3876 1314 3949 quo
1342 3881 1447 3951 quum
1473 3859 1657 3949 benignius
1682 3880 1786 3951 quam
1805 3867 2012 3951 speraverat

452 3985 489 4050 et
515 3983 679 4070 exceptus
708 3983 743 4050 et
769 3979 930 4070 provisus
957 3986 1068 4069 esset,
1096 3981 1229 4063 curiam
1255 3981 1330 4054 eius
1355 3980 1494 4052 assidue
1521 4001 1589 4050 una
1616 3981 2009 4071 quadrigucontentus,

449 4101 578 4191 ubique
606 4100 825 4190 sequebatur,
852 4100 1103 4191 praedicationi
1131 4102 1247 4191 regiae
1266 4123 1391 4191 magno
1409 4101 1534 4190 studio,
1552 4121 1745 4193 magnaque
1764 4123 1855 4193 cura,
1868 4109 2010 4194 gratum

451 4222 541 4292 enim
579 4222 731 4299 babebat
765 4221 857 4312 apud
893 4241 1010 4312 regem
1046 4227 1083 4294 et
1110 4223 1273 4311 polonos,
1300 4221 1534 4314 blandumque
1561 4223 1745 4314 eloquium,
1771 4224 1946 4313 intentus3
1973 4229 2010 4295 et

449 4349 520 4414 tarn
548 4363 676 4432 regem,
704 4363 807 4432 quam
834 4342 979 4432 milites,
1007 4342 1096 4414 mira
1123 4343 1318 4414 eruditione
1346 4350 1383 4414 et
1409 4345 1639 4434 abstinentia,
1666 4346 1807 4436 vitaque
1834 4367 1904 4418 non
1931 4347 2009 4417 vul-

447 4461 536 4554 gari,
563 4484 639 4534 cum
667 4484 730 4554 per
757 4484 865 4536 annos
892 4463 1020 4555 plures,
1049 4463 1174 4556 quibus
1200 4465 1236 4536 iu
1264 4465 1361 4536 curia
1387 4466 1480 4556 regis
1499 4467 1780 4557 conversabatur,
1799 4467 2008 4540 abstinendo

309 4641 312 4648 .
450 4584 494 4656 ab
522 4605 583 4655 esu
610 4585 782 4674 carnium,
809 4584 1015 4656 notabiliter
1050 4585 1264 4657 aedificabat.
1301 4585 1407 4658 Cuius
1434 4593 1556 4658 extam
1585 4587 1678 4679 apud
1705 4609 1769 4660 nos
1796 4589 1864 4660 duo
1891 4609 2009 4679 opera,

449 4705 543 4776 linea
577 4705 739 4776 videlicet
773 4705 915 4796 salutis,
943 4711 978 4776 et
1004 4706 1182 4796 exemplar
1208 4707 1349 4797 salutis,
1378 4708 1502 4798 quibus
1529 4710 1685 4780 serviens
1713 4709 1756 4780 de
1782 4715 1942 4804 tempore
1970 4717 2009 4782 et

447 4827 490 4900 de
518 4827 656 4917 sanctis,
683 4826 827 4918 pulchro
856 4827 1058 4918 compendio
1095 4829 1450 4920 comprehenduntur,
1477 4831 1531 4902 ab.
1549 4851 1605 4921 eo,
1631 4829 1713 4902 dum
1739 4833 1832 4921 apud
1858 4853 2012 4922 regnum
2094 4901 2098 4908 .

445 4949 615 5020 Poloniae
642 4953 772 5038 ageret,
800 4949 969 5039 singulari
996 4954 1145 5020 scemate
1173 4950 1368 5040 compilata.
1400 4951 1502 5023 Hunc
1528 4971 1606 5022 cum
1633 4952 1909 5026 Vladislaus
1937 4953 2004 5026 Po

443 5071 556 5142 loniae
583 5051 645 5142 rex
672 5069 859 5160 praelatus,
886 5071 1054 5161 singulari
1081 5071 1201 5146 favore
1227 5068 1398 5163 diligeret,
1426 5079 1462 5144 et
1489 5073 1585 5144 illum
1605 5095 1677 5164 pro
1705 5074 1951 5165 praedicatore
1970 5082 2007 5148 et
2095 5119 2103 5130 α

448 5193 645 5264 consessore
673 5213 734 5263 suo
762 5192 862 5264 annis
889 5192 1047 5282 pluribus
1074 5197 1221 5283 teneret,
1248 5199 1285 5264 et
1312 5193 1431 5266 audito
1457 5215 1500 5266 eo
1527 5195 1636 5266 multa
1661 5195 1801 5286 laceret,
1828 5197 1934 5268 etiam
1961 5195 2007 5268 ad

446 5315 650 5404 petitionem
679 5335 776 5386 suam
804 5314 1051 5385 monasterium
1081 5315 1213 5388 ordinis
1240 5318 1592 5406 praemonstratensis
1616 5339 1707 5389 anno
1734 5317 1876 5390 Domini
1897 5321 2007 5390 1410.

443 5426 480 5506 iu
508 5435 634 5526 oppido
662 5435 789 5507 Nova
815 5435 1021 5508 Sandeoz
1049 5435 1217 5527 fundavit,
1244 5442 1282 5508 et
1308 5458 1352 5508 ex
1371 5437 1477 5527 regiis
1495 5437 1632 5509 dotavit
1650 5440 1887 5529 proventibus,
1904 5460 2007 5530 prae

444 5556 517 5626 diis
546 5561 650 5647 atque
678 5558 779 5646 villis,
808 5557 1033 5648 quodetiam
1061 5559 1228 5630 abbatiali
1256 5560 1388 5630 bonore
1414 5566 1451 5632 et
1477 5561 1750 5649 praeeminentia
1776 5561 1906 5632 infulae
1924 5582 2007 5652 pro·

441 5677 578 5748 curavit
606 5678 776 5768 insigniri.
812 5679 1019 5770 Primusque
1047 5677 1133 5752 dicti
1159 5681 1360 5754 monasterii
1388 5679 1567 5770 praelatus
1595 5680 1767 5772 Magister
1793 5681 2006 5755 iohannes
