4492 6592
1676 789 1751 864 835
1827 869 1831 877 ,

191 988 385 1079 praedium
411 991 550 1082 aliquod
583 992 783 1066 coenobiale
809 993 845 1064 in
872 992 993 1066 eadem
1021 993 1111 1066 villa
1146 994 1236 1068 Item
1263 1013 1382 1072 omnes
1408 995 1487 1085 agri
1520 970 1755 1068 cmetlronales

191 1117 228 1182 et
255 1109 479 1182 scoltetiales
506 1112 645 1184 solvunt
676 1113 844 1185 decimam
872 1115 1121 1204 manipularem
1148 1123 1185 1185 et
1211 1115 1433 1205 canapalem,
1460 1116 1626 1188 ecclesiae
1652 1137 1755 1206 paro·

190 1230 300 1302 chiali
329 1232 370 1302 in
397 1231 635 1323 Mikaoow,
670 1238 706 1306 et
733 1234 831 1306 valor
857 1235 932 1306 eius
968 1235 1174 1308 aestimatur
1201 1236 1245 1308 ad
1272 1242 1346 1308 tres
1380 1257 1525 1308 marcas.
1557 1237 1645 1308 ltem
1681 1243 1754 1308 tres

191 1351 268 1424 dies
297 1351 465 1424 laborant
491 1354 691 1426 cmethones
718 1356 754 1426 in
781 1357 983 1446 septimana,
1010 1379 1080 1430 una
1105 1357 1318 1446 falcastrant,
1344 1357 1457 1430 altera
1482 1363 1625 1448 metunt,
1650 1359 1756 1430 tertia

191 1472 410 1546 conducunt.
446 1474 532 1546 Item
559 1483 709 1566 quatuor
736 1477 828 1548 lanei
855 1477 1082 1566 scoltetiales,
1110 1479 1216 1549 locati
1242 1478 1500 1568 cmethonibus,
1526 1479 1666 1551 solvunt
1691 1499 1754 1568 per
1847 1549 1856 1566 ,

193 1592 351 1664 mediam
381 1615 552 1684 marcam;
579 1617 713 1668 summa
740 1597 891 1668 omnium
913 1597 997 1670 lacit
1015 1597 1267 1688 quinquaginta
1293 1599 1444 1690 quinque
1470 1619 1614 1688 marcas,
1642 1600 1755 1671 minos

192 1713 333 1786 duobus
362 1715 506 1805 grossis,
532 1717 663 1807 absque
690 1719 848 1806 scoltet03
876 1718 1037 1790 scoltetia
1062 1717 1147 1790 lacit
1164 1741 1226 1790 sex
1244 1740 1388 1792 marcas
1414 1719 1491 1791 Sita
1517 1725 1572 1791 est
1596 1721 1633 1790 in
1660 1719 1755 1791 dioe-

192 1835 263 1905 cesi
305 1833 518 1908 Gneznensi.
558 1836 719 1910 Confluat
755 1857 831 1910 cum
867 1838 959 1912 villis
994 1838 1190 1929 Koczin,
1224 1838 1511 1930 czikarzova
1545 1839 1754 1931 Kalama,

192 1955 442 2028 Mikanow.
1071 1949 1077 1964 ⁶

211 2064 214 2073 ’
300 2075 547 2170 Wrsmczun,
575 2080 738 2171 oppidum
766 2081 914 2173 regium,
941 2082 976 2154 in
1005 2101 1073 2172 qua
1099 2087 1155 2153 est
1182 2081 1385 2154 salisiodina
1411 2081 1597 2172 uberrima,
1623 2082 1756 2154 habens

194 2199 230 2270 in
258 2219 298 2270 se
328 2200 511 2274 ecclesiam
538 2201 771 2292 parochialem
799 2202 917 2276 Sancti
944 2202 1133 2276 Clementis
1159 2208 1347 2292 muratam,
1378 2203 1414 2274 in
1441 2224 1510 2294 quo
1538 2203 1756 2276 Boleslaus

194 2317 407 2393 Pudicus
433 2321 502 2394 dux
530 2324 629 2414 regni
657 2323 842 2414 Poloniae,
868 2323 1044 2396 fundando
1071 2325 1318 2397 monasterium
1345 2324 1382 2396 in
1408 2323 1693 2414 Zavvichost,
1719 2331 1758 2396 et

197 2441 448 2516 transferendo
483 2443 569 2529 illud
604 2444 648 2518 de
683 2445 948 2518 Zawichost
983 2445 1020 2516 in
1054 2445 1257 2533 Skalam,
1292 2444 1437 2518 donavit
1471 2450 1641 2538 perpetuo
1669 2443 1757 2518 (luas

196 2561 317 2635 foveas
348 2585 411 2636 seo
439 2563 556 2637 alveos
583 2565 683 2656 salis,
720 2559 778 2657 qui
806 2572 889 2639 tunc
923 2563 1068 2656 teritio,
1103 2587 1193 2637 nunc
1220 2587 1303 2638 vero
1331 2585 1456 2662 wyeszc
1481 2565 1641 2657 polonico
1668 2566 1756 2638 illio·

198 2689 290 2755 mate
320 2685 560 2776 appellantur,
596 2693 632 2758 et
659 2709 793 2758 omnem
821 2707 961 2760 censum
987 2691 1024 2758 et
1049 2685 1224 2759 redditum
1260 2687 1520 2777 provenientem
1546 2708 1590 2758 ex
1616 2686 1756 2776 eisdem3

198 2789 261 2876 solo
299 2827 468 2896 processu
503 2811 618 2878 autem
654 2814 848 2898 temporum
880 2815 917 2880 et
942 2806 1098 2897 dierum,
1133 2807 1283 2898 praelati
1318 2807 1387 2880 duo
1423 2805 1514 2879 alvei
1549 2828 1611 2879 seu
1643 2807 1757 2880 fossae

199 2925 345 2999 alienati
373 2949 395 2998 a
421 2929 632 3000 monasterio
664 2931 746 3000 sunt
772 2935 809 3000 et
833 2928 1021 3018 abstracti,
1057 2948 1169 3018 neque
1196 2928 1231 2999 in
1259 2927 1350 3000 hano
1376 2927 1468 3000 diem
1494 2927 1663 3018 restituti,
1691 2927 1756 3000 sub

203 3065 269 3136 qno
297 3055 417 3121 autam
452 3069 542 3122 anno
570 3056 607 3122 et
633 3056 809 3140 tempore,
845 3054 908 3122 aut
934 3070 977 3121 eu
1005 3047 1131 3140 quibus
1167 3048 1281 3121 causis
1307 3048 1343 3121 id
1368 3049 1553 3140 acciderit,
1588 3049 1758 3121 incertum
1793 3087 1797 3097 ·

203 3166 382 3242 habemus.

305 3289 493 3364 Bocnuvn
530 3289 703 3381 oppidum.
743 3289 830 3362 Item
865 3290 1044 3381 praelatus
1087 3289 1338 3391 Boleslaos
1374 3289 1579 3362 Pudicus
1614 3289 1685 3361 dux
1719 3295 1758 3389 et
1790 3309 1831 3363 ,’

203 3411 394 3512 monarcha
421 3411 519 3502 regni
547 3410 712 3484 Pelopiae
739 3418 775 3482 et
803 3411 837 3482 in
865 3409 1065 3484 fundatione
1092 3412 1296 3500 monasterii
1330 3410 1630 3501 Zawichostansis,
1657 3417 1694 3481 et
1720 3411 1756 3482 in

203 3531 432 3603 translatione
459 3532 612 3604 eiusdem
640 3533 788 3604 contulit
814 3531 1002 3604 donatione
1028 3539 1198 3623 perpetua
1215 3537 1353 3604 centnm
1371 3551 1506 3604 marcas
1523 3532 1661 3621 argenti
1679 3532 1759 3622 puri

204 3669 250 3722 ex·
270 3653 401 3744 oppido
429 3653 631 3744 Bochnya,
658 3655 717 3744 qui
744 3674 786 3725 ex
813 3651 1022 3725 salisiodinis
1049 3653 1204 3726 eiusdem
1232 3653 1299 3724 loci
1325 3652 1439 3725 ducali
1465 3653 1550 3724 fiseo
1577 3653 1758 3744 provenie-

204 3771 304 3862 bant;
332 3774 395 3874 sed
422 3781 458 3846 et
480 3775 514 3846 is
541 3795 677 3866 quoque
705 3782 837 3864 census,
865 3793 1030 3863 processo
1053 3775 1231 3866 temporis,
1258 3774 1510 3846 amonasterio
1528 3772 1686 3863 praelato
1704 3779 1758 3844 est
1825 3839 1828 3844 Α

202 3893 402 3967 ·abotractns
428 3902 465 3968 ct
491 3895 673 3968 alienatus.

306 4012 552 4090 Theioneum
581 4011 862 4092 cracovieuae.
892 4016 979 4087 ltem
1007 4015 1097 4087 idam
1126 4013 1346 4086 Boleslaos
1371 4013 1552 4086 Pedicas
1569 4012 1640 4085 don
1657 4015 1759 4105 regni

206 4131 380 4227 Poloniae,
407 4138 442 4208 in
469 4137 671 4209 moratione
689 4143 728 4209 et
743 4137 974 4210 translatione
1001 4137 1202 4208 monasterii
1229 4135 1521 4225 Zaviclroatensis,
1548 4133 1697 4208 contollt
1722 4141 1759 4206 et

199 4251 346 4330 ‘donavit
374 4239 550 4350 perpetuo‘
566 4235 709 4332 censam
737 4265 953 4350 perpetuum,
981 4279 1023 4330 en
1051 4258 1213 4330 theloneo
1240 4257 1462 4330 cracoviensi
1487 4257 1758 4347 provenientem,

212 4395 360 4451 romeam
388 4379 551 4452 videlicet
577 4380 663 4470 aori,
692 4381 751 4471 qui
778 4401 901 4452 census
928 4380 997 4450 iam
1025 4377 1178 4451 abolitos
1203 4385 1241 4450 et
1267 4378 1464 4450 abstractos
1489 4383 1553 4449 est.
1746 4371 1751 4383 ’

308 4499 524 4592 Tuaasznn,
552 4500 717 4592 oppidum
745 4501 826 4573 olim
845 4501 998 4592 episcopi
1017 4500 1258 4572 cracoviensis
1275 4499 1341 4572 init
1367 4504 1404 4571 ct
1420 4498 1620 4571 castellania
1648 4495 1760 4570 Thar-

209 4619 342 4711 szensis,
370 4643 461 4694 nuno
488 4643 580 4712 vero,
608 4601 791 4716 postquam
818 4623 918 4695 iuxta
934 4621 1074 4694 fluvium
1102 4621 1356 4694 vaiszlina
1381 4620 1476 4694 aliod
1495 4619 1658 4711 oppidum
1685 4620 1758 4710 epi-

210 4742 343 4830 scopale
380 4741 675 4815 Bodnanczin
710 4743 859 4816 locatum
887 4749 959 4832 est,
994 4743 1094 4834 villa,
1131 4743 1262 4814 habens
1297 4741 1334 4814 in
1361 4762 1401 4813 ae
1431 4741 1611 4814 ecclesiam
1638 4740 1757 4813 Sancti

115 4903 120 4910 ·
212 4857 360 4952 regim,
397 4863 512 4955 lapide
546 4863 771 4954 fabricatam3
814 4865 912 4937 cuins
947 4865 1144 4956 proprietas
1180 4863 1225 4936 acl
1260 4863 1460 4955 episcopum
1496 4861 1759 4937 cracoviensem

211 4979 422 5074 integraliter
448 4987 608 5075 pertinet.
648 4985 702 5058 Ex
729 4987 794 5059 hac
820 4986 1040 5075 castellania,
1076 5007 1139 5058 seu
1165 4985 1293 5077 oppido
1320 4983 1546 5074 Tharsuensi,
1578 4983 1760 5055 solveban-

211 5102 265 5172 tur
290 5105 462 5196 quondam
489 5107 572 5180 lisco
599 5107 696 5199 regio
725 5128 786 5180 seu
815 5107 928 5179 ducali
955 5107 1073 5179 decem
1100 5113 1239 5180 marcae
1266 5106 1403 5197 argenti
1430 5106 1527 5196 puri,
1563 5105 1656 5176 laonc
1680 5125 1760 5175 ren·
1905 5181 1908 5186 ,

214 5239 282 5294 sum
313 5249 467 5302 annuum
504 5229 752 5302 Bolaslaus
788 5228 990 5301 Pudicns
1027 5229 1125 5320 regni
1157 5227 1322 5330 Poloniae
1349 5227 1420 5299 dun
1446 5233 1483 5298 et
1509 5225 1697 5298 monarcha
1722 5227 1758 5298 in

116 5347 120 5352 '
214 5349 407 5421 coenobium
433 5349 744 5423 sanctimonialium
779 5350 899 5423 Sancti
925 5325 1089 5422 Andre⁸ae
1116 5349 1320 5422 contulerat.
1355 5347 1487 5420 Verum
1506 5345 1759 5419 Venceslana

214 5459 341 5542 Primus
368 5469 533 5544 Poloniae
569 5476 606 5543 et
632 5471 819 5544 Bohemiae
855 5491 917 5542 rex
944 5491 1084 5543 censum
1111 5476 1149 5542 et
1174 5469 1343 5542 tributum
1370 5449 1584 5560 praelatum,
1611 5487 1675 5559 per
1701 5469 1759 5540 lit·

216 5585 300 5660 teris
326 5598 487 5681 patentes
514 5593 648 5683 regias,
685 5613 773 5684 quae
809 5593 843 5665 in
872 5591 1093 5665 cracoviensi
1120 5591 1294 5688 habentur
1320 5591 1476 5680 aerario,
1507 5591 1642 5662 remisit
1668 5609 1759 5662 anno

217 5699 363 5784 Domini.
378 5767 386 5782 .
401 5767 445 5803 ..‚
463 5719 647 5808 postquam
665 5715 701 5785 in
717 5735 833 5806 regem
853 5713 1018 5788 Poloniae
1037 5715 1290 5806 assumptus'et
1303 5718 1488 5786 coronatus
1505 5717 1577 5804 est,
1592 5710 1759 5784 ecclesiae
