4492 6592
508 725 593 838 ‘noa

517 973 686 1061 laborant,
714 972 798 1044 item
824 971 990 1042 tabernae
1018 989 1087 1041 non
1116 975 1205 1059 snut,
1232 990 1302 1041 non
1329 974 1412 1042 sunt
1437 969 1669 1060 bortnlaniae,
1695 970 1778 1041 item
1797 967 1987 1060 praedium
2004 989 2073 1041 noe

516 1093 653 1163 nobiale
679 1113 747 1162 non
775 1097 829 1163 est
855 1091 914 1179 ibi3
943 1092 1026 1161 item
1053 1111 1171 1161 omnes
1199 1093 1274 1181 agri
1302 1089 1406 1162 villae
1424 1090 1566 1164 solvunt
1592 1091 1771 1182 decimam,
1799 1093 1889 1163 item
1919 1089 2073 1164 scoltetla

514 1221 568 1283 est
594 1213 652 1302 ibi,
681 1233 769 1302 qnae
797 1212 903 1283 habet
930 1209 1016 1281 duos
1044 1211 1173 1301 laneos,
1201 1231 1290 1301 qnae
1316 1210 1361 1283 de
1387 1211 1459 1282 suis
1486 1212 1582 1302 agris
1608 1212 1767 1300 decimat
1794 1213 1883 1282 item
1915 1231 1982 1300 pro
2008 1217 2074 1280 sta-

512 1337 607 1404 tione
635 1335 771 1405 abbatis
799 1333 939 1404 solvunt
965 1337 1042 1404 octo
1061 1352 1204 1422 grossos
1231 1352 1296 1422 pro
1315 1332 1486 1422 carnibus,
1514 1339 1550 1404 et
1566 1333 1718 1404 medium
1735 1334 1877 1404 octnale
1897 1332 2073 1420 cervisiae,

513 1459 595 1526 item
624 1476 742 1527 omnes
769 1455 861 1524 lanei
899 1453 1037 1527 solvunt
1072 1453 1251 1524 decimam.
1295 1452 1457 1526 00an
1484 1473 1561 1526 cum
1587 1454 1840 1544 Brzostelr,
1884 1453 2074 1524 Janusz·

513 1578 736 1666 kowicze,
764 1575 1089 1665 Sumerszowa,
1116 1574 1442 1666 Kamyenicza

616 1697 829 1786 Kanozezu,
866 1696 948 1768 villa
975 1697 1106 1768 habens
1133 1697 1170 1766 in
1197 1717 1236 1768 se
1263 1696 1495 1787 parochialem
1532 1695 1712 1778 ecclesiam
1739 1694 1860 1767 Sancti
1890 1694 2073 1784 leonardi,

514 1820 691 1890 matricem
719 1817 832 1908 illius,
873 1839 961 1907 qnae
989 1819 1104 1888 estin
1133 1818 1420 1908 Brzostbek,
1448 1823 1484 1888 et
1510 1825 1660 1908 utraque
1686 1838 1791 1890 unum
1818 1817 1934 1889 babet
1961 1815 2074 1906 pleba—

513 1941 670 2011 num.-In
700 1961 767 2029 qua
794 1946 875 2010 sunt
903 1946 1052 2029 quatuor
1088 1939 1180 2009 lanei
1207 1939 1444 2010 cmetbonales
1471 1939 1507 2010 iu
1534 1960 1577 2009 ea
1603 1945 1723 2028 parte,
1758 1940 1795 2010 in
1822 1959 1897 2029 qua
1927 1938 1999 2008 sita
2022 1943 2073 2008 est

393 2141 398 2146 ,
461 2101 469 2118 2
514 2062 668 2150 ecclesia,
696 2066 731 2131 et
757 2059 862 2132 solvit
883 2059 1035 2150 quilibet
1050 2115 1218 2149 .......
1246 2061 1327 2132 item
1355 2081 1431 2151 ora,
1458 2060 1541 2131 item
1567 2059 1690 2150 gallos,
1718 2061 1801 2132 item
1827 2079 1967 2147 caseos,
1995 2059 2072 2128 iteu

513 2184 669 2272 taberna,
697 2183 779 2253 item
807 2181 974 2270 plebanus
1002 2181 1107 2253 babet
1134 2183 1183 2252 ibi
1209 2182 1371 2272 proprios
1398 2203 1503 2272 agros
1536 2181 1740 2272 praedIales.
1785 2182 1876 2252 Item
1906 2180 1955 2250 de
1982 2180 2071 2269 angs

510 2285 679 2392 ¹praefatis
706 2303 853 2377 solvitur
888 2302 1021 2372 decima
1057 2303 1248 2391 pecunIalis
1274 2303 1487 2374 monasterio
1514 2301 1740 2392 Thynciensi,
1775 2303 1861 2374 item
1890 2300 2071 2391 praedira

513 2424 711 2495 coenobiale
730 2444 798 2495 non
817 2427 871 2494 est
888 2424 924 2494 ln
943 2422 1063 2493 eadem
1092 2423 1183 2512 villa,
1210 2424 1295 2494 item
1321 2425 1469 2496 taberna
1486 2443 1556 2514 una
1573 2424 1775 2494 monasterii
1801 2422 1945 2494 babens
1962 2439 2070 2511 agros,

512 2551 546 2616 et
573 2545 678 2616 solvit
705 2545 916 2616 monasterio
945 2565 1008 2633 pro
1036 2565 1141 2616 censu
1160 2599 1276 2615 .....
1312 2544 1399 2616 Item
1426 2545 1462 2616 in
1489 2545 1603 2617 altera
1628 2551 1729 2635 parte
1755 2543 1862 2616 villae
1890 2549 1980 2630 snpt
2004 2541 2068 2614 duo

512 2667 655 2754 praedis
691 2667 855 2737 militarIa
892 2665 1193 2770 Ozurilo-num
1233 2665 1277 2737 de
1313 2665 1717 2757 armisliorczalry3
1756 2672 1839 2738 sunt
1877 2653 1990 2736 etiam
2024 2664 2068 2734 ibi

511 2789 710 2860 cmetbones
737 2787 781 2858 ad
808 2785 1006 2876 praedictos
1033 2785 1161 2858 mssites
1188 2787 1422 2877 pertinentes,
1462 2793 1498 2858 et
1526 2794 1598 2859 tam
1630 2787 1759 2858 milites
1785 2807 1891 2877 qaam
1921 2784 2069 2856 cmetbe

511 2931 572 2980 nes
600 2924 719 2980 eorum
755 2909 929 2980 decimant
965 2907 1132 2978 ecclesiae
1160 2909 1195 2978 in
1221 2907 1448 2978 Kleczcze
1484 2907 1662 2997 decimam,
1699 2907 1759 2978 sed
1795 2909 1889 2978 banc
1926 2913 2066 2997 partem,

456 3063 463 3078 ·
511 3051 600 3100 anno
633 3029 730 3100 1370
758 3034 894 3100 mortuo
931 3026 1163 3098 Oasimiro
1199 3027 1408 3100 Secundo
1444 3027 1608 3100 PolonIae
1635 3047 1719 3117 rege
1753 3028 1908 3119 praefati
1942 3025 2063 3098 milites

511 3156 546 3220 et
572 3171 690 3220 eorum
718 3157 880 3239 parentes
908 3147 1080 3220 violenter
1105 3150 1318 3220 monasterio
1345 3149 1586 3237 abstulerunt,
1604 3154 1640 3220 et
1666 3148 1824 3221 detinent
1850 3149 1986 3220 iniuste
2011 3165 2063 3218 oc·

511 3277 682 3359 cupatam.
710 3269 870 3340 Confluat
896 3289 974 3340 cum
1001 3267 1292 3358 Blaszlroua,
1328 3269 1616 3358 Dambrowa,
1654 3266 1893 3360 Gogolow,
1934 3267 2063 3340 Brzo
2136 3301 2141 3314 ·

491 3390 672 3488 sthek,
699 3389 866 3480 Wolya.
1423 3461 1428 3467 ,

615 3511 822 3599 anrsznn,
851 3509 932 3582 villa
959 3512 994 3581 ln
1022 3529 1091 3601 qna
1117 3518 1173 3582 est
1199 3511 1345 3583 ecelesia
1372 3511 1581 3602 parochialis
1607 3512 1733 3602 lignes,
1761 3511 1915 3582 Sanctae
1932 3507 2062 3580 Mariae

509 3632 738 3722 Magdalenae
774 3632 904 3720 dicata,
940 3631 1037 3703 coins
1072 3634 1270 3722 proprietas
1305 3633 1457 3722 pertinet
1488 3633 1533 3704 ad
1560 3635 1807 3704 monasterium
1829 3629 2055 3702 'I'bincieuse

507 3755 547 3824 In
576 3775 644 3844 qna
671 3760 751 3824 sunt
777 3753 869 3824 lanei
887 3753 1131 3844 cmetbonales,
1157 3759 1193 3824 et
1218 3753 1323 3826 solvit
1349 3753 1494 3845 quilibet
1512 3774 1576 3843 pro
1594 3773 1746 3826 ceusn.....
1772 3755 1808 3824 in
1827 3773 1965 3824 summa
1982 3769 2057 3841 pre

469 3891 472 3898 '
510 3877 651 3948 veniunt
677 3883 749 3946 tres
776 3893 913 3946 marcae
940 3877 976 3946 et
1003 3883 1081 3946 octo
1107 3877 1240 3966 grossi,
1276 3876 1389 3946 miuus
1416 3875 1551 3948 duobus
1578 3875 1848 3966 quadrantibus,
1885 3875 1973 3946 item
1998 3891 2058 3942 ora

508 3998 664 4086 trigInta,
691 3997 774 4068 item
801 3995 913 4086 gallos
940 3996 1036 4086 duos,
1064 3995 1148 4066 item
1175 4015 1295 4069 caseos
1313 3995 1411 4085 dnos;
1434 3997 1520 4068 item
1547 3996 1709 4068 laborant
1734 3983 1894 4090 derisni,
1923 3991 2055 4079 maudo

509 4119 727 4208 seminando,
766 4139 870 4206 agros
897 4116 1075 4206 metendo,
1112 4116 1334 4188 conducendo
1368 4100 1562 4207 bumenta3
1597 4118 1681 4188 item
1707 4136 1887 4212 mamam
1914 4116 2056 4200 solvunt

508 4261 611 4312 unum
640 4241 829 4327 fertonem,
866 4255 928 4327 pro
956 4236 1103 4332 obpedne
1130 4237 1277 4310 mediam
1313 4257 1463 4310 maroam
1498 4240 1717 4328 cmetbones,
1753 4238 1921 4321 scoltetns
1958 4253 2052 4308 uuum

507 4362 696 4448 fertonem3
733 4361 816 4430 item
845 4379 913 4429 nna
936 4361 1085 4430 taberna
1112 4361 1316 4432 monasterii
1352 4361 1485 4434 babens
1512 4381 1633 4452 agros,
1670 4366 1707 4432 et
1733 4361 1838 4437 solvit
1864 4381 1931 4450 pro
1957 4373 2052 4430 censa

508 4483 719 4552 monasterio
746 4488 819 4552 tres
847 4501 1000 4569 morcas;
1035 4481 1147 4552 altera
1172 4481 1327 4571 scolteti,
1363 4489 1399 4552 et
1426 4489 1574 4573 utraque
1609 4481 1775 4554 deciduam
1807 4481 2049 4571 manipularem

509 4604 613 4674 solvit
646 4603 793 4692 plebano
822 4603 856 4671 in
884 4601 1132 4692 Brzysulra
1172 4601 1259 4673 Item
1287 4603 1506 4674 bortnlauIae
1538 4623 1660 4675 noveru
1688 4604 1856 4674 babentes
1878 4602 2051 4692 egrossi

507 4725 611 4796 solvit
652 4723 826 4813 quaelibet
865 4743 970 4792 unum
1005 4725 1147 4794 chorum
1175 4723 1322 4812 siliginis
1349 4731 1386 4795 et
1412 4724 1498 4795 duas
1524 4721 1624 4794 bicos
1641 4725 1764 4814 canapi
1791 4724 1870 4813 puri
1898 4723 2048 4813 plebano.

507 4846 595 4916 Item
636 4852 690 4920 est
730 4844 777 4914 ibi
805 4843 965 4914 scoltetIa
1000 4845 1132 4915 habeus
1167 4845 1285 4916 laneos
1316 4845 1404 4917 dnos
1430 4853 1467 4916 et
1492 4846 1659 4916 decimam
1695 4845 1799 4916 solvit
1838 4843 1883 4915 de
1911 4850 2048 4930 utroque

507 4988 570 5057 per
597 4966 766 5036 fertonem
794 4964 961 5035 ecclesIse
989 4965 1023 5034 io
1060 4965 1280 5055 Brzyska.
1325 4966 1412 5038 Item
1439 4966 1483 5038 de
1510 4987 1615 5038 censu
1643 4966 1746 5046 villae
1773 4965 1867 5036 tollit
1894 4965 2048 5036 scoltetus

507 5088 655 5184 mediam
683 5107 833 5158 maroam
860 5107 924 5177 pro
952 5104 1015 5156 sua
1041 5088 1151 5176 pa'rte.
1178 5087 1266 5158 Item
1283 5093 1338 5158 est
1356 5088 1405 5158 ibi
1423 5071 1655 5158 molendinum
1675 5089 1711 5157 in
1729 5086 1868 5157 flumine
1896 5082 2047 5156 Wisle

507 5211 561 5280 ka
588 5209 801 5299 monasterii,
828 5208 870 5278 de
898 5229 966 5298 qno
995 5207 1177 5279 solvuntur
1202 5215 1379 5280 metretae.
1423 5209 1511 5280 Item
1539 5229 1659 5290 omnes
1685 5209 1762 5297 agri
1789 5208 1893 5278 villae
1920 5207 2046 5278 solvunt

507 5331 672 5402 decimam
700 5351 764 5420 pro
791 5331 937 5420 plebano
966 5330 1000 5400 in
1028 5329 1114 5400 Brz
1125 5330 1287 5418 yszlra,
1321 5330 1383 5400 sed
1411 5330 1526 5419 varie,
1562 5349 1642 5400 nam
1669 5329 1776 5418 aliqui
1811 5329 1889 5417 agri
1921 5327 2046 5400 solvunt

507 5451 700 5541 manipulo,
727 5457 763 5522 et
791 5451 888 5522 valor
915 5451 958 5524 ad
985 5457 1057 5522 tres
1085 5471 1237 5540 marcas,
1272 5451 1332 5522 alii
1359 5451 1506 5541 pecnnia
1532 5471 1595 5540 per
1620 5449 1810 5538 fertonem,
1845 5448 1945 5521 valor
1970 5447 2045 5518 duae

506 5593 642 5644 marcae
669 5593 730 5642 sex
757 5549 887 5662 grossi,
924 5573 984 5644 alii
1010 5593 1139 5662 grano,
1175 5593 1281 5643 nuum
1308 5573 1451 5644 eborum
1477 5571 1625 5661 siligiuis
1652 5591 1758 5642 unum
1784 5589 1927 5642 arenae.
1970 5567 2043 5638 len

506 5697 561 5762 est
586 5693 635 5762 ibi
661 5693 841 5783 praedium
869 5693 1076 5782 coenobiale,
1104 5693 1148 5764 de
1166 5694 1264 5764 cuius
1282 5694 1376 5784 agris
1403 5693 1551 5764 solvitur
1578 5692 1712 5763 decima
1737 5689 1967 5795 manipularis
1989 5703 2043 5778 pro
