4492 6592
481 729 530 799 84

583 933 844 1022 Juuusszow's,
872 931 955 1004 villa
982 931 1047 1004 sub
1074 931 1240 1022 parochia
1265 931 1309 1002 de
1335 904 1462 1003 Nora
1487 930 1695 1004 Saudecz
1722 931 1798 1021 sita,
1826 931 1924 1002 cuius
1949 951 2033 1020 pro-

428 1133 432 1140 ,
478 1055 608 1146 prietes
636 1054 680 1125 ad
707 1054 954 1125 monasterium
984 1051 1238 1156 Sandeczense'
1256 1053 1420 1143 pertinet.
1459 1055 1500 1126 ln
1527 1076 1597 1145 qna
1623 1061 1705 1126 snut
1732 1054 1910 1126 duodecim
1939 1052 2033 1146 lanei

478 1175 721 1264 emethonales,
750 1181 799 1246 et·
813 1174 958 1265 quilibet
984 1174 1089 1246 solvit
1114 1195 1179 1264 pro
1206 1194 1313 1246 censu
1331 1229 1444 1265 .....
1471 1176 1553 1246 item
1581 1197 1656 1267 ora,
1684 1177 1767 1248 item
1794 1166 1918 1265 gallos,
1945 1175 2032 1244 item
2078 1197 2082 1200 ·

478 1317 608 1390 caseos
634 1297 717 1366 item
744 1296 853 1387 labor,
880 1297 969 1366 item
991 1317 1117 1390 oaeycp.
1145 1295 1234 1366 Item
1260 1296 1427 1366 tabernae
1454 1271 1522 1367 non
1542 1302 1635 1386 sunt,
1662 1317 1775 1386 neque
1800 1295 2034 1381 hortulaniae,

476 1440 588 1509 neque
615 1418 858 1490 molendinum.
885 1418 973 1488 Item
1001 1404 1179 1506 praedium
1208 1439 1276 1487 non
1304 1423 1368 1488 est.
1394 1417 1481 1488 item
1508 1424 1590 1508 post
1607 1439 1726 1490 omnes
1753 1439 1856 1508 agros
1884 1417 2035 1488 solvitur

477 1547 513 1610 et
539 1541 745 1612 conducitur
781 1541 914 1610 decima
948 1539 1174 1628 manipularis
1201 1544 1237 1608 et
1263 1539 1438 1628 canapalis
1474 1538 1689 1629 episcopatui
1717 1538 1960 1627 Cracovieusi,
1996 1543 2037 1608 et

478 1663 576 1732 valor
603 1663 677 1733 eius
705 1662 911 1732 aestimatur
937 1657 981 1731 ad
1008 1659 1189 1732 duodecim
1218 1680 1363 1732 marcas.

1111 2149 1115 2154 ,
1136 2057 1376 2144 BUSZKO.

484 2287 750 2367 &cundum
785 2290 1087 2412 monasterium
1121 2289 1161 2367 in
1196 2287 1336 2367 Busko
1369 2288 1534 2381 ordinis¹
1562 2231 2010 2392 praemonstratensis.

442 2533 448 2540 ’
581 2507 744 2580 Vittus
772 2508 814 2579 de
842 2507 1008 2583 Obotel
1029 2476 1191 2598 militari,
1218 2509 1400 2598 episcopus
1418 2507 1627 2598 Ploczensis,
1653 2515 1690 2579 et
1716 2509 1776 2600 qui
1803 2508 1942 2598 Lupo
1957 2510 2035 2598 epi·

477 2651 580 2720 scopo
610 2629 788 2700 Ploczensi
816 2629 966 2700 obeunte
995 2631 1029 2700 in
1057 2628 1278 2700 Ploczensem
1306 2629 1421 2700 sedem
1449 2631 1615 2700 canonice
1641 2651 1732 2702 anno
1759 2629 1897 2700 Domini
1929 2631 2045 2727 1179·
2152 2635 2163 2680 1

476 2759 708 2842 successerat,
750 2753 803 2824 vir
830 2751 955 2823 nobilis
983 2773 1025 2822 ex
1054 2751 1203 2821 dioecesi
1230 2749 1451 2822 Oracoviensi
1478 2757 1514 2822 et
1540 2751 1721 2841 provincia
1745 2749 2032 2839 Sandomiriensi,
2155 2757 2163 2802 ἓ

476 2893 518 2942 ex
547 2875 623 2943 vico
652 2871 819 2944 Chotel
846 2872 1057 2942 Militari
1094 2892 1203 2961 prope
1229 2871 1393 2962 oppidum
1428 2871 1581 2942 anko
1608 2873 1768 2962 sito,·et
1792 2893 1836 2943 ex
1863 2872 1964 2943 domo
1994 2878 2033 2942 et

476 2992 677 3082 nobilitate,
714 3014 802 3084 quae
830 3015 866 3064 se
894 2992 915 3064 J
926 2993 1107 3064 aninam
1144 2993 1317 3083 appellat,
1355 2999 1392 3063 et
1418 3015 1482 3083 pro
1509 2993 1641 3092 insigni
1663 2993 1819 3083 clypeum
1843 2993 1963 3065 'album
1992 2995 2031 3064 in
2154 3016 2160 3046 τ

476 3135 596 3204 campo
624 3115 732 3185 rubeo
760 3121 896 3203 portat,
927 3103 1119 3203 oriundus,
1157 3114 1325 3203 singulari
1361 3135 1479 3185 amore
1506 3121 1543 3185 et
1569 3114 1754 3186 devotione
1790 3116 1826 3184 in
1853 3114 1964 3185 Deum
1992 3122 2032 3185 et

475 3235 678 3323 religionem
714 3235 885 3325 fidemque
913 3235 986 3305 eius
1021 3234 1165 3323 ardens,
1201 3233 1245 3304 ad
1272 3235 1475 3325 religionem
1512 3236 1655 3324 insuper
1681 3242 1718 3306 et
1744 3235 1900 3312 ordinem
1926 3256 2032 3328 prae·
2153 3262 2157 3271 ·

478 3362 776 3445 monstratensem,
804 3356 900 3427 cuius
928 3363 1011 3426 tunc
1038 3356 1184 3426 celebris
1210 3357 1378 3427 memoria
1398 3363 1436 3427 et
1452 3357 1568 3428 cultus
1594 3357 1630 3429 iu
1658 3357 1742 3426 orbe
1768 3357 1939 3427 catholico
1966 3357 2032 3427 ba·
2151 3351 2163 3417 ί

475 3476 633 3566 bebatur,
662 3477 844 3567 specialem
873 3477 1005 3549 habens
1025 3477 1194 3565 affectum,
1222 3477 1298 3547 loca
1324 3478 1399 3548 eius
1425 3484 1462 3547 et
1488 3477 1644 3548 ordinem
1672 3479 1707 3548 in
1735 3498 1843 3568 regno
1862 3477 2031 3549 Poloniae
2156 3497 2163 3529 ·⁴

476 3598 780 3688 multiplicaturus,
808 3599 879 3668 tria
905 3598 1116 3668 monasteria
1143 3597 1275 3679 ordinis
1302 3597 1449 3688 praefati
1476 3578 1828 3688 praemonstratensis
1856 3601 1891 3670 in
1919 3619 2030 3690 regno
2152 3623 2163 3662 u

475 3719 658 3808 Poloniae,
686 3720 755 3791 duo
785 3720 973 3810 virginum,
1000 3721 1143 3791 tertium
1170 3741 1253 3792 vero
1281 3721 1453 3810 virorum,
1481 3720 1516 3790 in
1543 3721 1656 3792 tribus
1683 3721 1908 3810 dioecesibus,
1936 3719 2032 3792 Gne-
2151 3714 2154 3745 ³

339 3882 341 3902 t
475 3843 600 3930 snensi,
627 3840 848 3912 Oracoviensi
876 3847 911 3912 et
938 3841 1130 3931 Ploczensi,
1158 3863 1234 3913 cnm
1261 3840 1370 3913 fratre
1397 3863 1460 3913 suo
1486 3863 1653 3931 germano
1680 3836 1882 3921 Derslao
1909 3843 2030 3931 milite,

390 3953 394 3958 ’
450 3963 623 4033 baerede
642 3964 676 4033 in
706 3963 887 4033 Buszko
914 3969 950 4033 et
977 3963 1129 4053 palatino
1148 3963 1420 4035 Sandomiriensi
1438 3961 1569 4053 fundat,
1597 3963 1758 4038 videlicet
1781 3965 1815 4034 in
1844 3963 2029 4034 Vithow

474 4106 582 4174 prope
610 4084 955 4176 Pyotrkowiam
984 4085 1158 4176 oppidum,
1187 4107 1375 4175 cognomen
1403 4085 1616 4155 monasterio
1643 4106 1685 4155 ex
1714 4107 1777 4157 suo
1800 4086 2030 4156 nomineim-
2151 4111 2163 4156 a

343 4261 345 4264 .
474 4227 605 4295 ponens
633 4207 827 4278 Vitlrov:
855 4207 938 4276 item
958 4207 993 4276 in
1022 4206 1225 4295 Buszko;
1252 4209 1337 4277 item
1355 4207 1391 4276 iu
1418 4205 1667 4295 Ploczslro,
1694 4207 1845 4278 dotando
1869 4205 2028 4296 praelata
2151 4241 2154 4248 ·

473 4329 543 4397 tria
570 4329 781 4397 monasteria
808 4327 1083 4398 haereditatibus
1110 4334 1147 4398 et
1173 4329 1265 4399 villis
1292 4334 1329 4398 et
1355 4329 1508 4417 praediis
1536 4329 1742 4418 insignibus,
1771 4329 1814 4399 sd
1841 4350 1878 4402 se
1905 4329 2030 4399 baere—
2152 4333 2158 4400 ὲ

474 4449 598 4520 ditario
635 4451 710 4519 iure
738 4471 779 4520 ex
807 4449 1022 4520 successione
1058 4455 1205 4538 paterna
1231 4449 1420 4540 devolutis,
1461 4471 1550 4540 quae
1577 4450 1693 4521 omnia
1718 4451 1789 4520 tria
1815 4451 2028 4521 monasteria
2152 4483 2162 4526 a

474 4563 576 4640 ctiam
606 4571 641 4641 in
669 4571 758 4640 diem
787 4571 876 4640 hanc
903 4576 1042 4660 extant,
1069 4572 1238 4642 testantia
1265 4573 1418 4642 virorum
1446 4571 1747 4656 celeberrimorum
1776 4580 1814 4642 et
1839 4573 2028 4661 insignium

474 4711 570 4780 opus
599 4689 763 4762 Trinitati
789 4691 991 4762 benedictae
1018 4691 1180 4781 dicatum,
1207 4691 1439 4782 memorabile,
1466 4693 1729 4764 celeberrimum
1756 4699 1793 4764 et
1819 4693 1967 4782 insigne3
1994 4697 2030 4763 et

473 4813 515 4884 de
543 4813 677 4884 duobus
705 4813 843 4903 quidem
879 4814 1100 4886 monasteriis
1127 4831 1158 4884 a·
1176 4813 1354 4904 praedicto
1395 4813 1471 4885 viro
1507 4813 1600 4884 felici
1636 4820 1672 4884 et
1699 4815 1822 4904 beato,
1858 4819 1893 4884 et
1918 4813 2029 4884 fratre
2152 4826 2155 4831 ’

472 4955 534 5007 suo
561 4935 761 5006 Derslao
798 4935 951 5025 palatino
979 4935 1252 5006 Sandomiriensi
1288 4933 1462 5026 fundatis,
1500 4957 1647 5026 quornm
1681 4935 1831 5006 alterum
1863 4933 2028 5006 videlicet

340 5069 342 5077 ’
471 5058 507 5127 in
535 5055 853 5128 Vitbowabbas
881 5042 1165 5147 cumfratribus,
1207 5056 1353 5127 alterum
1381 5049 2027 5146 inPloczslro-praeposituscnm
2153 5104 2156 5111 -

470 5179 655 5271 fratribus,
692 5185 727 5250 et
754 5178 931 5250 abbatissa
958 5198 1035 5249 cum
1063 5178 1271 5249 monialibus
1298 5199 1362 5268 pro
1389 5185 1546 5268 tempore
1573 5178 1839 5268 administrant,
1875 5184 2029 5251 nonest
2160 5162 2163 5167 ¹

471 5303 685 5392 propositum
723 5322 836 5372 meum
871 5299 985 5370 lacere
1021 5300 1171 5390 aliquam
1199 5300 1485 5390 descriptionem,
1521 5301 1700 5371 habebunt
1730 5299 1875 5370 forsitan
1903 5305 1940 5369 et
1967 5299 2030 5369 illa
2152 5344 2163 5395 5,

472 5423 677 5512 quandoque
705 5445 785 5494 suos
813 5424 1057 5514 descriptores,
1085 5423 1146 5493 sed
1173 5422 1413 5494 tantummodo
1441 5421 1484 5492 de
1510 5421 1722 5514 monasterio
1747 5422 1853 5492 tertio
1882 5421 1917 5491 in
1946 5420 2027 5491 Bu·
2160 5481 2163 5516 3

472 5545 580 5616 szko
608 5541 849 5617 Oracoviensis
876 5533 1055 5633 dioecesis,
1082 5546 1117 5615 in
1146 5566 1215 5635 qna
1241 5566 1359 5616 curam
1386 5545 1431 5615 ad
1449 5543 1714 5615 describendum
1741 5543 1879 5633 singula
1905 5565 2026 5614 mons·
2154 5595 2156 5599 ,

471 5667 579 5737 steria
604 5673 676 5736 tam
703 5667 840 5755 dotata,
868 5689 971 5757 quam
986 5687 1040 5776 ex
1069 5669 1159 5756 stipe
1186 5665 1427 5737 tantummodo
1454 5666 1628 5755 viventia,
1655 5667 1878 5756 suscepimus,
1906 5670 1943 5735 et
1969 5667 2027 5736 cni
2152 5691 2155 5700 ·
