4492 6592
1675 785 1746 856 187

201 969 445 1056 monasterium
471 983 704 1057 ¹Tbineaiense·
726 986 889 1089 pertinet
917 986 956 1058 In
984 1007 1052 1077 qua
1080 995 1161 1060 sunt
1188 988 1313 1078 uiginti
1340 988 1431 1060 lanei
1449 990 1694 1078 earetbonoles,
1712 995 1749 1061 et

202 1103 342 1195 quilibet
370 1105 476 1177 solvit
511 1125 575 1194 pro
603 1123 706 1176 oensu
732 1106 882 1176 mediani
917 1125 1067 1178 maroam
1103 1109 1250 1181 latorum
1286 1127 1488 1198 grunsorum
1514 1108 1750 1200 Pragensium‚

202 1228 278 1296 item
314 1245 385 1296 ova
421 1225 616 1316 duodecim,
642 1227 724 1296 item
760 1227 871 1316 gallos
899 1233 1063 1317 quatuor,
1091 1229 1174 1299 item
1188 1229 1319 1301 oaseos'
1346 1229 1451 1321 duos,
1479 1232 1563 1302 item
1588 1231 1749 1302 laborant

201 1344 355 1440 irorzpnp
383 1347 419 1417 iu
447 1345 670 1438 Pyeliary,
697 1353 734 1418 et
760 1353 924 1419 tenentur
942 1369 1051 1439 arare,
1070 1350 1251 1439 seminare,
1269 1358 1409 1440 metere,
1428 1350 1640 1441 conduoera3
1666 1352 1749 1422 item

198 1463 377 1560 ponebam
403 1467 564 1539 laborare
591 1487 658 1539 non
685 1472 868 1556 tenentum
895 1455 978 1540 item
1005 1491 1142 1564 oaszyep
1169 1471 1307 1542 solvunt
1325 1469 1414 1542 duas
1432 1489 1612 1542 mensuras
1631 1472 1750 1561 tritici,

201 1587 281 1657 duas
308 1587 468 1678 siliginis,
493 1587 584 1658 duas
608 1607 745 1660 avenae.
773 1589 861 1660 item
887 1591 1034 1660 taberna
1061 1611 1130 1660 una
1157 1573 1289 1662 habeus
1316 1612 1429 1680 agros,
1456 1598 1494 1662 et
1520 1587 1626 1664 soluit
1646 1593 1747 1683 quin·
1806 1674 1811 1679 ,

203 1728 264 1798 que
290 1727 446 1798 mareas,
473 1709 585 1780 altera
611 1710 742 1780 babens
770 1729 873 1799 agros
901 1711 1005 1781 solvit
1025 1711 1117 1780 *duas
1144 1723 1298 1800 maroas3
1324 1713 1408 1783 item
1435 1713 1656 1784 bonulaniae
1680 1733 1749 1784 non
1813 1705 1819 1716 '

203 1834 286 1919 suut,
312 1829 400 1901 item
426 1829 605 1920 praedium
630 1831 833 1904 eoenobiale
860 1852 928 1902 nou
956 1837 1017 1902 est.
1044 1832 1132 1902 item
1151 1853 1270 1905 omnes
1288 1835 1364 1922 agri
1382 1834 1484 1905 villae
1501 1835 1642 1906 solvunt
1660 1835 1752 1906 daei-

201 1969 285 2021 mam
312 1951 566 2040 manipularem
592 1957 629 2023 et
654 1952 864 2042 oauapalem,
891 1959 928 2024 et
953 1952 1150 2024 aonduonnt
1170 1972 1245 2024 eam
1264 1974 1412 2044 ganum
1431 1955 1751 2045 nordemanne

203 2071 283 2142 duas
309 2089 491 2143 mensuras
517 2072 644 2162 tritici,
672 2073 757 2143 duas
785 2093 931 2163 avenae,
958 2074 1045 2144 duas
1073 2075 1230 2163 siliginis.
1256 2075 1345 2145 Item
1371 2075 1517 2164 triginta
1543 2077 1751 2166 ametimos,

204 2197 237 2262 et
262 2192 411 2282 quilibet
438 2193 499 2263 dat
525 2210 589 2282 pro
615 2199 759 2282 pastura
785 2195 821 2263 in
849 2194 942 2283 agris
969 2193 1186 2284 Praelogi
1211 2194 1301 2266 dnos
1328 2196 1453 2266 eboros
1480 2215 1621 2267 avenae.
1662 2197 1750 2267 Item

132 2358 134 2362 -
204 2333 262 2402 pro
288 2312 439 2403 plebano
466 2313 502 2384 in
529 2313 710 2404 Lyszky
738 2324 875 2410 oaazy'op
902 2315 1051 2404 solvunt,
1078 2335 1182 2386 unam
1209 2333 1406 2387 mensnram
1424 2317 1572 2406 siliginis
1589 2323 1626 2388 et
1643 2335 1748 2388 anam

204 2453 336 2506 arenae.
364 2434 453 2505 Item
482 2434 627 2524 singulis
649 2435 753 2505 annis
780 2435 920 2506 solvunt
945 2453 1083 2506 vacuam
1112 2455 1176 2526 pro
1203 2437 1422 2527 monasterio,
1439 2443 1476 2508 et
1493 2459 1672 2532 manem
1687 2457 1750 2528 per

205 2555 349 2627 medium
376 2575 537 2648 moseum
575 2575 640 2644 pro
669 2556 787 2644 ¹tribus
814 2557 951 2627 indiciis
978 2557 1122 2646 magnis.
1157 2558 1245 2628 Item
1273 2564 1355 2629 sunt
1380 2559 1430 2630 ibi
1454 2563 1530 2629 tres
1556 2557 1648 2629 laaei
1674 2578 1751 2628 mm

106 2781 107 2784 Ἴ
205 2675 313 2747 medio
340 2675 587 2774 advocatinles,
615 2677 822 2766 etquilibet
840 2676 902 2776 dat
928 2677 1014 2748 duas
1040 2696 1220 2748 mensuras
1246 2697 1376 2749 avenae
1402 2683 1439 2749 et
1465 2699 1568 2750 uuam
1595 2679 1751 2770 siliginis,
1888 2708 1892 2719 ¹

205 2801 330 2867 etorto
349 2799 492 2868 scottos.
519 2793 680 2868 Gonlinat
709 2817 785 2868 eum
812 2795 1050 2888 Przegina,
1078 2797 1244 2888 Ribna,
1269 2797 1471 2888 Gaulow,
1498 2798 1753 2890 Ozul‘owelq
1833 2778 1836 2791 ¹

207 2916 385 3008 Lyszky
412 2923 449 2988 et
474 2916 683 2989 Mnikow.
1536 2924 1540 2930 ’

298 3025 462 3118 Ozuuo'w
488 3037 642 3126 Maean,
668 3037 752 3109 uilla
778 3039 842 3110 aab
869 3039 1034 3128 parocbia
1060 3039 1103 3110 de
1130 3037 1289 3129 Rybna
1315 3040 1401 3129 sita,
1428 3041 1525 3112 ouius
1551 3041 1748 3132 proprietas

106 3193 107 3198 =
206 3157 246 3227 ad
278 3157 531 3229 monasterium
566 3157 791 3229 Thineziense
826 3159 986 3249 pertinet:
1027 3159 1067 3229 In
1095 3179 1163 3249 qua
1189 3166 1272 3230 sunt
1297 3160 1470 3231 sexdecim
1496 3160 1589 3232 lanei
1615 3167 1652 3232 et
1677 3167 1750 3232 tres

106 3314 107 3318 ¹
208 3283 355 3368 quartae,
383 3284 419 3348 et
446 3278 593 3368 quilibet
618 3299 683 3369 pro
700 3299 806 3352 oensn
825 3279 929 3359 solvit
947 3285 1078 3378 scottos
1096 3285 1186 3370 octo,
1203 3281 1287 3352 item
1304 3301 1372 3352 ova
1388 3281 1522 3371 viginti,
1539 3283 1625 3352 item
1641 3282 1752 3372 gallos

106 3459 107 3472 r
210 3399 372 3489 quinque,
400 3401 483 3470 item
517 3417 636 3471 caseos
671 3400 777 3490 duos,
805 3402 888 3472 item
915 3401 1077 3472 laborant
1113 3400 1200 3476 dnos
1227 3394 1302 3472 dies
1329 3403 1364 3472 in
1392 3403 1586 3492 septimana
1612 3405 1754 3493 proprio
1832 3430 1836 3437 ¹

106 3571 107 3576 ,
209 3537 306 3590 curru
332 3526 397 3608 aut
423 3525 558 3610 aratro,
586 3521 669 3593 ibenn
694 3519 873 3614 poanbbooa
904 3526 1069 3593 tenentur
1103 3520 1217 3592 faeere
1253 3528 1289 3592 et
1323 3523 1481 3613 explere,
1507 3529 1565 3594 ter
1580 3525 1627 3615 xin
1653 3544 1754 3613 anno,

106 3645 107 3672 ³
211 3639 313 3711 solum
348 3640 396 3711 ad
430 3641 551 3730 boram
587 3641 743 3731 prandii,
779 3643 867 3734 item,
896 3661 1034 3737 oaazpep
1068 3663 1138 3713 non
1164 3643 1321 3733 solvant,
1347 3643 1431 3713 item
1456 3643 1625 3725 tabernae
1663 3644 1752 3715 duae
1856 3661 1860 3667 ·

106 3813 107 3824 ,
211 3761 371 3833 babentes
399 3782 512 3852 agros,
539 3781 608 3833 uua
635 3762 739 3834 solvit
763 3762 852 3834 'duos
879 3761 1041 3855 fertones,
1069 3764 1181 3834 altera
1206 3763 1294 3834 duas
1320 3783 1464 3857 mareas,
1492 3765 1574 3835 item
1597 3764 1754 3836 hortula-

106 3868 108 3880 ’
212 3883 287 3953 niae
309 3885 471 3974 quinque,
499 3883 674 3974 quaelibet
700 3883 804 3956 solvit
830 3891 978 3974 quatuor
1003 3872 1154 3974 grossos¹
1172 3890 1209 3955 et
1225 3884 1340 3954 deoem
1360 3905 1443 3973 oua3
1474 3886 1556 3956 item
1575 3885 1753 3975 praedium

213 4001 405 4094 coenobiale
432 4009 486 4076 est
511 4005 578 4094 ibi,
606 4005 649 4076 de
672 4005 775 4076 onius
812 4006 905 4095 agris
932 4006 1178 4082 monasterium
1206 4005 1431 4076 Thinoziense
1457 4005 1552 4078 tollit
1577 4006 1754 4077 decimam.

213 4123 292 4196 item
317 4145 439 4197 omnes
466 4127 540 4216 agri
568 4126 670 4216 villae
698 4126 837 4200 solvunt
863 4127 1030 4197 decimam
1057 4125 1306 4215 manipularem
1332 4131 1370 4196 et
1388 4105 1597 4216 canapalem‚
1615 4133 1653 4197 et
1671 4147 1751 4198 oon-
1897 4195 1903 4200 .
2019 4123 2022 4132 ’

216 4245 337 4319 ducunt
374 4268 449 4318 earn
486 4268 550 4337 pro
585 4245 795 4320 monasterio
824 4247 1058 4337 Thinoziensi,
1085 4253 1121 4318 et
1146 4247 1245 4319 valor
1270 4248 1346 4318 eius
1372 4248 1576 4319 aestimatur
1606 4248 1651 4318 ad
1677 4254 1756 4319 octo

215 4387 350 4459 marcas,
378 4367 563 4459 aliquando
591 4370 635 4439 ad
663 4369 852 4441 duodecim.
879 4361 1039 4440 Confluat
1066 4389 1142 4440 oum
1169 4367 1334 4459 Ribna‘,
1362 4369 1622 4460 Caulowek,
1648 4369 1756 4442 Kas-

217 4507 334 4580 szou,
360 4487 832 4596 Mnikow„szosznka
858 4496 895 4562 et
922 4489 1208 4563 Morawieza.
1358 4487 1363 4498 '

310 4611 519 4682 Ozuuowuu
547 4611 691 4701 Pnsvn,
719 4612 802 4682 villa
827 4612 890 4683 sub
918 4612 1084 4701 parochia
1102 4611 1146 4682 de
1163 4611 1324 4704 Rybna
1349 4611 1426 4701 sita
1444 4611 1541 4683 unius
1559 4613 1774 4703 proprietas.

218 4729 255 4801 ad
280 4733 523 4804 monasterium
551 4733 775 4804 Thinozianse
802 4731 963 4823 pertinet.
990 4733 1030 4804 In
1058 4753 1125 4823 qua
1152 4740 1233 4804 suut
1259 4738 1392 4823 septem
1409 4733 1501 4804 lanei
1519 4734 1751 4806 emetbouales

219 4857 250 4920 et
281 4831 431 4942 quatuor
466 4873 542 4924 oum
577 4853 691 4925 media
729 4855 864 4944 virgae,
892 4859 927 4924 et
962 4855 1108 4944 quilibet
1142 4855 1247 4949 soluit
1282 4875 1347 4943 pro
1382 4873 1486 4926 censu
1521 4860 1600 4926 ooto
1626 4861 1756 4925 seottos

221 4974 416 5064 communes,
443 4979 502 5046 aut
528 4995 588 5046 sex
616 4975 765 5046 latorum
794 4953 933 5064 scottos,
961 4976 1042 5045 item
1070 4995 1137 5046 ova
1159 4974 1349 5064 duodecim,
1368 4975 1450 5046 item
1467 4975 1579 5064 gallos
1597 4975 1756 5064 quinque,
1794 5051 1798 5057 ,

174 5139 175 5142 η
221 5091 293 5190 item
329 5115 448 5176 caseos
486 5095 591 5186 duos,
619 5096 702 5166 item
735 5095 895 5167 laborant
925 5079 1091 5190 danapri,
1117 5101 1153 5166 et
1178 5101 1342 5167 tenentur
1368 5115 1432 5184 pro
1460 5115 1541 5166 vere
1568 5101 1605 5165 et
1631 5095 1753 5184 hyeme

222 5231 329 5306 arare,
356 5217 544 5307 seminare,
572 5224 701 5288 metere
737 5223 773 5288 et
808 5216 1018 5306 conducere,
1046 5217 1128 5287 item
1149 5215 1333 5309 powobam
1359 5199 1519 5286 laborant
1545 5219 1581 5284 et
1605 5215 1757 5304 explent,
1791 5279 1797 5286 ,

224 5333 277 5404 sed
309 5336 412 5406 datur
447 5337 505 5408 eis·
532 5338 697 5408 comestio
733 5343 769 5408 et
804 5344 926 5427 potus3
962 5338 1045 5408 item
1072 5357 1136 5426 pro
1158 5357 1300 5431 oaszyep
1326 5336 1465 5432 soleant
1491 5355 1552 5406 sex
1579 5355 1758 5406 mensuras

121 5451 124 5460 '
226 5471 351 5547 avenae,
379 5458 461 5528 item
489 5459 636 5529 taberna
664 5474 732 5528 una
758 5459 889 5530 babens
908 5479 1018 5547 agros,
1038 5465 1074 5527 et
1093 5457 1198 5527 soluit
1214 5473 1318 5526 unam
1336 5475 1542 5544 sexagenum
1560 5475 1625 5545 pro
1643 5475 1758 5546 ceusu,

226 5573 297 5645 item
323 5579 545 5660 hortulaniae
564 5599 636 5662 uon
664 5585 756 5670 sunt,
783 5580 865 5649 item
891 5578 1072 5668 praedium
1099 5577 1298 5648 coenobiale
1325 5597 1392 5657 non
1420 5581 1474 5647 est
1500 5578 1536 5648 in
1561 5577 1643 5651 villa
1660 5597 1760 5667 prae-
1890 5611 1894 5614 ·

228 5693 316 5766 diota.
354 5698 441 5770 item
476 5721 593 5770 omues
629 5700 705 5788 agri
734 5699 835 5770 villae
860 5699 1010 5770 'solvunt
1038 5698 1203 5769 decimam
1231 5698 1266 5768 in
1292 5718 1401 5786 grano
1429 5687 1696 5788 manipularem,
1723 5705 1760 5769 et
