4492 6592
462 766 539 839 loo
576 841 579 845 s

462 972 541 1044 Non
568 972 693 1043 mirum
719 972 848 1063 itaque,
875 973 906 1044 si
931 992 996 1063 per
1021 971 1160 1075 divium
1187 970 1342 1043 institiae
1369 971 1626 1061 providentiam
1644 978 1681 1043 et
1698 970 1876 1059 ultionem,
1903 970 2018 1042 omnis
2142 960 2143 981 i

462 1091 646 1183 progenies
671 1097 709 1163 et
734 1092 872 1164 soboles
906 1091 1055 1182 praefati
1090 1091 1320 1163 Ludovici
1356 1093 1449 1182 regis
1485 1092 1601 1163 deleta
1627 1098 1664 1163 et
1690 1092 1926 1164 exterminata
1951 1098 2016 1180 est,

461 1212 532 1303 qni'
546 1212 781 1285 ecclesiastica
806 1212 899 1285 bona
932 1212 1005 1285 suis
1032 1212 1139 1303 regiis
1174 1210 1405 1302 profectibus,
1445 1212 1510 1284 Dei
1528 1212 1663 1283 timore
1690 1212 1887 1302 postposito
1914 1232 2016 1283 usur-

424 1333 576 1423 pabat.
615 1333 656 1405 In
682 1340 923 1424 argumentum
950 1338 1066 1405 antem
1093 1334 1266 1422 ipsorum,
1301 1354 1390 1423 quae
1417 1333 1611 1422 scribimus,
1638 1333 1777 1405 abbatis
1804 1338 1840 1403 et
1867 1332 2016 1403 fratrum
2142 1344 2143 1349 ’

459 1452 617 1525 menobii
643 1451 972 1545 Goprzyrniczensis
998 1452 1122 1543 edocti,
1148 1452 1293 1533 extabat
1319 1454 1384 1525 sub
1412 1459 1534 1527 nostra
1560 1459 1677 1526 aetate
1821 1440 1857 1524 in
1885 1452 2016 1524 Scza-

460 1573 634 1645 wnicza
667 1573 755 1646 alias
790 1566 986 1647 invalie
1025 1573 1224 1648 Sanctae
1259 1573 1438 1647 Mariae
1474 1574 1510 1647 in
1537 1596 1646 1665 regno
1673 1574 1876 1665 Hungan'ae
1913 1579 1953 1645 et
1978 1573 2013 1645 in
2140 1582 2143 1673 j

461 1693 699 1785 Sczepusiensi
725 1695 888 1768 districtu
913 1694 1068 1767 eiusdem
1094 1693 1337 1767 eistedensis
1364 1695 1508 1785 ordinis,
1549 1696 1608 1787 qui
1634 1695 1796 1767 abbatem
1824 1700 1861 1766 et
1886 1694 2016 1765 fratres
2141 1690 2143 1761 ἶ

461 1814 505 1887 de
531 1813 798 1908 Goprzyunicza
823 1816 861 1888 in
886 1814 1113 1887 familiaribus
1149 1815 1360 1889 tractatibus
1397 1814 1590 1905 referebat,
1625 1815 1858 1904 certificabat,
1886 1814 2017 1887 vidisse
2142 1802 2143 1869 3

461 1957 499 2008 se
524 1936 652 2009 occulis
679 1936 830 2028 propriis
856 1934 893 2007 in
919 1936 1056 2008 aerario
1082 1914 1180 2026 regio
1208 1936 1247 2015 iu¹
1272 1936 1397 2008 Bnda
1428 1936 1648 2027 privilegium
1674 1935 2016 2027 Goprzywniczensis
2142 1910 2143 1945 ἦ

460 2057 629 2147 coenobii,
654 2056 803 2149 praefati
829 2056 948 2148 oppidi
974 2056 1233 2148 Barduyow
1259 2063 1296 2130 et
1323 2056 1489 2129 tredecim
1508 2056 1667 2129 villarum
1692 2056 1916 2129 donationem
1935 2078 2016 2127 con-

459 2177 585 2266 tinens,
610 2183 648 2249 et
672 2178 831 2251 manibus
857 2178 930 2249 suis
956 2182 1174 2269 attrectasse,
1201 2178 1358 2251 animans
1384 2178 1546 2251 abbatem
1574 2184 1610 2249 et
1635 2178 1764 2254 fratres
1791 2176 2015 2269 Goprnysni·

460 2320 620 2388 czenses,
645 2304 753 2390 atque
779 2298 1009 2389 persuadens,
1042 2306 1082 2371 ut
1108 2320 1173 2390 pro
1201 2298 1424 2373 restitutione
1450 2300 1619 2373 bonorum
1647 2306 1683 2371 et
1709 2299 1889 2390 privilegii
1916 2320 2015 2390 prae·

458 2418 630 2510 fatorum,
644 2438 765 2493 omnes
789 2438 872 2493 snas
897 2420 1000 2493 curas
1026 2424 1063 2492 et
1089 2420 1208 2493 studia
1234 2419 1434 2512 impendere
1461 2442 1530 2494 non
1557 2420 1769 2493 dubitarent

990 2918 1484 3009 WANOHOOZENSE

452 3250 463 3267 „
557 3152 729 3285 tertium
760 3154 1064 3233 monasterium
1095 3151 1258 3233 ordlnla
1291 3150 1607 3253 cistarciensis,
1641 3155 1681 3232 ln
1713 3152 1910 3233 dioecesi

1091 3286 1383 3373 cracoviensi.

560 3507 746 3582 Gedeon
772 3508 1013 3583 cracoviensis
1030 3511 1221 3602 episcopus,
1249 3511 1309 3603 qni
1335 3516 1371 3584 et
1398 3510 1584 3583 Gethka
1612 3512 1793 3599 vocitem,
1816 3511 1861 3584 de
1879 3511 2012 3585 familia
2141 3592 2142 3599 Ν

458 3636 495 3702 et
520 3630 702 3703 nobilitate
728 3629 992 3704 Griffonum
1018 3632 1163 3724 stirpem
1191 3632 1338 3722 ducens,
1365 3628 1472 3733 ne‘se
1498 3632 1641 3725 generis
1664 3633 1727 3722 sni,
1755 3632 1849 3723 quod
1876 3632 1911 3705 in
1939 3632 2012 3705 An·

458 3750 674 3825 draeoviensi
701 3754 902 3827 monasterii
918 3754 1130 3837 ¹fundatione
1157 3754 1300 3827 liberale
1327 3754 1537 3843 ostenderat,
1565 3754 1710 3827 duceret
1736 3754 1949 3843 inferiorem,
1976 3754 2013 3825 in

458 3872 565 3965 sylvis
592 3881 676 3949 tuuc
702 3880 739 3946 et
764 3875 911 3949 saltibus
938 3875 1131 3967 condensis,
1172 3875 1217 3947 ad
1244 3876 1482 3967 episcopatum
1510 3874 1774 3949 cracoviensem
1803 3876 2011 3966 pertinenti-

458 3994 532 4084 bus,
558 4000 596 4067 et
621 3996 686 4069 sub
713 3996 881 4071 limitibus
908 3998 1052 4071 lszlensi
1078 4004 1115 4071 et
1142 3996 1335 4087 Tarszensi,
1362 3998 1421 4088 qni
1448 4018 1537 4069 nunc
1566 3996 1864 4069 Bodzanczin
1886 3996 2012 4089 ,appel-

457 4116 550 4189 latur
575 4138 715 4189 oramm
743 4119 830 4210 sitis,
857 4120 893 4191 iu
920 4119 996 4191 loco
1023 4119 1083 4210 qni
1118 4118 1467 4192 Wanchoczslro
1502 4119 1715 4211 appellatur,
1755 4140 1847 4190 anno
1874 4118 2013 4193 Domini

462 4239 578 4329 1179,
614 4238 860 4314 monasterinm
897 4240 1144 4314 monachorum
1171 4240 1464 4323 Gisterciensium
1480 4238 1618 4330 iamdat,
1635 4240 1760 4331 -erigit
1791 4247 1829 4311 et
1855 4239 2013 4329 fabricat,
2140 4228 2141 4231 ¹

457 4358 558 4450 eique
584 4359 686 4433 villas
712 4359 845 4452 aliquot
869 4362 1101 4453 episcopales,
1138 4362 1221 4435 item
1248 4368 1285 4435 et
1311 4362 1462 4433 decimas
1490 4352 1723 4451 manipulares
1752 4374 1900 4433 'mensae
1928 4382 2011 4433 snae

457 4480 664 4573 episcopalis
689 4481 947 4575 Gracoviensis,
983 4483 1162 4557 indolem
1190 4482 1233 4555 de
1261 4502 1431 4555 consensu
1457 4482 1600 4574 capituli
1628 4482 1869 4555 Oramviensis
1897 4482 2012 4569 donat,

457 4602 617 4675 inscribit
642 4609 681 4675 et
706 4603 882 4695 assignat,
916 4604 1165 4715 ecclesiamque
1193 4604 1326 4696 quadro
1359 4604 1474 4695 lapide
1499 4610 1537 4677 et
1562 4602 1817 4681 cisterciensis,
1832 4603 2013 4694 religionis
2138 4656 2140 4689 2

456 4744 571 4813 more,
599 4723 682 4796 item
710 4730 747 4797 et
773 4726 1039 4815 monasterium,
1072 4726 1297 4817 officinasque
1324 4724 1549 4813 monasterii,
1584 4732 1621 4797 et
1647 4725 1793 4797 fratrum
1820 4724 1949 4813 cellas,
1977 4732 2012 4795 et

455 4844 656 4919 habitacula
690 4865 790 4919 muro
815 4847 1011 4939 sumptibus
1037 4847 1111 4919 siris
1139 4854 1327 4921 consumat.
1372 4846 1481 4936 Quem
1508 4866 1674 4938 processu
1712 4846 1879 4937 temporis
1907 4846 2013 4919 fabri·
2138 4898 2139 4905 κ

455 4968 592 5041 catione
618 4968 694 5041 eins
721 4967 875 5059 expleta,
903 4967 949 5041 ad
975 4967 1142 5041 honorem
1170 4968 1417 5061 omnipotentis
1444 4968 1520 5057 Dei,
1546 4975 1583 5039 et
1609 4969 1644 5039 in
1672 4966 1813 5039 titulum
1842 4966 2010 5041 Beatissi-

455 5110 533 5161 mae
558 5088 624 5163 Dei
651 5088 841 5171 Genitricis
868 5088 1024 5182 Virginis
1050 5089 1205 5181 Mariae,
1242 5090 1300 5163 cui
1325 5089 1535 5181 singularem
1559 5089 1737 5161 exhibere
1763 5088 1900 5161 solitus
1938 5094 2013 5161 erat
2138 5180 2139 5185 Ἰ

455 5210 669 5302 servitutem,
695 5210 843 5301 dedicat,
868 5218 907 5283 et
932 5210 1070 5284 famulis
1087 5210 1162 5299 Dei,
1191 5212 1467 5285 anachoreticam
1496 5212 1602 5285 vitam
1630 5216 1666 5282 et
1693 5210 1768 5282 eins
1795 5210 2011 5297 exercitium,
2138 5224 2140 5233 ’

454 5330 690 5423 diligentibus,
718 5332 1260 5424 pulcherrtnunbanitaculum,
1289 5354 1388 5407 secus
1406 5332 1572 5405 decursus
1596 5352 1772 5423 aquamm,
1786 5330 1844 5403 ad
1872 5331 2010 5403 fluvium
2137 5310 2139 5335 ⁴

455 5452 618 5526 vicelicet
644 5446 898 5546 Ka'myona,
934 5454 1032 5527 etin
1061 5475 1144 5526 vera
1179 5454 1366 5528 solitudine
1401 5454 1599 5543 constituit,
1636 5452 1764 5525 fratres
1799 5470 1939 5543 qnoque
1969 5474 2009 5525 ex

454 5574 557 5645 ltalia
582 5574 628 5646 ad
656 5574 874 5648 incolendum
901 5575 1014 5649 locum
1040 5576 1196 5666 accersit,
1225 5597 1371 5667 quorum
1399 5595 1581 5666 processus
1609 5579 1644 5646 et
1669 5572 1849 5665 generatio
1877 5594 1900 5643 a
1927 5578 2008 5645 teni·
2138 5626 2139 5629 ,

456 5715 541 5786 pore
566 5695 780 5769 fundationis
807 5697 996 5789 praedicto,
1036 5718 1147 5791 nsque
1172 5697 1217 5770 ad
1244 5718 1355 5773 meam
1383 5703 1535 5771 aetatem
1561 5695 1778 5787 tendebatur,
1801 5714 2009 5812 semperque
