4492 6592
1592 865 1596 872 ,
1667 787 1741 858 479

193 999 393 1089 turpissima
424 997 507 1087 fuga
531 996 651 1087 fogere
678 1001 714 1068 et
740 994 948 1085 absaedere,
975 995 1136 1068 omnibus
1168 993 1370 1067 bombardis
1398 1000 1433 1066 et
1460 994 1745 1068 machinamentis

193 1118 322 1192 relictis
348 1118 478 1208 coegit;
509 1117 625 1188 soluta
647 1137 733 1189 uero
760 1117 940 1188 obsidione
966 1121 1003 1186 ct
1030 1114 1158 1186 Alba
1188 1114 1296 1206 regali
1334 1115 1502 1204 liberata,
1529 1113 1609 1186 inde
1636 1113 1745 1186 disce-

195 1239 292 1329 dena,
320 1239 355 1309 io
376 1238 489 1310 Ulac
523 1236 686 1329 oppidum
720 1236 895 1309 Panoniae
922 1237 1144 1326 perveniens,
1172 1235 1364 1327 deploratis
1392 1256 1454 1325 per
1472 1235 1575 1306 horas
1613 1235 1747 1326 aliquot
1796 1245 1799 1252 '

193 1359 448 1434 miserabilibus
475 1365 511 1430 et
529 1359 689 1430 tristibus
715 1358 854 1430 casibus
881 1359 1042 1430 universo
1069 1357 1333 1447 superventuris
1360 1357 1437 1428 orbi
1466 1361 1501 1426 et
1519 1357 1579 1447 qui
1598 1379 1675 1430 niox
1704 1379 1745 1427 eo

193 1485 328 1554 mortuo
357 1480 467 1552 secuti
494 1485 604 1581 sunt,
631 1483 667 1550 et
693 1501 780 1570 quos
816 1479 883 1550 sihi
910 1477 1080 1549 Dominus
1116 1498 1179 1568 per
1206 1479 1316 1550 visum
1344 1478 1745 1568 ostenderat,.spiritum

193 1599 418 1691 Redemptum
430 1621 497 1672 suo
516 1598 669 1672 reddidit
686 1601 776 1674 etin
796 1599 1008 1672 monasterio
1029 1597 1175 1670 fratrum
1195 1597 1371 1670 Minorum
1390 1599 1425 1670 in
1445 1597 1562 1669 Vlalr
1591 1598 1746 1688 sepultus
1793 1671 1795 1678 ,

194 1718 392 1812 requiescit,
417 1743 481 1812 pro
501 1721 574 1792 suis
592 1701 891 1794 excellentissimis
923 1727 960 1792 et
977 1719 1179 1793 clarissimis
1207 1720 1374 1810 operibus
1393 1719 1616 1810 dignissimus
1643 1741 1746 1796 aano-

195 1817 376 1942 nisatione.
1209 1899 1212 1910 .

295 1944 375 2036 Non
411 1963 518 2035 habet
554 1957 802 2036 monasterium
838 1943 956 2035 Sancti
998 1962 1231 2035 Bernhardini
1268 1963 1303 2033 in
1340 1960 1568 2034 Gracovia
1603 1962 1749 2054 aliquos,
1886 1951 1892 1966 ’

194 2091 384 2175 proventus
410 2104 473 2156 neo
492 2083 627 2175 aliquas
654 2085 908 2175 possessiones,
935 2085 1058 2156 hortos
1083 2083 1325 2156 tantummodo
1344 2084 1450 2155 habet
1475 2089 1547 2156 tres
1566 2082 1748 2158 devotione

194 2211 229 2277 et
245 2205 431 2296 largitione
450 2205 602 2277 fidelium
629 2206 696 2276 sibi
715 2196 861 2276 donatos
888 2213 925 2276 et
944 2206 1166 2286 monasterio¹
1180 2225 1298 2276 eorum
1318 2205 1509 2296 contiguos
1537 2225 1623 2298 qnos
1643 2199 1751 2278 variis

195 2327 379 2398 arboribus
405 2318 581 2417 frugiferis
609 2327 719 2398 seruit
746 2333 782 2398 et
799 2326 984 2416 plantavit3
1011 2327 1085 2397 sola
1104 2347 1241 2416 quoque
1261 2325 1543 2398 eleemosinarum
1563 2327 1749 2416 largitione

195 2453 231 2519 et
256 2449 349 2538 stipe
376 2448 516 2538 rivum,
542 2469 722 2520 numerum
758 2454 799 2521 ut
824 2447 1051 2520 communiter
1078 2448 1341 2538 sexagenarium
1377 2447 1577 2538 Frequenter
1604 2467 1685 2519 vero
1713 2454 1749 2519 et
1825 2497 1832 2507 -

195 2569 436 2641 centenarium
473 2569 593 2640 fovens
629 2576 667 2640 et
693 2543 880 2659 pabularia,
908 2575 944 2640 et
971 2569 1218 2640 monasterium
1247 2568 1332 2640 illud
1359 2570 1494 2640 eteius
1523 2568 1684 2659 officinam,
1714 2569 1749 2640 in

200 2689 270 2761 suis
297 2691 486 2761 structuris
512 2698 549 2760 et
567 2690 733 2779 officinm,
760 2691 850 2761 mira
876 2697 912 2760 et
939 2689 1043 2762 celeri
1070 2689 1295 2762 fabricatione
1322 2689 1542 2762 foecundans.
1612 2689 1616 2704 '

750 2987 1202 3138 runauovmsse

241 3280 478 3364 secundum
512 3281 814 3361 monaster-lum
848 3278 901 3360 da
925 3281 1198 3362 observanda
1227 3229 1398 3362 Ordluls
1421 3281 1631 3362 Minorem
1665 3284 1705 3361 ln

677 3534 681 3545 Ι
717 3417 907 3529 dioecesi
941 3417 1235 3500 cracoviensi.
1670 3409 1682 3433 ⁹

299 3656 495 3728 Secundum
530 3655 776 3730 monasterium
814 3657 857 3730 de
893 3657 1117 3730 observantia
1152 3657 1284 3730 ordinis
1320 3657 1496 3730 Minorum
1533 3659 1567 3728 in
1604 3655 1753 3730 dioecesi

198 3777 420 3851 cracoviensi
441 3779 476 3848 in
495 3779 662 3851 suburbio
681 3779 799 3871 oppidi
828 3779 979 3850 Tharn
990 3801 1011 3850 o
1022 3801 1052 3849 w
1076 3784 1112 3849 et
1129 3785 1232 3850 extra
1250 3799 1367 3850 muros
1385 3780 1460 3852 eius
1480 3800 1600 3852 versus
1618 3785 1752 3870 partem

197 3899 461 3972 meridionalem
476 3901 592 3992 situm,
611 3901 702 3992 quod
720 3899 899 3973 lohannes
917 3900 1053 3972 Amor
1079 3898 1123 3972 de
1142 3899 1364 3997 Tharnen
1383 3899 1590 3972 castellanus
1609 3899 1753 3992 Woyni-
1844 3982 1848 3986 ,
1991 3915 1994 3922 ’

199 4022 332 4093 ozensis
351 4021 481 4093 nobilis
507 4021 551 4094 de
569 4021 671 4094 domo
689 4021 865 4094 Laliwa
891 4028 927 4094 et
944 4023 1038 4094 cives
1056 4021 1335 4094 'lharnorienses
1353 4043 1443 4093 anno
1470 4021 1609 4092 Domini
1633 4023 1701 4092 14.
1779 4055 1783 4070 ·

202 4143 264 4214 sub
290 4142 396 4215 titulo
424 4143 609 4218 ethonore
635 4143 754 4216 Sancti
778 4143 1126 4216 ....fundaverunt
1152 4149 1188 4214 et
1215 4149 1416 4233 erexerunt,
1443 4141 1692 4233 ecclesiamque
1719 4148 1755 4214 et
1845 4228 1852 4237 ,

200 4263 402 4335 monasterii
429 4262 583 4335 officinas
609 4265 705 4356 ligno
733 4270 981 4355 extruxerunt,
1017 4285 1095 4336 cum
1121 4285 1221 4337 muro
1248 4263 1420 4336 fabricare
1447 4285 1515 4336 non
1546 4263 1684 4352 liceret,
1712 4283 1755 4334 ne

203 4389 293 4470 esset
319 4384 355 4454 in
383 4383 634 4457 firmamentum
663 4387 823 4459 hostibus
850 4393 972 4458 contra
999 4385 1206 4477 oppidanos,
1239 4384 1353 4458 dando
1381 4385 1550 4458 fratribus
1577 4390 1612 4455 et
1639 4405 1755 4456 mona-

202 4504 309 4575 sterio
336 4525 438 4576 areas
465 4512 502 4577 et
527 4507 658 4595 hortos,
686 4508 865 4598 inquibus
892 4507 1006 4599 amplo
1034 4507 1149 4599 spatio
1177 4506 1355 4579 ecclesiam
1383 4511 1418 4578 et
1446 4505 1692 4578 monasterium
1720 4510 1755 4577 et
1819 4541 1830 4554 κ
1899 4485 1916 4510 ⁰

155 4667 161 4681 ι
200 4623 399 4696 habitacula
426 4647 489 4716 pro
517 4629 627 4698 servis
653 4627 720 4699 Dei
746 4635 783 4700 et
808 4631 930 4700 vineae
958 4637 994 4699 et
1020 4629 1177 4720 pomeria
1203 4627 1351 4700 diversis
1379 4629 1542 4699 arborum
1568 4625 1755 4718 generibus

147 4841 151 4848 ·
201 4751 374 4836 conserta,
401 4749 605 4821 consistunt.
642 4745 681 4820 fn
700 4770 741 4822 eo
765 4751 938 4841 quondam
966 4751 1177 4822 monasterio
1204 4747 1314 4821 frater
1333 4747 1512 4822 Johannes
1540 4747 1755 4839 Spitkonis
1785 4819 1792 4834 ,

205 4865 248 4937 de
267 4867 469 4941 Melsthin
497 4870 653 4943 ordinem
681 4870 857 4944 Minorem
884 4873 919 4943 in
939 4878 1055 4943 aetate
1083 4871 1187 4943 viridi
1206 4877 1242 4942 et
1260 4871 1419 4943 omnibus
1437 4869 1555 4944 mundi
1583 4869 1757 4941 illecebris
1878 4905 1892 4931 κ

203 4991 331 5078 spretis
349 4991 538 5083 ingressus,
564 4993 722 5084 quamvis
749 5013 793 5065 ex
819 5013 1001 5084 procerum
1029 4999 1065 5065 et
1084 4999 1304 5088 satraparum
1332 4993 1431 5084 regni
1456 4991 1621 5064 Poloniae
1648 4989 1757 5061 altum
1894 5075 1895 5080 Ν

205 5114 241 5181 et
266 5119 472 5200 generosum
500 5113 643 5187 duceret
669 5116 890 5207 sangninem,
917 5115 1033 5188 subito
1060 5136 1103 5188 er
1132 5115 1360 5205 adolescente,
1397 5113 1513 5203 divite,
1546 5112 1694 5184 delicato
1721 5119 1756 5183 et

203 5233 353 5322 poena,
380 5235 416 5306 in
434 5235 546 5306 virum
566 5236 714 5308 alterum
743 5242 911 5327 mutatuS,
939 5237 973 5307 in
993 5234 1151 5327 praefato
1170 5235 1380 5309 monasterio
1408 5231 1660 5305 Tharnoriensi
1686 5233 1757 5305 sin·

204 5351 294 5441 gulis
320 5353 497 5446 fratribus,
524 5357 584 5448 qui
610 5363 710 5449 peste
737 5364 773 5430 et
799 5357 938 5449 epidine
964 5364 1055 5430 tunc·
1074 5358 1226 5430 contacti
1254 5361 1368 5446 erant,
1395 5355 1485 5436 mira
1511 5355 1695 5427 sedulitate
1723 5361 1759 5426 et

208 5474 346 5548 assiduo
373 5477 504 5567 studio,
530 5479 566 5550 in
594 5479 739 5571 singolis
765 5500 884 5551 eorum
912 5479 1177 5552 necessitatibus
1213 5478 1426 5568 deserviens,
1454 5497 1586 5548 venena
1613 5495 1759 5567 quoque,
1824 5463 1828 5474 ¹

208 5594 326 5668 sordes
345 5619 412 5672 aon
432 5599 710 5690 perhorrescens,
736 5601 860 5672 funera
877 5621 1014 5691 quoque
1033 5601 1213 5691 sepeliens,
1241 5598 1285 5672 ad
1303 5603 1496 5671 exhemum
1523 5597 1651 5688 etipse
1677 5587 1759 5669 tabe

208 5717 329 5813 ueneni
356 5726 392 5789 et
417 5719 600 5810 epidimiae
629 5722 791 5794 infectum
819 5743 857 5792 se
885 5722 1046 5811 sentiens,
1078 5722 1226 5812 imagine
1253 5719 1422 5811 passionis
1450 5717 1579 5792 Christi
1607 5725 1758 5814 arrepta,
