4492 6592
478 771 549 842 162

475 979 561 1050 nulli
601 977 702 1048 alteri
742 976 810 1047 nisi
850 975 1052 1048 dioecesano
1094 973 1338 1064 cracoviensi,
1389 973 1444 1047 vel
1484 976 1559 1047 eius
1599 974 1805 1048 dioecesano
1844 971 2036 1062 collectori,

478 1099 577 1171 iuxta
603 1107 756 1171 veterem
783 1106 900 1169 taram
929 1098 1064 1170 solvere
1091 1105 1289 1185 teneantur,
1315 1098 1419 1169 etad
1445 1097 1643 1170 huiusmodi
1670 1097 1877 1169 solutionem
1903 1095 2038 1168 lacien-

474 1222 563 1311 dam,
590 1222 665 1311 ipse
691 1220 913 1310 praepositus
944 1226 980 1291 et
1007 1225 1197 1292 conventus
1223 1218 1473 1291 Mstboviensis
1500 1240 1564 1308 pro
1583 1240 1621 1289 se
1648 1226 1829 1291 eteorum
1856 1238 2037 1289 successo

474 1344 589 1431 ribus,
626 1341 670 1413 ad
696 1346 775 1411 aeta
801 1341 912 1430 ipsius
941 1340 1070 1411 domini
1098 1340 1252 1430 episcopi
1279 1339 1519 1411 cracoviensis
1546 1346 1608 1411 aut
1633 1340 1716 1411 eius.
1742 1318 1899 1413 officialis
1924 1359 2036 1428 geue-

473 1462 568 1550 ralis,
594 1482 631 1531 se
651 1462 754 1532 etiam
773 1460 973 1549 inscribant,
1004 1460 1068 1530 sub
1088 1461 1244 1529 censuris
1262 1459 1514 1547 ecclesiasticis,
1540 1480 1604 1549 per
1627 1459 1804 1534 domiuum
1829 1460 2035 1548 episcopum

474 1589 537 1654 aut
562 1580 744 1653 officialem
772 1602 870 1651 suum
898 1579 1060 1669 ferendis,
1088 1579 1273 1651 caritativo
1300 1587 1417 1650 tamen
1444 1580 1600 1651 subsidio
1627 1601 1690 1669 per
1717 1580 1913 1651 ordinarios
1938 1576 2037 1651 Gne·

475 1724 633 1775 anensem
663 1709 699 1773 et
726 1701 989 1774 Craeoviensem
1016 1701 1231 1791 inponendo,
1259 1700 1430 1773 duntaxat
1465 1707 1619 1790 excepto.
1654 1700 1753 1789 Quod
1784 1702 1814 1771 si
1841 1700 2034 1791 aliquando

362 1882 363 1890 ,
474 1824 689 1895 ordinarium
717 1820 955 1895 cneznensem
982 1822 1167 1893 universae
1204 1842 1286 1893 snae
1313 1821 1463 1894 dioecesi
1489 1820 1687 1893 cneznensi
1714 1824 1891 1912 imponere
1918 1822 2034 1893 conti·

473 1947 575 2036 gerit,
602 1945 647 2016 ad
674 1945 880 2017 solutionem
906 1944 1104 2015 huiusmodi
1131 1943 1278 2015 subsidii
1303 1964 1368 2033 pro
1386 1943 1534 2015 ecclesia
1559 1940 1765 2032 cneznensi,
1792 1944 2034 2034 praepositum

350 2138 355 2147 ,
475 2074 512 2137 et
538 2066 787 2137 monasterium
813 2065 1052 2137 Mstboviense
1079 2065 1218 2138 nonnisi
1244 2085 1309 2154 pro
1327 2064 1514 2137 medietate
1535 2071 1639 2137 axae
1666 2086 1750 2136 suae
1776 2064 1935 2137 volumus
1953 2084 2033 2135 esse

325 2279 329 2287 ι
427 2199 431 2209 “
475 2187 663 2258 obnoxium
699 2191 735 2257 et
762 2186 969 2277 obligatum,
1006 2190 1042 2255 et
1068 2184 1304 2274 pariiormiter
1340 2186 1476 2275 quoties
1512 2185 1727 2257 ordinarium
1763 2183 2031 2257 cracoviensem

474 2309 657 2379 universae
694 2328 776 2378 suae
814 2307 964 2379 dioecesi
1001 2306 1223 2379 Gracoviensi
1258 2306 1479 2380 caritativum
1515 2307 1706 2379 subsidium
1743 2308 1920 2397 imponere
1948 2326 2032 2376 con-

473 2428 603 2519 tigerit,
631 2428 675 2498 ad
703 2428 908 2499 solutionem
944 2426 1143 2499 huiusmodi
1174 2426 1324 2499 'subsidii
1349 2447 1416 2517 pro
1441 2427 1588 2498 ecclesia
1612 2426 1854 2517 cracoviensi,
1881 2446 2032 2517 praepo-

475 2551 578 2621 situm
608 2555 644 2620 et
671 2549 918 2621 monasterium
945 2548 1186 2621 Mstbovieuse
1212 2549 1442 2638 nonnisipro
1469 2548 1581 2620 altera
1606 2549 1792 2620 medietate
1818 2555 2031 2620 tarraconae
2109 2564 2115 2573 ‘

473 2671 579 2741 etiam
606 2670 764 2742 volumus
791 2690 868 2741 esse
895 2669 1095 2759 obligatum.
1123 2668 1223 2758 Quod
1249 2670 1280 2740 si
1306 2668 1483 2759 praefatos
1517 2669 1674 2741 dominos
1711 2670 1907 2741 ordinarios
1933 2666 2030 2739 cne-

473 2810 635 2861 znensem
675 2798 710 2861 et
738 2789 1002 2861 cracoviensem
1039 2790 1075 2861 in
1111 2790 1332 2879 impositione
1365 2790 1564 2861 huiusmodi
1599 2791 1776 2863 caritativi
1810 2790 1956 2861 subsidii
1991 2790 2029 2859 iu

473 2913 565 2984 idem
583 2918 721 3001 tempus
740 2931 947 2982 concurrere
965 2911 1162 3000 contigerit,
1189 2931 1233 2982 ex
1251 2916 1334 2981 tunc
1352 2912 1571 3000 praepositus
1598 2932 1675 2982 cum
1701 2918 1874 2985 conventu
1888 2910 2031 2981 Mstbo-

473 3034 587 3105 viensi
613 3054 677 3123 pro
704 3053 774 3101 una
800 3032 997 3102 medietate,
1012 3038 1115 3103 tarrae
1142 3052 1225 3103 suae
1252 3033 1381 3103 veteris
1409 3030 1622 3120 cneznensi,
1649 3040 1685 3104 et
1711 3054 1776 3122 pro
1803 3033 1874 3106 alia
1898 3031 2031 3103 medie·

473 3160 547 3224 tate
582 3152 803 3224 cracoviensi
840 3151 989 3222 dominis
1025 3152 1212 3223 ordinariis
1248 3152 1483 3242 respondebit.
1527 3152 1583 3223 Ad
1610 3154 1707 3225 cuius
1743 3154 1848 3223 etiam
1881 3152 2030 3223 subsidii

475 3262 693 3361 solutionem,
711 3273 933 3361 praepositus
952 3278 987 3342 et
1005 3278 1196 3344 conventus
1214 3271 1467 3351 Mstboviensis
1485 3275 1694 3362 monasterii,
1716 3294 1781 3363 pro
1800 3294 1837 3343 se
1856 3280 2030 3343 eteorum

474 3392 749 3480 successoribus,
785 3392 883 3463 iuxta
918 3393 1147 3481 praemissum
1181 3414 1313 3465 morem
1340 3414 1378 3464 se
1405 3394 1605 3465 inscribant.
1650 3394 1736 3465 Item
1773 3393 1955 3465 definimus
1991 3398 2029 3463 et

475 3514 696 3602 arbitramur,
725 3513 817 3602 quod
843 3512 1070 3585 Nicolaus
1098 3516 1317 3604 praepositus
1344 3535 1421 3585 cum
1440 3521 1612 3586 conventu
1631 3514 1882 3587 Mstboviensis
1908 3534 2029 3586 mona-

475 3635 592 3725 sterii,
629 3636 836 3725 praemissas
874 3636 1117 3725 inscriptiones
1144 3644 1182 3707 et
1208 3635 1455 3707 submissiones
1482 3636 1518 3707 in
1545 3638 1681 3709 actibus
1716 3636 1848 3709 domiui
1872 3636 2028 3726 episcopi

475 3755 714 3829 Orscovieusis
750 3763 811 3827 aut
839 3757 893 3827 sui
920 3754 1076 3827 officialis
1112 3756 1286 3847 generalis
1321 3756 1435 3829 facere
1469 3757 1615 3848 debent,
1649 3757 1742 3829 inira
1777 3758 1858 3829 hine
1892 3756 1937 3827 ad
1965 3776 2027 3827 sex

474 3898 619 3951 menses.
662 3878 751 3949 Item
778 3877 959 3949 definimus
987 3884 1022 3949 et
1048 3879 1281 3967 arbitramur,
1317 3878 1409 3968 quod
1445 3878 1478 3949 N
1488 3879 1672 3951 icolaus
1706 3880 1927 3969 praepositus
1964 3897 2028 3968 pro

474 4006 640 4091 tempore,
667 4005 703 4071 et
730 4004 918 4071 conventus
945 3998 1195 4071 Mstboviensis
1230 3998 1410 4098 denarium
1437 3998 1556 4073 Sancti
1582 3999 1681 4071 Petri
1711 4000 1927 4072 deecclesia
1954 3999 2028 4069 sive

474 4122 684 4193 monasterio
719 4119 953 4193 Mstboviensi
988 4120 1168 4193 collectori
1203 4126 1266 4193 aut
1300 4120 1541 4193 succolloctori
1575 4121 1778 4213 Apostolieo
1813 4122 1849 4192 in
1876 4120 2027 4191 dioecesi

475 4242 695 4348 cracoviensi
731 4241 921 4313 constituto
959 4242 1013 4313 vel
1040 4241 1303 4331 constituendo,
1338 4249 1610 4332 repraesentant.
1654 4243 1743 4316 ltem
1778 4242 1963 4315 deiuimm
1992 4247 2028 4311 et

474 4364 738 4453 pronuntiamus
765 4368 802 4433 et
828 4362 1039 4433 arbitramur
1065 4370 1102 4434 et
1128 4363 1355 4453 decernimus,
1382 4384 1502 4435 omnes
1528 4364 1610 4435 lites
1636 4370 1673 4435 et
1699 4365 1934 4454 quaestiones,
1961 4361 2026 4433 dii·

473 4484 649 4571 ierentias,
676 4502 849 4571 rancores,
877 4483 957 4555 odia
982 4489 1020 4553 et
1046 4482 1295 4573 displicentiae,
1322 4484 1581 4573 quomodolibet
1607 4486 1702 4555 intra
1723 4484 1900 4575 praefatos
1926 4503 2025 4555 reve

474 4603 700 4673 rendissimos
735 4602 931 4692 praesules,
967 4602 1125 4675 dominos
1160 4603 1184 4675 J
1194 4605 1416 4676 ohannem
1451 4605 1748 4695 archiepiscopum
1783 4611 1820 4676 et
1846 4604 2024 4676 ecclesiam

476 4722 723 4818 Gbeznensem,
742 4720 877 4793 Tbom
888 4742 953 4793 am
971 4725 1171 4813 episcopum
1188 4730 1225 4795 et
1241 4725 1422 4795 ecclesiam
1440 4724 1704 4799 Graeoviensem
1722 4732 1758 4797 et
1784 4726 2026 4798 Nicolaum

473 4845 711 4935 praepositum
751 4864 791 4914 ac
827 4850 1032 4917 conventum
1073 4846 1276 4917 monasterii
1314 4844 1565 4919 Mstboviensis
1604 4845 1821 4919 cremensis
1859 4848 2028 4919 dioecesis

473 4972 624 5057 exortas,
651 4972 829 5037 et‘coram
857 4966 1128 5057 quibuscumque
1155 4967 1326 5039 iudicibus
1343 4973 1416 5039 tam
1433 4968 1469 5039 in
1487 4968 1643 5041 Romana
1660 4970 1766 5057 curia,
1794 4988 1895 5059 quum
1914 4976 2025 5057 extra,

473 5090 654 5162 occasione
688 5088 885 5159 huiusmodi
921 5088 1191 5177 iurisdictionis,
1228 5090 1463 5178 obedieutiae,
1491 5091 1716 5163 subiectionis
1742 5098 1779 5163 et
1804 5091 2025 5163 reverentiae

474 5210 665 5302 pendentes
700 5210 889 5298 indecisae,
925 5210 1110 5298 sopiendas
1137 5216 1174 5281 et
1199 5210 1450 5300 extinguendas
1477 5231 1569 5300 esse,
1595 5232 1637 5283 ae
1663 5213 1818 5301 sopimus
1845 5232 1888 5283 ac
1913 5212 2027 5283 extin-
2085 5234 2090 5245 ’

471 5333 617 5422 guimas
643 5330 730 5402 Item
758 5329 948 5419 definimus,
975 5332 1189 5403 arbitramur
1214 5339 1251 5401 et
1272 5332 1499 5421 decernimus,
1525 5334 1616 5405 banc
1632 5340 1789 5403 nostram
1816 5333 2025 5405 sententiam

473 5454 672 5525 arbitralem
709 5473 730 5523 a
765 5448 953 5542 praedietis
979 5452 1139 5541 partibus
1165 5458 1345 5523 eteorum
1372 5454 1657 5543 procuratoribus
1683 5453 1802 5524 statim
1829 5428 2028 5543 emologau·
2151 5524 2153 5527 .

474 5574 568 5661 duur,
595 5573 866 5664 suscipiendum,
893 5572 1155 5663 approbandum
1181 5580 1219 5645 et
1245 5573 1497 5645 observandum
1525 5594 1619 5662 esse,
1646 5575 1710 5647 sub
1737 5596 1849 5664 poena
1876 5576 2027 5667 quinque

473 5695 618 5766 millium
652 5694 860 5767 florenorum
901 5696 937 5765 iu
973 5694 1210 5785 conpromisso
1250 5695 1323 5767 lata
1352 5696 1446 5784 parti
1480 5697 1631 5785 tenenti,
1671 5702 1706 5765 et
1740 5698 1830 5769 banc
1868 5703 2025 5773 nostran
