4492 6592
1692 973 1765 1044 337

207 1165 312 1264 erigit
340 1179 448 1266 atquo
476 1176 592 1266 dotat,
621 1181 659 1247 ut
678 1180 789 1248 morte
816 1197 880 1248 sua
898 1175 1009 1247 ducali
1038 1183 1205 1268 sequuta,
1232 1197 1377 1251 consors
1403 1199 1468 1250 sua
1485 1178 1710 1251 dilectissima
1735 1187 1772 1251 et

207 1296 301 1366 socia
329 1295 636 1387 Kunegundis
663 1283 810 1370 haberet
827 1298 1026 1388 religiosum
1055 1298 1266 1370 domicilium
1294 1307 1330 1370 et
1348 1300 1621 1392 reclinatorium,
1649 1303 1682 1372 iu
1702 1323 1771 1393 quo

208 1419 240 1488 in
260 1418 482 1518 virginitate,
511 1441 612 1510 quam
633 1419 697 1490 sub
715 1421 830 1510 specie
857 1421 949 1491 thori
969 1421 1141 1492 maritalis
1159 1422 1459 1512 scrupulosissime
1485 1423 1586 1493 anuis
1613 1424 1771 1514 plurimis

211 1545 418 1611 servaverat
437 1540 735 1631 custodiarutque,
763 1542 1012 1613 sanctimoniae
1039 1563 1123 1613 suae
1141 1543 1311 1614 funiculos
1339 1545 1374 1613 in
1398 1544 1525 1634 spiritu
1553 1547 1770 1635 paupertatis

206 1659 401 1732 altissimae
419 1667 456 1732 et
475 1662 650 1751 caritatis,
668 1667 772 1752 atque
791 1663 1092 1752 contemplationis
1110 1662 1413 1758 profundissimae,
1431 1665 1475 1735 ad
1491 1667 1769 1756 consequendum

206 1781 372 1854 coelestis
387 1783 531 1872 proemii
547 1789 583 1856 et
597 1783 839 1855 retributionis
853 1791 1017 1856 aeternae
1031 1785 1201 1873 bravium,
1219 1785 1393 1856 dilataret.
1419 1784 1483 1856 Cui
1499 1785 1637 1876 quidem
1651 1809 1770 1858 mona·

206 1903 314 1974 sterio
334 1924 357 1974 a
373 1923 411 1974 se
429 1905 549 1976 taliter
566 1904 726 1994 fundato,
744 1903 920 1995 praelatus
941 1905 1157 1977 Bolcslaus
1175 1905 1353 1977 Pudicus
1370 1905 1536 1977 Polouiae
1553 1907 1623 1978 dux
1641 1913 1679 1979 ct
1696 1931 1768 1980 mo·
1828 1999 1833 2006 q

155 2067 162 2077 ·
206 2025 359 2116 narcba,
396 2025 440 2097 de
467 2047 636 2100 consensu
663 2025 963 2098 Prandotbae
994 2027 1148 2118 episcopi
1170 2025 1430 2116 simondensis,
1466 2033 1502 2098 ot
1520 2022 1701 2118 procerum
1728 2051 1769 2100 ac

207 2147 393 2238 baronum,
410 2147 557 2237 primum
573 2148 684 2238 ipsum
699 2147 862 2238 oppidum
881 2147 960 2219 San
970 2148 1065 2220 decz
1084 2169 1161 2219 cum
1175 2148 1338 2219 theloneo
1352 2147 1471 2237 oppidi
1485 2149 1633 2239 praelati
1648 2151 1767 2241 pingvi

207 2271 241 2338 et
260 2272 438 2358 ventroso,
456 2269 590 2340 decima
609 2269 804 2358 septimana
821 2268 975 2340 thelonei
993 2289 1057 2359 pro
1075 2269 1238 2360 episcopo
1256 2257 1495 2360 cracoviensi,
1513 2276 1551 2341 et
1568 2291 1632 2342 sua
1650 2293 1768 2343 mensa

206 2389 408 2479 episcopali,
435 2390 535 2461 annis
562 2390 708 2480 singulis
735 2394 935 2479 reservata;
974 2391 1056 2461 item
1081 2391 1192 2481 villas,
1220 2390 1381 2481 praedia,
1408 2390 1619 2481 molendina,
1645 2387 1769 2464 census

208 2517 242 2580 et
270 2511 440 2583 introitus
467 2511 637 2582 notabiles
673 2512 897 2584 circumcirca
921 2510 1133 2582 Sandecz
1168 2517 1204 2582 et
1230 2511 1466 2601 Lypnicza
1501 2513 1629 2602 oppida
1656 2516 1765 2590 consi·
1860 2587 1866 2598 ,

206 2632 353 2721 stantia,
382 2653 459 2704 cum
478 2639 625 2724 utraque
653 2633 731 2723 ripa
749 2632 931 2704 fluviorum
960 2632 1219 2722 praedictorum
1247 2630 1425 2722 Poprod
1452 2636 1488 2702 et
1513 2633 1768 2725 Duuayecz,

208 2757 242 2822 et
268 2739 432 2824 caeteros
459 2753 650 2844 introituS,
669 2755 729 2844 qui
756 2759 895 2825 centum
925 2749 1079 2844 virgines
1106 2751 1321 2826 sufficienter
1346 2753 1441 2825 alere
1466 2761 1626 2846 possent,
1661 2755 1769 2826 dona-

208 2874 313 2944 none.
329 2880 502 2964 perpetua
537 2882 574 2946 et
601 2874 838 2965 irrevocabili,
874 2873 959 2946 ndril
993 2875 1059 2946 sibi
1096 2875 1182 2946 iuris
1208 2877 1270 2946 aut
1305 2863 1532 2964 proprietatis
1558 2876 1593 2946 in
1622 2859 1767 2967 oppidis,

105 2976 106 2983 ἵ
208 2993 316 3083 vidia,
344 3002 384 3066 et
410 2996 632 3086 introitibus,
660 3001 800 3086 praeter
827 2996 970 3068 tutelam
999 3001 1035 3066 et
1052 2994 1296 3085 defensionem,
1324 2997 1551 3087 reservando,
1577 2997 1700 3087 donat,
1727 3017 1768 3068 ac

209 3115 344 3204 singula
373 3116 492 3188 eadem
521 3118 612 3188 bona
647 3117 778 3190 dotalia
805 3117 850 3188 ab
877 3117 970 3188 omni
996 3118 1150 3214 tributo,
1173 3117 1290 3206 datia,
1317 3118 1487 3207 statione,
1513 3119 1704 3208 exactione,
1732 3121 1768 3188 et

210 3237 251 3306 ab
268 3239 365 3308 omui
393 3239 468 3308 iure
495 3239 605 3329 regali
632 3245 669 3309 et
687 3238 800 3310 ducali
828 3244 998 3330 perpetuo
1025 3239 1146 3309 eximit
1173 3243 1209 3308 et
1226 3237 1386 3328 absolvit,
1413 3238 1662 3329 ecclesiamque
1686 3259 1766 3310 cum

210 3359 436 3449 monasterio,
482 3341 684 3451 sumptuosd
720 3379 825 3452 opere
861 3382 903 3431 ex
939 3381 1056 3450 nruro,
1101 3365 1138 3429 ct
1173 3359 1328 3449 singulas
1365 3361 1566 3430 monasterii
1603 3359 1800 3459 cilicinas„

211 3477 373 3570 lubricat,
399 3486 521 3572 tegens
548 3481 729 3554 ecclesiam
756 3487 857 3571 petra
873 3481 953 3574 alba
971 3481 1107 3570 longam
1136 3478 1400 3550 diuturnitatem
1420 3480 1647 3571 praeferente.
1679 3481 1767 3552 Foe-

105 3656 109 3668 .
211 3600 300 3672 minu
337 3623 475 3693 quoque
511 3603 656 3673 illustris
692 3601 996 3692 Kunegundis
1032 3600 1215 3690 calicibus,
1260 3601 1408 3692 tabulis,
1450 3602 1628 3688 crucibus,
1665 3623 1767 3672 orna-

186 3725 352 3814 mentis,
389 3724 605 3814 caeterisque
638 3723 849 3795 notabilibus
876 3727 912 3794 et
947 3721 1121 3792 nobilibus
1148 3719 1331 3810 clenodiis,
1369 3721 1484 3791 aureis
1520 3726 1556 3791 et
1591 3724 1766 3812 argenteis

212 3840 367 3932 implevit
384 3851 420 3916 et
438 3845 620 3916 exornavit
638 3845 765 3935 locum,
792 3842 1070 3916 sanctimoniales
1089 3846 1206 3911 autem
1223 3842 1335 3930 magis
1354 3841 1537 3930 religiosae
1555 3847 1591 3912 et
1608 3842 1764 3948 devotae,

212 3983 251 4038 ex
277 3967 446 4038 coenobio
473 3965 753 4055 Zavicbostensi,
789 3965 876 4036 alias
902 3963 1021 4034 Sancti
1050 3961 1212 4032 Andreae
1246 3963 1282 4032 in
1309 3960 1538 4032 Gracovia
1565 3968 1764 4053 assumptae
1808 3968 1813 3984 “

213 4091 306 4176 suut,
342 4093 380 4158 et
406 4088 442 4158 in
469 4109 559 4159 novo
596 4086 824 4159 Sandeczeusi
860 4085 1073 4156 monasterio
1108 4082 1313 4173 apraeiato
1341 4082 1564 4152 Bolcslao
1591 4081 1765 4155 Pudico

214 4205 294 4278 duce
321 4214 359 4280 et
385 4215 546 4281 consorte
574 4231 637 4280 sua
663 4206 940 4298 Kuneguudi
967 4207 1115 4295 locatae,
1141 4206 1177 4275 in
1206 4203 1298 4295 quod
1324 4204 1430 4274 etiam
1456 4203 1587 4294 etipsa
1613 4203 1775 4277 foemina*

216 4325 320 4400 Beata
348 4330 652 4420 Kunegundis
687 4330 753 4401 viri
781 4330 834 4400 sui
870 4333 907 4400 et
933 4328 1050 4417 sponsi
1087 4325 1300 4397 Bolcslai
1327 4323 1490 4396 Pudici
1518 4323 1615 4431 ducis
1641 4331 1764 4415 morte,

211 4467 300 4538 ‚anno
327 4451 466 4522 Domini
491 4453 561 4522 127
566 4453 587 4522 9
617 4456 778 4541 sequuta,
809 4450 930 4520 babitu
958 4448 1148 4518 monastico
1163 4447 1283 4537 grisco
1308 4444 1454 4516 sancus
1481 4443 1615 4536 Clarae,
1642 4447 1764 4518 eodem

216 4589 278 4658 quo
306 4573 398 4644 iusta
424 4571 536 4644 funeri
564 4573 599 4643 in
628 4571 838 4642 monasterio
874 4569 991 4642 Sancti
1019 4569 1196 4641 Francisci
1223 4570 1258 4640 in
1287 4565 1516 4638 Oracoviu
1542 4567 1656 4639 soluta
1683 4573 1763 4640 sunt
1893 4639 1898 4646 .

216 4687 268 4760 die
294 4699 482 4785 assumpto,
509 4695 681 4783 ingressa,
708 4691 893 4764 servilibus
911 4690 1076 4784 operibus
1102 4696 1139 4760 et
1157 4689 1325 4780 coquinae
1351 4688 1570 4778 squaloribus
1597 4710 1635 4759 se
1654 4690 1766 4779 inqui-

216 4813 287 4882 nari
313 4834 377 4904 pro
396 4816 539 4886 summis
565 4815 714 4886 ducebat
741 4813 891 4901 deliciis;
918 4811 1231 4883 sanctimonialium
1259 4829 1396 4900 quoque
1414 4809 1598 4900 praecibus
1616 4809 1765 4880 assiduis

127 4962 130 4970 ν
218 4931 321 5025 victa,
357 4929 569 5009 abbatissam
601 4956 638 5006 se
665 4935 730 5005 loci
759 4933 870 5024 illius,
906 4953 1015 5024 usque
1051 4932 1094 5003 ad
1131 4931 1221 5002 diem
1249 4930 1365 5002 obitus
1400 4931 1621 5020 sagacissime
1646 4931 1765 5020 gessit,

217 5049 359 5128 iru'ctum
385 5031 595 5147 geminatum
614 5058 795 5146 utriusque
814 5055 905 5126 vitae
923 5053 1064 5126 foenore
1083 5052 1312 5143 multiplicato
1339 5055 1556 5141 perceptura.
1592 5049 1763 5121 Processu

219 5171 334 5249 deinde
352 5177 499 5268 dierum,
527 5178 618 5268 quod
637 5179 730 5249 circa
747 5177 1013 5266 descriptionem
1033 5174 1245 5246 fundationis
1263 5173 1464 5242 monasterii
1483 5171 1762 5242 Zavicbostensis

164 5288 169 5301 '
220 5299 523 5372 sanctimonialium
555 5298 910 5385 commemoravimus,
947 5316 1037 5366 nunc
1064 5313 1201 5385 quoque
1227 5295 1451 5382 reiteramus,
1479 5311 1554 5361 cum
1583 5291 1763 5362 Helica-

220 5413 320 5490 betb
348 5421 470 5502 relicta
502 5418 666 5491 Garuli
694 5417 915 5508 Hungariae,
951 5423 987 5488 et
1004 5424 1115 5486 ‘soror
1141 5414 1363 5485 casimiri
1391 5408 1575 5500 Poloniae‚
1610 5411 1762 5502 genitrix

221 5553 347 5629 quoque
382 5539 609 5612 Ludo'vici
645 5546 728 5611 tunc
764 5537 929 5608 Poloniae
966 5540 1001 5606 et
1028 5534 1231 5626 Hungariac
1257 5553 1395 5622 regum,
1423 5530 1589 5604 Polooiae
1615 5534 1761 5622 regnum

221 5655 476 5752 administrans,
511 5660 614 5732 buius
658 5659 858 5732 monasterii
897 5655 1128 5728 conditionem
1171 5659 1359 5762 conaretur
1392 5653 1507 5724 facere
1547 5653 1761 5744 crassiorem,

162 5830 167 5842 „
221 5779 253 5846 et
276 5801 390 5852 omnes
417 5782 567 5853 decimas
594 5780 826 5871 manipulares
853 5785 889 5848 et
915 5777 1110 5867 pecuniales
1143 5777 1178 5848 in
1206 5775 1366 5846 teritorio
1394 5772 1623 5845 Saudeczeosi
1650 5776 1784 5854 consi,

222 5899 356 5993 sterius,
395 5908 432 5973 et
462 5904 507 5974 ad
538 5921 690 5973 mensam
722 5901 952 5990 episcopalem
983 5898 1197 5988 pertinentes
1228 5895 1398 5967 violeriter
1437 5900 1595 5985 occupat,
1636 5901 1672 5965 et
1703 5916 1762 5966 eas
1877 5925 1882 5936 ¹

314 6069 361 6110 Lib.
369 6067 467 6110 Bonaflc.
479 6069 526 6110 111.
1557 6044 1595 6092 48
