4492 6592
1558 896 1564 901 -
1654 790 1729 861 aaa

180 995 317 1085 indidit,
346 995 453 1067 situm
480 995 517 1065 in
544 996 654 1085 pratis
674 1000 716 1065 'et
743 994 890 1085 quadam
918 994 1006 1065 valle
1034 994 1078 1065 ad
1106 994 1233 1065 fluenta
1258 994 1379 1065 lstul
1392 1016 1441 1065 ae
1477 1000 1730 1085 prospectante,

181 1138 263 1210 qnae
298 1117 515 1187 monasterio
550 1122 586 1187 et
612 1116 855 1187 amaenitatem
883 1121 919 1187 et
944 1117 1039 1205 ligna
1065 1116 1262 1187 necessaria
1289 1116 1333 1191 ad
1360 1115 1455 1187 focos
1482 1116 1731 1188 subministrat.

181 1240 322 1310 Tractus
347 1244 465 1308 autem
493 1244 547 1308 est
564 1238 688 1309 fluvius
714 1238 929 1328 Dlubnya
955 1237 997 1309 de
1015 1236 1232 1333 ¹haereditate
1251 1236 1537 1327 Byeuczicze
1564 1244 1730 1330 sumptae,

180 1368 217 1432 et
237 1359 428 1450 aggeribus
455 1363 642 1449 coartatus
669 1380 778 1449 usqne
805 1358 849 1430 ad
876 1358 1124 1430 monasterium
1151 1380 1215 1449 pro
1242 1378 1311 1430 una
1336 1348 1437 1448 parte
1463 1358 1640 1449 deductus,
1667 1380 1731 1449 pro

181 1482 245 1554 alia
278 1502 368 1552 uero
395 1486 511 1577 'parte
547 1481 582 1551 iu
619 1480 785 1571 piscinam
827 1480 1000 1552 laboriose
1035 1486 1072 1551 et
1107 1480 1318 1553 industriose
1353 1480 1450 1551 iuxta
1485 1481 1731 1553 monasterium

179 1601 393 1691 fabricatam,
421 1607 544 1672 cavato
572 1588 699 1673 monte'
715 1598 825 1671 arduo
852 1599 1044 1689 immissus,
1071 1600 1188 1690 plures
1224 1600 1327 1671 etiam
1365 1599 1451 1672 alias
1480 1600 1629 1693 piscinas
1656 1608 1732 1673 arte

182 1722 393 1815 incircuitu
420 1721 623 1793 monasterii
650 1720 826 1810 conditas,
853 1721 992 1809 rigans3
1023 1720 1256 1792 molendinum
1272 1721 1387 1793 'etiam
1416 1722 1509 1793 intra
1536 1726 1634 1812 septa
1660 1743 1732 1793 mo-

180 1842 330 1932 nasterii,
358 1848 397 1915 et
424 1842 518 1913 aliud
545 1841 589 1913 ad
617 1842 820 1914 serrandum
841 1862 977 1913 asseres
995 1840 1190 1933 conficiens,
1210 1842 1396 1933 pluresque
1418 1842 1504 1913 alias
1522 1843 1733 1915 monasterio
1766 1913 1771 1926 ,

181 1965 346 2036 Clarae
375 1963 573 2035 Tumbae
600 1964 782 2036 conferens
818 1963 1087 2035 commoditates.
1122 1962 1257 2054 Sumpti
1289 1969 1402 2035 autem
1430 1968 1511 2035 snut
1536 1962 1663 2036 iratres
1690 1962 1732 2035 de

182 2085 394 2157 monasterio
413 2084 576 2173 Lubensi,
602 2091 638 2157 et
666 2084 710 2155 ad
737 2105 864 2155 novum
883 2083 1129 2156 monasterinm
1149 2083 1316 2155 Clarae
1344 2084 1540 2157 Tumbae
1567 2106 1630 2176 per
1647 2084 1733 2158 Iro-

184 2227 270 2278 nem
298 2208 502 2297 episcopum
530 2204 795 2277 cracoviensem
822 2204 1020 2277 introducti.
1047 2204 1198 2297 Fuitqne
1225 2210 1340 2277 autem
1360 2205 1561 2278 monasterii
1579 2206 1735 2297 Mogila

183 2330 310 2419 primns
347 2328 459 2399 abbas
493 2334 594 2419 pater
629 2327 800 2399 Petrus
827 2327 869 2398 de
896 2327 1101 2416 LubenS,
1130 2327 1189 2417 qui
1216 2328 1463 2399 monasterinm
1490 2312 1577 2399 illud
1604 2328 1734 2418 optima

183 2449 346 2539 religione
374 2448 547 2538 institnit;
576 2458 638 2521 nec
665 2449 883 2521 obscuriores
909 2447 1049 2520 fuerunt
1076 2448 1130 2520 sui
1158 2468 1384 2537 successores,
1413 2440 1558 2539 quorum
1582 2449 1733 2529 omnium

184 2592 288 2661 usque
316 2570 363 2641 ad
392 2570 484 2641 bunc
511 2570 570 2660 qui
597 2592 687 2642 nunc
714 2577 853 2661 praeest
889 2571 1128 2643 subnectemus
1165 2569 1312 2641 nomina.
1349 2568 1516 2642 Omnibus
1543 2571 1633 2641 enim
1657 2570 1735 2641 aliis

184 2691 401 2763 monasteriis
428 2691 671 2780 cracoviensis
698 2691 884 2782 dioecesis,
912 2698 948 2762 et
975 2697 1013 2763 nt
1041 2693 1157 2763 verius
1184 2690 1345 2781 eloquar,
1373 2690 1483 2762 totius
1511 2691 1609 2782 regni
1636 2688 1735 2763 Polo·

183 2813 266 2901 niae,
291 2813 435 2883 suoruni
472 2818 608 2902 patrum
646 2812 744 2903 segni
772 2812 945 2885 oblivione
972 2812 1191 2885 abolentibns
1218 2812 1375 2897 nomina,
1402 2812 1439 2883 id
1466 2832 1568 2883 unum
1597 2816 1735 2885 caetera

186 2954 224 3003 ea
247 2934 484 3023 prosperitate
511 2953 807 3023 suppergressnm,
835 2955 877 3005 ea
903 2934 940 3004 in
966 2934 1056 3005 diem
1084 2934 1174 3005 banc
1201 2933 1402 3005 coracinavit.
1433 2924 1436 2940 '

282 3053 451 3143 Moornn,
478 3053 562 3124 villa
584 3054 720 3126 'habens
747 3054 980 3145 parochialem
1007 3055 1042 3126 iu
1069 3075 1117 3144 se,
1136 3054 1261 3127 Sancto
1280 3053 1546 3127 Bartholomaeo
1566 3053 1735 3145 Apostolo

186 3172 339 3264 dicatam,
367 3174 529 3265 ligneam,
556 3175 654 3247 iuxta
679 3174 819 3247 fluvium
846 3176 1060 3266 Dlubuya
1087 3176 1171 3265 sita,
1198 3177 1295 3247 cuius
1321 3175 1518 3265 proprietas
1546 3174 1590 3246 ad
1616 3198 1734 3248 mona-

189 3295 327 3367 sterium
355 3296 524 3367 Clarae
552 3294 748 3368 Tumbae
775 3298 937 3387 pertinet.
972 3298 1013 3369 ln
1041 3318 1108 3388 qua
1137 3302 1217 3368 sunt
1243 3296 1502 3387 quatuordecim
1529 3297 1629 3368 lanei
1648 3319 1737 3369 eme-

187 3416 349 3506 tbonales,
379 3422 415 3488 et
442 3417 587 3507 quilibet
606 3417 719 3503 ‚solvit
738 3473 878 3489 ......
906 3419 989 3491 item
1017 3411 1096 3509 ova,
1118 3420 1201 3491 item
1227 3418 1356 3507 gallon,
1384 3418 1465 3490 item
1494 3439 1622 3491 caseos.
1649 3418 1736 3491 Item

189 3536 346 3608 laborant
382 3537 469 3609 duos
501 3537 575 3609 dies
604 3539 639 3610 in
667 3539 878 3630 septimana,
905 3540 1046 3629 proprio
1074 3561 1179 3611 curru
1207 3546 1268 3611 aut
1295 3546 1423 3611 aratro.
1463 3540 1550 3611 Item
1577 3540 1739 3611 laborant
1767 3530 1771 3543 ’

184 3657 370 3750 mundana.
399 3659 485 3729 Item
513 3683 650 3756 casapep
676 3682 745 3732 non
773 3662 922 3733 solvunt.
949 3662 1036 3731 ltem
1064 3668 1119 3732 est
1146 3661 1195 3733 ibi
1223 3682 1292 3733 una
1309 3662 1456 3732 taberna
1475 3662 1606 3732 habens
1624 3681 1736 3751 agree,
1845 3756 1847 3759 Ι

187 3784 219 3848 et
244 3780 348 3852 solvit
376 3800 445 3852 uua
469 3780 506 3851 in
532 3786 645 3852 strata
671 3782 808 3872 publica
835 3787 912 3853 octo
940 3802 1084 3872 marcas,
1111 3782 1223 3853 altera
1249 3803 1310 3853 sex
1330 3802 1474 3853 marcas.
1502 3781 1588 3852 ltem
1607 3781 1744 3853 hortu.

190 3897 305 3990 laniae,
332 3903 417 3973 item
443 3901 622 3992 praedium
651 3902 859 3991 coenobiale,
887 3902 930 3973 de
957 3902 1055 3973 cuius
1073 3902 1170 3992 agris
1189 3902 1438 3973 monasterium
1458 3900 1553 3973 tollit
1571 3900 1739 3973 decimam
1812 3960 1818 3973 ,

191 4026 223 4090 et
246 4022 331 4093 nulli
359 4023 402 4094 de
429 4024 490 4094 illa
517 4023 712 4114 respondet.
739 4024 827 4095 lteru
855 4022 1088 4095 molendinum
1117 4045 1221 4094 unum
1251 4022 1286 4094 in
1304 4021 1443 4095 flumine
1462 4022 1677 4113 Dlubnya
1703 4028 1739 4092 et

192 4141 313 4214 solvit.
331 4200 338 4214 .
358 4200 367 4214 .
385 4144 472 4216 ltem
497 4166 619 4233 ¹omnes
646 4145 721 4235 agri
749 4145 851 4216 villae
879 4145 1019 4217 solvunt
1038 4152 1074 4216 et
1091 4144 1287 4217 conducunt
1305 4143 1470 4215 decimam
1490 4144 1739 4235 manipularem

193 4268 224 4331 et
248 4265 448 4356 canapalem
484 4286 548 4356 pro
577 4266 787 4338 monasterio
813 4265 1020 4357 Mogilensi,
1049 4271 1084 4337 et
1111 4266 1211 4338 valor
1237 4265 1311 4337 eius
1338 4264 1541 4337 aestimatur
1568 4264 1612 4335 ad
1640 4265 1738 4356 qnin-

194 4381 295 4455 decim
332 4376 477 4459 marcas.
513 4376 652 4457 Donata
687 4388 898 4460 monasterio
934 4409 997 4479 per
1027 4388 1212 4460 lvonem
1240 4387 1438 4477 episcopum
1466 4385 1738 4459 Gracoriensem.

133 4534 140 4547 ·
195 4501 347 4579 &afluat
374 4528 450 4579 cum
478 4507 725 4595 Plescbow,
753 4504 1103 4599 Grzeslawicze,
1132 4508 1430 4601 Byenczicze.
1707 4515 1711 4521 '

291 4629 472 4719 Domana,
510 4629 593 4700 villa
629 4630 693 4701 sub
729 4631 895 4721 parochia
930 4630 973 4701 de
999 4630 1208 4722 Mogilya
1235 4630 1321 4720 sita,
1349 4628 1446 4701 cuius
1473 4628 1670 4720 proprietas
1698 4628 1742 4699 ad
1812 4694 1824 4703 ..

197 4752 437 4823 monasterinm
465 4749 632 4822 Glarae
669 4750 871 4824 Tnmbae
906 4752 1068 4843 pertinet.
1104 4753 1142 4822 lu
1172 4773 1240 4842 qua
1268 4756 1349 4823 sunt
1366 4750 1468 4822 ‘lanei
1496 4749 1739 4838 cmethooales,

197 4870 229 4937 et
253 4872 395 4959 quilibet
422 4872 526 4944 solvit
554 4925 634 4959 ...,
662 4872 746 4943 item
774 4894 859 4963 ova,
886 4873 970 4945 item
995 4874 1115 4964 gallos,
1144 4874 1227 4945 item
1255 4893 1394 4962 caseos;
1421 4872 1505 4944 item
1532 4871 1631 4943 labor
1657 4870 1740 4940 item

193 4990 349 5083 pcwobu,
376 4994 461 5065 item
496 5016 651 5089 campesi,
678 4994 761 5065 item
797 4995 962 5085 taberna,
989 4995 1072 5065 item
1100 4994 1296 5084 hortulani,
1323 4994 1405 5065 item
1433 4992 1631 5083 praedium,
1659 4990 1742 5061 item

199 5110 432 5187 molendinum.
459 5116 545 5185 Item
574 5136 692 5187 omues
719 5115 795 5205 agri
822 5116 925 5188 villae
952 5116 1091 5188 solvunt
1117 5122 1153 5188 et
1180 5116 1373 5188 conducunt
1402 5114 1567 5185 decimam
1587 5112 1742 5202 manipn-

200 5226 298 5305 larem
325 5238 362 5306 et
388 5237 588 5327 canapalem
615 5258 679 5327 pro
706 5238 918 5309 monestede
945 5236 1150 5328 Mogileusi,
1178 5242 1214 5309 et
1240 5236 1338 5308 valor
1365 5236 1439 5307 eins
1467 5233 1671 5306 aestimatur
1698 5232 1742 5303 ad

203 5348 371 5429 duodecim
398 5378 543 5429 marcas.
571 5357 724 5429 Vendita
741 5379 804 5449 per
830 5358 1073 5430 Nicolaum
1101 5359 1261 5430 abbatem
1289 5356 1481 5433 consulatui
1508 5353 1738 5442 Cracoviensi,
1779 5356 1782 5366 “

203 5476 234 5540 et
256 5496 317 5565 pro
352 5479 421 5550 illis
457 5479 614 5569 pecuniis
649 5480 897 5551 monasterium
933 5479 1125 5571 Mogilense
1153 5480 1237 5550 emit
1264 5477 1381 5549 villam
1408 5476 1543 5565 Lang.
1585 5474 1744 5547 Gonliuat

130 5629 133 5639 ·
206 5611 273 5676 lum
297 5598 483 5691 Mugila,
510 5600 739 5693 Gzirziny,
765 5602 901 5691 La‘ng,
929 5599 1224 5673 Glambinow.

296 5720 510 5814 Gannznnn,
538 5723 621 5795 villa
648 5724 712 5795 sub
743 5724 908 5815 parochia
934 5722 979 5795 de
1005 5722 1214 5815 Mogilya
1241 5722 1325 5811 sita,
1353 5720 1450 5793 cuins
1478 5719 1672 5811 proprietas
1699 5718 1744 5790 ad
1861 5822 1863 5830 ,
