4492 6592
491 785 563 856 144
655 875 660 883 ¹

600 969 944 1079 anvssuouvnczn,
984 989 1067 1060 villa
1103 989 1168 1060 snb
1199 987 1364 1080 parocbia
1403 988 1568 1059 ecclesiae
1604 987 1648 1058 de
1682 985 2040 1077 Schepravicze

488 1114 565 1202 sita,
593 1113 689 1182 cuius
716 1111 911 1202 proprietas
939 1116 975 1181 et
1002 1110 1189 1180 dominium
1225 1131 1268 1182 ex
1294 1111 1431 1198 integro
1459 1109 1504 1179 ad
1530 1109 1767 1199 praepositum
1802 1112 1839 1178 et
1864 1111 2040 1178 monaste-

487 1233 575 1303 rium
604 1231 769 1322 Corporis
797 1229 927 1303 Christi
954 1232 1115 1322 pertinet.
1160 1230 1260 1306 Hanc
1285 1230 1402 1300 villam
1439 1230 1670 1300 Derslans
1704 1229 1747 1300 de
1783 1229 2041 1319 Borzynow

487 1353 704 1424 decretorum
733 1353 865 1441 doctor,
893 1353 1156 1424 archidiaconns
1184 1357 1219 1421 et
1245 1352 1429 1422 canonicus
1447 1350 1697 1440 CracoviensiS,
1723 1349 1850 1422 nobilis
1869 1349 1913 1420 de
1931 1332 2040 1420 armis

487 1479 522 1544 et
548 1473 687 1562 familia,
716 1474 774 1564 qni
803 1495 839 1544 se
863 1475 1043 1546 nominant
1069 1473 1331 1565 Koppacze,
1360 1473 1607 1543 monasterium
1625 1471 1819 1563 praefatum
1838 1473 1875 1542 ln
1892 1470 2042 1542 occidua

487 1600 601 1666 aetate
637 1597 874 1686 ingressurus,
910 1617 973 1686 pro
1015 1595 1171 1686 praefato
1207 1595 1437 1683 monasterio,
1473 1599 1509 1664 ct
1535 1615 1599 1686 pro
1635 1593 1865 1684 septingentis
1901 1593 2040 1682 marcis,

487 1713 574 1806 qnae
601 1738 643 1786 ex
670 1717 846 1788 benefieiis
874 1717 946 1787 suis
973 1717 1171 1806 collegerat,
1198 1715 1290 1806 apud
1318 1715 1363 1784 W
1372 1716 1673 1805 yerinlronem
1699 1714 1841 1785 militem
1869 1714 1914 1784 de
1931 1715 2041 1784 armis

486 1836 509 1907 J
519 1838 657 1908 anina
684 1859 774 1909 anno
801 1837 939 1909 Domini
972 1839 1068 1908 1450
1097 1838 1240 1926 coemit,
1268 1841 1305 1908 et
1331 1842 1411 1926 post
1437 1837 1641 1926 ingressum,
1667 1857 1758 1908 anno
1785 1857 1853 1906 uno
1880 1855 1960 1906 cnm
1987 1834 2041 1905 di·

487 1959 592 2030 midio
620 1960 759 2048 vivens,
801 1964 898 2049 peste
926 1959 1115 2050 epidemiae
1151 1965 1266 2029 tactus
1292 1958 1399 2028 vitam
1436 1957 1578 2046 finiens,
1619 1959 1653 2027 in
1682 1957 1802 2028 eadem
1829 1956 1977 2027 ecclesia
2004 1959 2042 2025 et

488 2081 697 2151 monasterio
725 2081 920 2171 requiescit.
965 2080 1004 2150 In
1034 2101 1101 2170 qna
1137 2079 1219 2150 villa
1253 2085 1335 2150 sunt
1362 2079 1507 2168 triginta
1541 2079 1633 2149 lanei
1661 2079 1914 2165 cmetbonales3
1954 2077 2041 2147 item

487 2202 687 2272 emethones
714 2223 782 2273 non
809 2202 972 2273 laborant
1008 2201 1142 2292 aliquos
1170 2201 1244 2272 dies
1271 2201 1307 2270 In
1334 2201 1545 2290 septimana,
1579 2201 1690 2271 solnm
1717 2199 1762 2271 ad
1789 2199 2039 2271 conducturum

487 2323 650 2393 roborum
687 2344 750 2412 pro
778 2321 943 2393 aedificiis
979 2323 1095 2392 curIae
1123 2327 1160 2391 et
1185 2321 1373 2393 molendini
1408 2327 1582 2392 tenentur.
1627 2321 1715 2392 Item
1743 2321 1779 2391 in
1806 2320 1928 2391 eadem
1956 2319 2042 2390 villu

487 2448 541 2513 est
566 2445 714 2514 taberna
740 2443 871 2515 babens
899 2463 1012 2533 agros,
1040 2463 1130 2533 quae
1156 2464 1221 2533 pro
1249 2464 1363 2513 annuo
1390 2463 1495 2513 censu
1523 2441 1626 2514 solvit
1652 2442 1863 2512 monasterio
1886 2447 2041 2532 quatuor

487 2585 628 2654 marcas,
656 2565 739 2636 item
768 2569 822 2636 est
847 2585 916 2635 nna
942 2565 1144 2636 hortulania
1170 2565 1302 2636 babens
1330 2585 1453 2656 agros,
1489 2585 1578 2654 quac
1604 2585 1668 2655 pro
1695 2585 1809 2635 annuo
1836 2583 1944 2634 censu
1971 2563 2041 2633 sol·
2161 2587 2163 2650 ἡ

383 2673 386 2680 ’
485 2687 535 2756 vit
554 2739 694 2755 ......
735 2686 822 2756 Item
851 2705 968 2757 omnes
997 2687 1072 2776 agri
1099 2687 1344 2775 emethonales,
1367 2685 1605 2757 tabematoris
1632 2689 1668 2756 et
1694 2685 1868 2757 hortulani
1896 2683 2040 2755 solvunt
2161 2693 2163 2786 ff

485 2805 652 2878 decimam
693 2807 942 2897 manipularem
985 2807 1205 2896 praebendae
1241 2806 1481 2896 Crotoniensi,
1522 2828 1611 2897 qnae
1650 2812 1795 2878 vocatur
1830 2794 2037 2877 Gonowslra
2161 2787 2163 2904 ξ

487 2927 615 2999 Verum
636 2929 717 3020 quia
743 2927 901 3019 praefata
927 2927 1011 2998 villa
1037 2929 1073 2998 in
1100 2929 1274 3000 montanis
1301 2929 1369 3000 sita
1395 2935 1459 3018 cst,
1485 2929 1617 3000 babens
1643 2949 1747 3019 agros
1774 2927 1912 2999 steriles
1939 2933 1977 2998 et
2002 2928 2038 2998 in
2161 2921 2163 2960 ²

485 3049 602 3138 plnres
629 3051 760 3140 species
787 3050 905 3120 laneos
933 3048 1194 3139 diversificatos,
1223 3056 1259 3120 et
1285 3051 1419 3121 incolae
1437 3049 1539 3121 villae
1566 3050 1744 3141 praefatae
1770 3050 1936 3121 maiorem
1957 3071 2038 3140 ope-
2161 3045 2163 3106 ἐ

485 3190 559 3240 ram
587 3169 672 3241 dant
698 3171 885 3241 carbonum
912 3171 1094 3260 exustioni,
1123 3191 1224 3262 qnam
1251 3169 1502 3242 frumentorum
1530 3172 1671 3261 sationi,
1699 3171 1861 3261 quocirca
1887 3191 1930 3242 en
1958 3192 2037 3261 per·
2161 3165 2163 3194 '

485 3291 650 3362 missione
675 3296 711 3364 et
736 3291 877 3362 licentia
904 3292 1144 3363 canoninorum
1173 3293 1392 3382 praebendae
1419 3292 1620 3395 praefatae,
1640 3294 1745 3364 solvit
1770 3293 1854 3364 villa
1880 3293 2039 3383 praefata
2160 3281 2161 3359 ἶ

485 3433 548 3500 pro
576 3413 710 3483 decima
736 3414 770 3483 in
799 3415 892 3485 omni
919 3433 1001 3484 casu
1028 3414 1128 3484 annis
1156 3414 1309 3503 singulis,
1337 3435 1401 3504 pro
1428 3413 1518 3485 festo
1544 3413 1661 3485 Sancti
1687 3413 1844 3503 Martini,
1870 3416 2038 3486 canonico
2160 3466 2161 3493 r

485 3553 548 3622 pro
575 3539 750 3624 tempore,
791 3554 851 3605 sex
880 3555 1013 3605 marcas
1040 3555 1115 3605 cunr
1144 3533 1296 3605 dimidia.
1340 3536 1429 3606 Item
1456 3541 1511 3605 est
1537 3535 1634 3606 curia
1660 3535 1871 3607 coenobialis
1902 3536 2038 3606 babens

484 3675 587 3744 agros
614 3655 819 3746 praediales,
847 3655 890 3726 de
918 3676 1063 3746 qnorum
1090 3656 1264 3747 aliquibus
1291 3655 1439 3727 solvitur
1474 3656 1608 3727 decima
1634 3657 1860 3746 manipularis
1887 3658 2037 3746 plebano
2160 3690 2161 3701 ¹

484 3782 520 3845 et
546 3775 712 3847 ecclesiae
738 3776 773 3846 in
801 3775 1055 3866 Scheprav.
1100 3777 1188 3848 Item
1215 3778 1251 3846 in
1278 3777 1397 3848 eadem
1435 3777 1518 3847 villa
1552 3782 1607 3849 est
1633 3777 1867 3849 molendinum
1904 3779 2037 3850 babens

483 3897 620 3976 hortum
649 3895 739 3987 qnod
767 3899 872 3969 solvit
899 3919 962 3987 pro
991 3899 1201 3970 monasterio
1228 3898 1314 3968 duas
1342 3918 1485 3969 marcas.

586 4018 896 4110 Rznsonornnnv‚
923 4019 1006 4090 villa
1033 4021 1097 4090 sub
1124 4020 1291 4109 parocbm
1317 4019 1484 4090 ecclesiae
1510 4019 1554 4090 de
1581 4019 1932 4110 Podstbolycze
1960 4022 2037 4108 sita,

482 4140 579 4210 cuius
607 4141 803 4230 proprietas
831 4145 867 4211 at
893 4140 1080 4212 dominium
1109 4141 1154 4210 ad
1172 4142 1407 4231 praepositum
1436 4147 1472 4212 et
1499 4142 1701 4212 coenobium
1730 4141 1934 4212 monasterii
1952 4140 2037 4212 Cor·

481 4261 576 4350 poris
604 4259 736 4332 Christi
764 4262 926 4351 pertinet
954 4281 1042 4352 quae
1069 4263 1280 4333 monasterio
1307 4262 1436 4333 donata
1463 4267 1519 4332 est
1544 4281 1607 4351 per
1625 4261 1810 4352 Hedvigim
1838 4269 2035 4333 consortem

337 4399 353 4460 ·,
481 4379 643 4471 Procopii
670 4381 973 4472 Pyanyaszelr
1010 4381 1347 4474 Krnszlowslry
1382 4388 1420 4454 et
1455 4383 1670 4454 Inntham
1696 4381 1839 4454 fratrem
1866 4383 1952 4454 eius.
1996 4383 2036 4453 In

482 4521 550 4591 qua
576 4508 658 4573 sunt
685 4523 744 4573 sex
771 4503 863 4573 lanei
890 4503 1134 4592 cmcthonales,
1162 4510 1198 4574 et
1225 4505 1371 4594 quilibet
1397 4525 1461 4594 pro
1480 4525 1585 4575 censu
1612 4525 1727 4576 annuo
1754 4504 1859 4575 solvit
1885 4504 2036 4576 sedecim

482 4627 613 4694 scottos
641 4625 830 4694 communis
857 4625 1043 4713 pecuniae;
1084 4625 1168 4695 item
1194 4630 1268 4696 tres
1296 4626 1534 4715 bertalamius,
1571 4645 1659 4716 quac
1685 4625 1816 4696 habent
1842 4646 1965 4716 agros,
2000 4631 2036 4696 et

482 4744 657 4834 quaelibet
683 4745 787 4816 solvit
813 4765 917 4815 unum
945 4744 1125 4835 fertonem,
1152 4751 1188 4817 et
1215 4769 1321 4817 unum
1348 4746 1438 4818 diem
1466 4748 1502 4816 in
1530 4748 1721 4836 septimana
1748 4727 1913 4837 pedester
1938 4747 2035 4819 labo-

447 4869 545 4936 ·rat.
591 4866 678 4936 Item
705 4870 759 4937 cst
786 4865 835 4936 ibi
862 4887 931 4937 una
966 4867 1132 4958 taberna,
1169 4868 1301 4938 habens
1337 4889 1458 4958 agros,
1496 4889 1584 4958 qnae
1611 4868 1717 4940 solvit
1751 4869 1920 4941 coenobio
1948 4868 2035 4940 duas

478 5007 621 5058 marcas.
666 4986 753 5058 Item
781 4987 926 5076 quilibet
952 4988 1087 5058 emetho
1123 4987 1166 5059 de
1191 4989 1293 5060 laneo
1328 4989 1466 5059 laborat
1501 5009 1607 5060 unum
1634 4989 1725 5059 diem
1760 4989 1796 5058 in
1824 4990 2032 5079 septimana,

479 5129 542 5199 per
567 5113 680 5180 totum
707 5129 853 5198 annum,
894 5108 1036 5198 proprio
1064 5129 1168 5180 curru
1196 5116 1258 5180 aut
1285 5115 1413 5181 aratro.
1440 5110 1527 5180 Ibem
1554 5109 1719 5182 ducturas
1745 5110 1878 5181 iaciunt
1905 5111 1949 5180 ad
1978 5131 2033 5180 ra-

478 5231 608 5302 tionem
637 5229 769 5301 dierum
798 5230 834 5300 in
863 5231 1056 5320 septimana
1083 5230 1296 5321 debitorum,
1333 5232 1416 5302 item
1445 5232 1591 5321 quilibet
1617 5231 1660 5302 de
1687 5232 1786 5302 laneo
1814 5231 1920 5302 solvit
1947 5231 2033 5302 dnos

477 5351 597 5441 gallos,
626 5351 713 5423 duos
741 5371 871 5442 caseos,
899 5357 934 5422 et
960 5352 1107 5443 triginta
1134 5373 1217 5441 ova,
1257 5353 1341 5423 item
1369 5357 1422 5424 est
1448 5353 1628 5443 praedium
1656 5353 1866 5442 coenobiale,
1893 5353 1937 5424 de
1966 5373 2032 5444 quo

476 5471 609 5541 decima
635 5473 859 5564 manipularis
887 5493 949 5564 pro
977 5473 1100 5545 maiori
1126 5479 1226 5564 parte
1244 5474 1393 5545 soluitur
1410 5475 1561 5546 vicariae
1587 5480 1776 5565 perpetuae
1795 5473 2031 5561 Cracoviensi,

480 5611 567 5680 quae
593 5593 745 5681 pertinet
780 5594 823 5664 ad
851 5593 1083 5684 praebendam
1111 5593 1375 5666 Cracoviensem
1413 5602 1570 5666 vocatam
1602 5595 1864 5686 SczytnIczslra,
1900 5595 1944 5667 de
1971 5595 2033 5666 ali·

479 5711 604 5803 quibus
645 5734 728 5784 vero
765 5715 858 5805 agris
898 5715 1133 5805 praedialibus
1173 5716 1307 5787 decima
1342 5715 1569 5807 manipularis
1610 5716 1758 5790 solvitur
1793 5717 1960 5791 ecclesiae
1995 5719 2032 5791 et
