4492 6592
374 805 382 814 ·
457 785 526 878 oa⁸

456 988 681 1081 pertinentes.
717 986 805 1058 Item
841 991 991 1076 quatuor
1024 983 1244 1056 hortulaniae
1270 983 1315 1055 ad
1354 983 1546 1055 scoltetiam
1580 963 1806 1074 pertinentes,
1840 982 2010 1054 babentes
2111 973 2117 982 ’

462 1131 584 1202 agros,
611 1113 648 1180 et
682 1105 726 1178 de
762 1107 921 1178 omuibus
956 1105 1121 1196 praelatis
1156 1105 1289 1178 decima
1323 1104 1548 1196 manipularis
1583 1104 1732 1177 solvitur
1757 1105 1862 1176 altari
1888 1103 2010 1174 Trium
2160 1078 2165 1137 ³

440 1231 591 1327 ¹Regum
608 1230 644 1300 in
670 1225 817 1300 ecelesia
843 1225 1072 1299 cracoviensi.

562 1338 817 1438 Domdsenom
844 1347 927 1420 villa
954 1349 1018 1422 sub
1044 1347 1212 1438 parocbia
1237 1347 1281 1418 de
1300 1401 1308 1416 .
1326 1401 1333 1416 .
1353 1402 1360 1416 .
1379 1401 1387 1416 .
1405 1347 1490 1437 sita,
1516 1346 1615 1418 cuins
1640 1346 1837 1436 proprietas
1863 1344 1909 1416 ad
1937 1365 2010 1415 mo

460 1472 652 1545 nasterinm
675 1470 947 1562 Zwyerzynense
973 1469 1136 1560 pertinet.
1162 1469 1202 1540 In
1230 1491 1299 1559 qua
1325 1475 1407 1541 sunt
1433 1469 1524 1539 lanei
1546 1467 1790 1556 emethonales‚
1807 1472 1846 1538 et
1863 1465 2011 1557 quilibet

458 1595 563 1666 solvit
581 1647 588 1662 .
608 1647 615 1663 .
634 1645 660 1682 .‚
686 1592 770 1664 item
797 1611 872 1680 ονε,
900 1587 996 1662 item
1009 1591 1129 1682 gallos,
1156 1591 1240 1662 item
1268 1610 1406 1679 caseos,
1432 1575 1517 1660 item
1543 1589 1661 1678 labor,
1687 1589 1772 1659 item
1797 1598 2010 1683 opprmomrr,

460 1716 544 1786 item
572 1733 718 1808 osezyep,
744 1712 828 1782 item
856 1711 1031 1800 tabernae,
1059 1711 1144 1782 item
1169 1710 1399 1801 hortulaniae,
1425 1711 1508 1780 item
1534 1709 1779 1798 molendinum,
1805 1708 1890 1780 item
1909 1726 2011 1797 prae·
2080 1758 2083 1763 «

458 1837 563 1908 dium.
598 1835 686 1906 Item
723 1853 843 1905 omnes
870 1833 946 1922 agri
972 1832 1075 1903 villae
1111 1832 1251 1904 solvunt
1277 1837 1313 1904 et
1339 1831 1539 1904 conducunt
1564 1830 1733 1903 desimam
1758 1829 2012 1920 manipularem

460 1962 497 2029 ot
522 1955 722 2046 eanapalem
749 1973 866 2045 pro..
886 2007 894 2023 .

563 2077 796 2166 Ponunnmn,
823 2074 907 2146 villa
934 2075 1067 2146 habens
1095 2073 1273 2173 eoelesiam
1300 2053 1533 2164 parochialem
1558 2073 1595 2143 in
1622 2091 1660 2144 se
1686 2070 1854 2162 ligneam,
1881 2069 2012 2142 Sancto

334 2278 337 2294 ,
468 2199 616 2272 dicatam
644 2197 844 2270 lidalberto.
884 2196 924 2280 In
952 2215 1020 2287 qua
1054 2201 1136 2267 sunt
1162 2199 1240 2267 outo
1275 2195 1366 2266 lanei
1393 2195 1643 2286 emethonales,
1668 2199 1707 2265 et
1733 2193 1879 2283 quilibet
1905 2191 2014 2263 solvit

459 2339 583 2391 novem
618 2315 747 2389 seo'ttos
782 2337 850 2408 pro
882 2336 1006 2405 ceusu,
1033 2315 1117 2388 item
1154 2336 1221 2387 ova
1255 2315 1453 2406 sexaginta,
1479 2317 1562 2386 item
1589 2313 1700 2406 gallos
1726 2319 1895 2404 quatuor,
1922 2313 2009 2383 item

461 2461 580 2512 caseos
607 2439 704 2511 duos.
740 2438 828 2510 Item
855 2437 1017 2510 laborant
1051 2437 1252 2509 indistinete
1280 2435 1417 2527 quando
1444 2436 1495 2508 eis
1522 2436 1725 2525 mandatur,
1752 2440 1867 2506 certos
1894 2437 2011 2505 aumm

458 2561 596 2634 diesin
622 2559 816 2650 septimana
851 2581 920 2632 non
947 2559 1118 2630 laborant.
1154 2559 1243 2630 Item
1263 2555 1466 2661 ponebam,
1492 2559 1576 2628 item
1602 2577 1739 2652 osazyep
1766 2555 1923 2645 solvunt,
1950 2575 2014 2626 sex

459 2683 583 2755 choros
609 2701 740 2754 avenae
767 2686 803 2766 et
829 2685 977 2771 quatuor
1004 2680 1128 2751 choros
1155 2678 1313 2770 siliginis,
1340 2697 1523 2750 mensurae
1541 2732 1548 2746 .
1568 2732 1576 2747 .
1594 2731 1604 2748 .
1620 2677 1708 2748 Item
1726 2683 1781 2747 est
1797 2677 1846 2747 ibi
1863 2677 2014 2747 taberna
2046 2659 2052 2670 ¹

441 2825 530 2875 ,uua
555 2803 686 2876 babens
713 2821 816 2894 agros
851 2807 889 2872 et
923 2805 1026 2890 prata
1052 2806 1089 2872 et
1114 2799 1244 2872 solvit.
1263 2853 1270 2869 .
1289 2853 1296 2868 .
1316 2854 1323 2869 .
1349 2799 1436 2870 Item
1462 2804 1518 2871 est
1542 2798 1591 2870 ibi
1618 2797 1851 2870 molendinum
1876 2795 2013 2867 habens

328 2944 336 3025 j
459 2921 563 3015 agros
590 2929 626 2996 et
652 2927 762 3014 prata,
790 2927 827 2996 et
852 2921 958 2993 solvit
984 2926 1135 3012 quatuor
1160 2940 1295 2992 marcas
1321 2939 1385 3010 pro
1412 2940 1527 2991 ceusu.
1558 2919 1645 2992 Item
1673 2923 1728 2989 est
1752 2917 1801 2990 ibi
1829 2917 2013 3008 praedium

185 3117 190 3124 .
356 3099 359 3104 -
434 3083 439 3088 -
460 3044 676 3135 coenobiale,
703 3043 747 3115 de
774 3043 871 3114 cuius
899 3042 993 3132 agris
1025 3042 1173 3114 soletur
1198 3040 1332 3113 decima
1357 3041 1583 3132 manipularis
1609 3061 1673 3131 pro
1700 3037 1847 3110 eeclesia
1870 3039 1908 3109 in
1935 3037 2014 3109 Po·

391 3275 395 3282 ¹
459 3165 673 3258 byednik.
699 3165 787 3236 Item
815 3183 934 3236 omnes
961 3161 1037 3254 agri
1074 3163 1176 3234 villae
1211 3162 1351 3253 solvunt
1376 3166 1413 3234 et
1438 3162 1636 3234 oonduount
1661 3161 1827 3232 decimam
1854 3160 2014 3250 manipu-

459 3287 568 3358 larem
605 3291 641 3358 et
675 3285 875 3376 canapalem
911 3303 974 3375 pro
1010 3285 1157 3356 eeclesia
1190 3284 1227 3356 in
1261 3283 1543 3376 Pobyednilr.
1583 3283 1670 3354 Item
1700 3282 1921 3354 hortulaniae
1947 3301 2012 3352 sex
2098 3316 2103 3322 ·

309 3393 312 3404 ’
460 3407 627 3480 habentes
654 3429 775 3498 agros,
802 3411 838 3478 et
864 3406 1039 3498 quaelibet
1052 3431 1059 3442 ·
1074 3405 1179 3477 solvit
1208 3427 1311 3477 unam
1337 3425 1489 3477 maroam
1515 3405 1629 3476 minus
1654 3425 1715 3476 sex
1742 3404 1883 3494 grossis.
1923 3403 2012 3474 Item

460 3533 541 3600 sunt
568 3529 617 3600 ibi
644 3527 758 3618 ampla
784 3533 821 3599 et
847 3528 918 3599 lata
945 3533 1046 3618 prata
1073 3527 1285 3617 monasterii
1313 3548 1460 3617 quorum
1486 3533 1584 3598 oerta
1609 3546 1692 3617 pars
1719 3525 1909 3596 arendatur
1934 3545 2013 3595 ear·

459 3649 619 3722 nilieibus
646 3650 689 3721 de
716 3647 943 3721 (Iraeovia
978 3649 1023 3720 ad
1050 3649 1242 3738 pascendos
1268 3648 1384 3721 bores.
1423 3647 1509 3720 Item
1537 3653 1593 3719 est
1618 3648 1668 3719 ibi
1694 3645 1854 3718 scolteti‘a
1878 3645 2014 3716 babens

459 3771 547 3842 duos
573 3770 701 3842 laneos.
728 3769 816 3842 ltem
843 3776 946 3861 prata
973 3771 1112 3860 optlma,
1141 3769 1247 3841 etde
1274 3769 1369 3860 agris
1396 3767 1502 3842 solvit
1523 3768 1689 3842 desimam
1708 3767 1959 3857 manipularem
1975 3767 2014 3836 in

458 3890 731 3984 Pobyednilr
758 3891 925 3962 ecelesiae
953 3891 1153 3981 parochiali.
1180 3891 1269 3962 Item
1296 3896 1378 3962 sunt
1403 3891 1455 3961 ibi
1480 3890 1577 3962 lacus
1604 3894 1640 3960 et
1664 3887 1810 3979 paludes
1836 3892 1874 3958 et
1891 3887 2012 3978 sylvae

457 4013 657 4084 monasterii
685 4019 721 4084 et
747 4031 846 4105 gaya.
873 4012 959 4083 Item
987 4011 1132 4084 eeclesia
1157 4018 1194 4083 et
1219 4013 1387 4103 plebanus
1413 4011 1581 4101 speciales
1599 4031 1703 4101 agros
1721 4017 1758 4082 et
1774 4014 1879 4099 prata
1894 4009 2014 4079 habet.

458 4131 619 4205 Confluat
648 4154 724 4204 curn
752 4133 1080 4224 Kosozelnilry,
1107 4132 1400 4222 Stropiszow.
1426 4132 1513 4203 Item
1541 4137 1596 4203 est
1620 4131 1671 4203 ibi
1697 4151 1786 4202 unus
1812 4130 1906 4201 lacus
1925 4129 2015 4200 scol-

458 4255 532 4344 teti,
560 4255 619 4344 qui
645 4253 844 4344 arendatus,
872 4253 976 4326 solvit
1002 4275 1067 4344 pro
1094 4254 1242 4325 sculteto
1269 4259 1419 4345 quatuor
1445 4273 1589 4343 mareas,
1607 4260 1644 4324 et
1661 4271 1726 4344 pro
1744 4251 1893 4343 plebano
1912 4251 2014 4342 quin-

461 4381 534 4446 tam
561 4395 722 4447 marcam.
1172 4380 1175 4393 '
1289 4379 1293 4387 '
1903 4362 1909 4368 ’

562 4494 777 4585 Serranum,
805 4495 888 4567 villa
923 4495 987 4568 sub
1023 4496 1190 4586 parocbia
1225 4495 1390 4568 eeclesiae
1426 4496 1469 4567 de
1499 4495 1771 4568 Brzesohko
1799 4489 1887 4584 sita,
1914 4495 2026 4566 euius'

458 4617 654 4708 proprietas
681 4621 717 4688 et
743 4615 931 4688 dominium
957 4616 1002 4687 ad
1029 4617 1274 4688 monasterium
1301 4617 1569 4711 Swyerzynense
1596 4618 1757 4707 pertinet
1783 4616 1824 4687 In
1842 4637 1913 4706 qua
1931 4622 2014 4687 sunt
2045 4639 2057 4648 ⁴

458 4737 550 4810 lanei
577 4737 821 4828 emethonales,
848 4743 884 4808 et
903 4737 1058 4828 quilibet
1084 4737 1190 4810 solvit
1216 4757 1281 4828 pro
1308 4757 1434 4832 censu.
1455 4793 1462 4808 .
1482 4793 1507 4827 .,
1533 4739 1618 4809 item
1645 4757 1712 4810 ονε
1737 4736 1900 4832 triginta,
1928 4737 2012 4807 item

457 4845 691 4950 gallos'duos,
718 4859 801 4930 item
831 4879 949 4931 caseos
976 4857 1072 4950 duos,
1099 4859 1186 4930 item
1211 4859 1319 4948 labor,
1338 4860 1423 4931 item
1433 4857 1821 4955 Ιροεοοοεον.νενειεοοε
1838 4858 2011 4947 laborant,

459 4983 541 5053 item
568 4999 686 5076 oaayep
714 4979 863 5071 solvunt,
881 4981 965 5052 item
991 4980 1225 5052 molendinum
1252 4986 1401 5052 nonest
1428 4981 1516 5052 item
1535 4980 1713 5071 praedium
1732 4986 1788 5052 est
1804 4981 1854 5052 ibi
1871 4979 2013 5051 unicum

460 5101 669 5194 coenobiale,
697 5101 835 5197 dequo
862 5079 948 5174 nulli
967 5155 974 5172 .
993 5157 1000 5170 .
1020 5156 1027 5172 .
1044 5102 1133 5174 Item
1159 5101 1314 5192 taberne,
1341 5103 1424 5172 item
1451 5103 1636 5174 hortulani.
1670 5103 1762 5174 Item
1785 5107 1867 5193 post
1893 5121 2013 5173 omnes

457 5245 560 5315 agros
588 5223 735 5297 solvitur
762 5223 895 5296 decima
922 5223 1147 5316 manipularis
1173 5229 1211 5294 et
1237 5223 1414 5313 oanapalis
1439 5224 1651 5296 monasterio
1677 5224 1714 5294 in
1741 5213 2011 5297 Brzesohlro

457 5345 590 5418 ordinis
616 5346 976 5437 praemonstratensis,
1003 5351 1040 5418 et
1066 5345 1165 5418 valor
1190 5346 1266 5420 eius
1293 5345 1499 5418 aestimatur
1525 5345 1596 5417 ad.
1617 5365 1811 5417 ..mareas

561 5465 911 5558 Gunnusnowrezu,
946 5467 1030 5540 villa
1065 5468 1130 5540 sub
1164 5468 1331 5558 parochia
1356 5467 1526 5540 ecelesiae
1561 5467 1605 5539 de
1631 5463 1905 5559 Golyaozow
1933 5467 2013 5555 sita,

459 5586 556 5658 ouius
583 5589 780 5678 proprietas
806 5590 851 5660 ad
879 5589 1126 5670 monasterinm
1153 5590 1428 5682 Zwyerzynense
1454 5591 1615 5680 pertinet
1648 5589 1691 5660 In
1717 5611 1787 5680 qua
1813 5593 1895 5660 sunt
1920 5589 2013 5660 lanei

400 5807 404 5818 Ι
458 5707 690 5799 ometbonum,
717 5715 752 5781 et
778 5711 924 5808 quilibet
949 5733 1013 5803 pro
1041 5731 1156 5785 annuo
1183 5733 1288 5784 censu
1314 5711 1420 5785 solvit
1438 5765 1445 5782 .
1465 5766 1472 5782 .
1491 5733 1518 5802 .;
1545 5711 1629 5818 item
1656 5731 1722 5784 ονε
1746 5710 1901 5803 triginta
1928 5711 2013 5784 ilem
