4492 6592
476 709 551 781 384

469 914 724 1005 incorporavit,
760 915 797 985 in
823 914 1078 1005 Oppathow
1113 914 1201 987 feria
1236 917 1344 987 tertia
1369 917 1404 988 in
1433 917 1585 988 erastino
1618 918 1720 989 Beati
1738 917 1900 989 Thomna
1926 916 2015 1009 Apo

471 1036 552 1107 stoli
583 1036 691 1107 1416.
719 1035 879 1107 Gonfinat
905 1057 982 1108 enm
1009 1035 1102 1106 villis
1120 1090 1234 1105 .....

245 1218 247 1221 ,
355 1187 433 1250 χ
572 1152 737 1246 sandow,
763 1155 847 1227 villa
873 1156 937 1227 sub
965 1155 1130 1246 parochia
1156 1155 1322 1227 eeclesiae
1350 1156 1392 1227 de
1420 1156 1657 1257 Krassnilr
1681 1158 1766 1247 sita,
1795 1157 1924 1230 donata
1951 1180 2018 1229 mo-

469 1277 622 1347 nasterio
649 1275 969 1368 Coprzywniezensi
997 1295 1060 1367 per
1086 1275 1232 1347 Paulum
1261 1276 1417 1347 comitem
1446 1276 1488 1349 de
1517 1278 1926 1349 Szamborzeez.1n
1956 1300 2019 1369 qna

469 1402 550 1467 sunt
575 1396 698 1487 rigInti
726 1402 804 1468 octo
831 1396 923 1467 lanei
950 1396 1194 1487 emethonales,
1221 1402 1256 1467 et
1276 1396 1418 1487 quilibet
1438 1398 1543 1469 solvit
1570 1420 1634 1488 pro
1652 1420 1766 1470 annuo
1793 1420 1901 1470 eeusu
1918 1420 2019 1470 unum

467 1516 683 1607 fertonem,
673 1522 756 1588 rtem
783 1518 902 1590 decem
929 1540 1005 1608 ora,
1032 1539 1138 1589 unum
1165 1537 1321 1607 caseum,
1348 1516 1435 1589 duos
1461 1518 1572 1608 gallos
1599 1540 1663 1609 pro
1691 1520 1912 1608 monasterio,
1940 1520 2020 1594 item

467 1638 555 1709 duos
582 1638 707 1710 choros
733 1660 874 1728 avenae,
901 1643 938 1710 et
964 1659 1069 1709 unum
1097 1640 1229 1709 bovem
1257 1638 1344 1708 Item
1372 1660 1440 1709 non
1468 1639 1630 1710 laborant
1656 1640 1740 1730 dies,
1767 1640 1829 1711 sed
1857 1640 2030 1718 dunne-

353 1798 358 1803 ·
469 1759 600 1829 facium
618 1740 794 1831 ordinarie
821 1780 930 1850 usque
962 1758 1007 1830 ad
1034 1758 1455 1850 Coprzywniezam3
1482 1758 1569 1830 duos
1596 1780 1695 1833 eoros
1723 1782 1787 1850 pro
1816 1721 2023 1851 veredarii

468 1900 531 1969 pro
558 1880 682 1970 hyeme
708 1879 880 1951 seminant
905 1884 943 1950 et
968 1880 1297 1970 disponunttttlem
1326 1880 1492 1951 scultetus
1527 1885 1582 1951 est
1566 1881 1676 1975 tibi,
1711 1882 1844 1953 habens
1870 1881 2020 1953 medinm

469 2001 628 2091 quintum
654 1999 792 2071 laneum
819 2000 976 2091 liberum,
1003 2005 1039 2070 et
1064 2000 1108 2071 de
1135 1999 1268 2072 duobus
1295 2000 1405 2073 laneis
1423 2002 1576 2093 antiquis
1604 2003 1708 2074 solvit
1735 2004 1904 2075 scoltetus
1931 2004 2021 2075 deei-

469 2141 559 2191 mam
586 2122 621 2192 in
649 2120 899 2211 Orasznils,
933 2119 978 2192 de
1004 2118 1139 2193 duobus
1174 2142 1259 2193 vero
1294 2143 1371 2193 eum
1407 2122 1550 2195 dimidio
1584 2124 1684 2195 novis
1715 2146 1781 2215 pro
1809 2126 2020 2197 monasterio

468 2239 799 2335 Goprzywniezensi.
842 2240 930 2312 Item
966 2240 1133 2313 scoltetus
1168 2243 1275 2314 habet
1310 2240 1397 2314 duas
1432 2243 1614 2335 tabernas,
1650 2252 1700 2315 et¹
1713 2244 1891 2336 quaelibet
1919 2246 2042 2356 solvit5

429 2407 433 2413 -
468 2383 570 2433 unam
598 2381 758 2433 maroam.
802 2361 889 2432 Item
917 2366 990 2432 tres
1017 2368 1101 2433 sunt
1127 2362 1176 2435 ibi
1203 2363 1439 2453 hortulaniae,
1466 2364 1553 2436 nihil
1581 2364 1738 2455 solvunt,
1771 2366 1833 2438 sed
1861 2323 2036 2456 laborenI

455 2503 573 2553 unum
600 2480 691 2556 diem
718 2503 782 2573 pro
809 2481 1058 2553 monasterio
1049 2505 1084 2553 ιι
1112 2485 1316 2575 septimana.
1347 2485 1434 2557 Item
1463 2486 1629 2558 scoltetus
1657 2487 1763 2558 babet
1747 2488 1961 2577 tpiseinam
1987 2489 2021 2558 in

467 2581 607 2674 dumine
633 2604 664 2673 Β
672 2608 940 2694 ystrzyeza
967 2606 1004 2673 et
1030 2610 1168 2676 monast
1169 2604 1278 2676 erium
1306 2605 1548 2696 molendinum,
1575 2606 1668 2707 quod
1694 2608 1799 2679 solvit
1825 2608 1915 2679 duas
1934 2630 2021 2679 mar-

468 2744 527 2794 ιιι
546 2744 609 2814 pro
627 2744 744 2812 eensu;
770 2722 944 2798 decimant
970 2724 1207 2796 emethonese
1207 2724 1460 2797 thortulaniae
1479 2732 1514 2797 et
1533 2727 1774 2818 molendinum,
1803 2729 1898 2819 quod
1917 2729 2021 2800 habet

467 2844 620 2916 medium
644 2844 800 2935 laneum,
835 2844 1048 2915 monasterio
1075 2843 1296 2918 medietatem
1325 2846 1507 2937 manipulo,
1535 2854 1571 2918 et
1597 2848 1763 2920 medietat
1748 2855 1819 2919 tem
1848 2870 1912 2939 per
1939 2871 2020 2941 qua-

410 3014 417 3021 ·
466 2970 548 3035 tuor
572 2985 714 3056 grossos
732 2964 776 3036 de
793 2964 908 3037 medio
934 2962 1035 3035 laneo
1062 2968 1262 3057 eommunis,
1289 2970 1351 3037 aut
1377 2971 1451 3038 tres
1464 2987 1605 3058 grossos
1632 2968 1780 3039 laturum
1808 2990 2020 3061 grossorum.

466 3084 651 3157 Praedium
679 3091 838 3157 nonest
883 3082 1264 3159 Oonflnatenmvrllrs
1302 3084 1820 3179 Blynow,Orassznilr,
1863 3089 2020 3180 Wolya
2121 3148 2126 3155 .

467 3206 756 3296 Botburslra,
782 3206 949 3278 Strnza
974 3214 1012 3279 et
1038 3207 1318 3299 Studzanlry

450 3340 455 3348 '
505 3327 821 3416 Βιιιιιιιιιι,
856 3326 939 3398 villa
965 3326 1100 3399 donata
1119 3328 1330 3401 monasterio
1357 3348 1420 3419 per
1447 3326 1591 3403 Paulum
1619 3330 1778 3401 comitem
1805 3329 1849 3401 de
1877 3330 2018 3403 Szam·

466 3449 663 3520 borzeez
697 3446 741 3518 de
768 3447 870 3519 domo
897 3446 1145 3539 Habdank,
1182 3450 1246 3520 sub
1273 3450 1440 3539 parochia
1466 3449 1632 3521 eeclesiae
1658 3450 1701 3521 de
1737 3436 2017 3541 Kyelezoui-
2141 3500 2143 3531 ,

466 3589 542 3640 eze
570 3558 790 3640 slta'Habet
816 3568 934 3639 laneos
960 3558 1116 3659 triginta,
1142 3573 1181 3640 ιι
1208 3568 1353 3660 quilibet
1380 3568 1485 3641 solvit
1512 3590 1695 3659 perunum
1723 3571 1906 3660 fertonem3
1933 3572 2017 3644 duos
2142 3586 2143 3589 ’

465 3711 566 3762 ιιιοι
593 3711 657 3781 pro
684 3710 775 3779 vere,
802 3689 890 3760 duos
916 3710 981 3780 pro
1008 3689 1131 3781 hyeme
1159 3690 1329 3761 seminare
1357 3695 1393 3760 et
1419 3689 1603 3780 disponere
1630 3696 1802 3781 tenentur,
1833 3715 1903 3765 non
1922 3694 2016 3765 labo
2112 3774 2115 3779 ,
2142 3676 2143 3745 ἓ

465 3817 546 3882 rant
573 3810 664 3901 dies,
699 3810 865 3885 ducturas
900 3808 1033 3881 faciunt
1068 3810 1245 3881 ordinarie
1283 3832 1390 3901 usque
1426 3809 1470 3881 ad
1506 3808 1890 3905 Ooprz'ywnieza,
1932 3814 2016 3885 duos
2142 3850 2143 3889 ι

464 3932 586 4023 gallos,
613 3932 731 4006 decem
759 3952 833 4020 ova,
861 3952 965 4003 unum
993 3950 1141 4021 ιιιιιιιιι,
1169 3930 1255 4003 duos
1282 3951 1382 4002 coros
1401 3950 1532 4002 avenae
1560 3953 1623 4021 pro
1652 3954 1745 4023 rege,
1772 3955 1877 4005 unum
1897 3935 2017 4007 bovem
2141 3944 2143 3959 ¹

465 4053 605 4125 saliunt
645 4041 734 4123 Item
761 4052 894 4123 deeima
920 4050 1194 4141 diversificatur,
1230 4071 1309 4122 nam
1336 4050 1379 4121 de
1406 4050 1580 4141 aliquibus
1607 4052 1715 4123 laneis
1742 4053 1884 4125 solvunt
1912 4055 2018 4124 mani·
2141 4036 2143 4095 ἶ

465 4174 620 4264 pnlarem
647 4179 685 4245 et
710 4172 840 4248 ducunt
866 4173 902 4243 in
929 4172 1102 4262 horreum,
1130 4171 1192 4243 sed
1219 4194 1287 4263 non
1316 4172 1523 4263 canapalem,
1552 4172 1659 4264 aliqui
1686 4194 1749 4264 per
1776 4180 1854 4245 oeto
1877 4195 2018 4264 grossos
2141 4162 2143 4171 ⁴

465 4294 677 4384 pecunialem
704 4294 740 4365 in
767 4293 939 4365 eommuni
965 4298 1114 4383 moneta,
1142 4294 1266 4364 autin
1293 4292 1374 4363 latis
1400 4294 1531 4384 grossis
1559 4293 1806 4384 Pragensibus,
1833 4315 1895 4366 ser
1922 4316 2019 4385 gros·
2142 4284 2143 4365 j

318 4396 324 4401 ⁵
464 4437 531 4488 sos.
558 4416 645 4487 Item
671 4414 863 4505 praedium,
889 4413 933 4484 de
959 4435 1027 4505 quo
1053 4415 1301 4487 monasterium
1329 4413 1423 4491 tollit
1449 4413 1625 4485 deeImam.
1668 4414 1756 4485 Item
1784 4414 2019 4487 molendinum

464 4536 596 4609 habens
632 4534 781 4606 medium
816 4534 970 4624 laneum,
1005 4540 1041 4605 et
1068 4534 1172 4607 soluit
1208 4534 1294 4605 duas
1331 4554 1465 4606 mareas
1500 4542 1537 4606 et
1563 4534 1730 4606 decimani
1767 4536 2018 4626 manipularem
2141 4516 2143 4587 Ῑ

464 4655 686 4727 monasterio.
729 4655 816 4726 Item
843 4658 916 4726 tres
942 4655 1128 4746 tabernae,
1166 4655 1341 4746 quaelibet
1367 4656 1473 4727 habet
1500 4656 1648 4727 medium
1676 4656 1824 4745 laneum,
1852 4662 1889 4727 et
1917 4658 2019 4728 solvit

464 4796 569 4849 unam
596 4796 765 4865 marcam,
800 4779 837 4846 et
861 4796 926 4866 pro
953 4774 1086 4847 decima
1120 4782 1271 4867 quatuor
1297 4796 1448 4867 grossos.
1492 4776 1580 4848 Item
1617 4782 1766 4867 quatuor
1796 4777 2017 4848 hortulaniae

394 4944 397 4948 >
464 4920 532 4969 non
559 4896 691 4969 hebent
716 4888 838 4987 egros,
874 4896 960 4967 nihil
988 4896 1146 4987 solvunt,
1173 4898 1284 4969 solum
1311 4918 1416 4968 unam
1442 4896 1532 4969 diem
1560 4898 1597 4968 in
1623 4898 1818 4988 septimana
1843 4897 2017 4988 pedester.
2142 4980 2143 4991 ¹

389 5094 394 5101 ,
463 5020 551 5092 Item
579 5023 633 5091 est
659 5018 708 5089 ibi
734 5017 902 5090 scoltetus
929 5016 1060 5089 habens
1088 5024 1161 5089 tres
1188 5018 1308 5089 laneos
1335 5038 1411 5089 cum
1438 5018 1552 5090 medio
1579 5018 1717 5089 liberos.
1752 5018 1840 5089 Item
1869 5039 1942 5091 nna
1968 5024 2018 5090 ta-

462 5141 572 5213 berna
597 5163 666 5212 non
692 5139 799 5212 babet
824 5160 938 5230 agros,
965 5138 1070 5211 solvit
1088 5160 1191 5211 unam
1210 5160 1373 5228 maream3
1400 5138 1443 5217 de
1470 5138 1612 5229 praedio
1640 5138 1778 5211 scolteti
1804 5141 2014 5212 monasterio
2141 5226 2143 5237 ,

461 5262 566 5334 datur
591 5262 734 5350 decime,
761 5251 963 5331 nonhabet
989 5258 1235 5351 molendinum,
1261 5261 1345 5331 item
1364 5242 1499 5331 sextum
1527 5259 1705 5331 denarium
1729 5259 1776 5331 de
1803 5280 1921 5351 eensu,
1948 5266 2015 5333 ter-
2142 5292 2143 5339 1

462 5383 548 5454 tium
568 5382 611 5453 de
629 5382 728 5473 penis
746 5381 848 5471 tollit,
875 5401 980 5453 unum
998 5380 1106 5451 habet
1122 5380 1354 5470 hortulanum,
1378 5381 1437 5471 qui
1456 5400 1559 5451 unam
1578 5378 1669 5452 diem
1686 5380 1826 5451 laborat
1843 5360 2014 5471 pedester,

402 5567 413 5578 ..
463 5501 649 5593 aliquando
676 5500 772 5573 duos.
817 5501 903 5573 Item
931 5500 1000 5573 duo
1027 5500 1226 5573 emethones
1254 5500 1384 5574 habent
1410 5500 1591 5591 mellifieia,
1618 5521 1764 5592 quorum
1792 5522 1882 5573 unus
1910 5502 2013 5574 solvit

463 5641 568 5691 unum
594 5622 782 5713 fertonem,
814 5627 849 5693 et
875 5624 966 5694 alter
992 5620 1109 5694 decem
1136 5642 1286 5713 grossos.
1313 5622 1401 5694 Item
1430 5627 1579 5723 quatuor
1605 5622 1759 5713 piscinae
1794 5622 2011 5695 coenobiales
2142 5680 2143 5721 3

1968 5797 1994 5842 1
