4492 6592
1682 746 1758 857 aaa

212 957 270 1032 ant
295 958 416 1031 amtro
442 949 548 1062 qnam
572 959 667 1032 dem
692 960 728 1030 in
748 959 950 1051 'septimana
975 952 1145 1051 laborare,
1170 967 1210 1033 et
1234 959 1366 1033 fadum
1390 961 1561 1034 ducturas
1583 963 1630 1035 ad
1652 965 1759 1038 ratio-

211 1100 285 1152 nem
312 1080 458 1168 diorum3
484 1079 567 1151 item
595 1101 738 1156 avenam
766 1102 835 1154 non
853 1081 939 1154 dant
965 1083 1175 1171 cmethones3
1201 1084 1288 1154 item
1314 1071 1482 1154 decimam
1510 1085 1758 1175 manipularem

211 1201 251 1273 de
277 1201 450 1274 omnibus·
474 1201 568 1292 agris
596 1201 700 1290 dant,
736 1207 772 1273 et
789 1194 964 1276 'inducunt
983 1205 1194 1275 cmethones
1229 1194 1374 1293 proprio
1408 1224 1513 1276 curru
1547 1208 1759 1278 monasterio
1843 1273 1852 1282 ,

211 1319 520 1412 Saeczechoviensi,
547 1328 584 1394 et
609 1322 709 1394 valor
734 1322 879 1395 eiusad
907 1343 967 1395 sax
995 1343 1139 1395 marcas.
1165 1324 1254 1396 Item
1279 1325 1515 1396 molendinum
1541 1333 1596 1396 est
1621 1328 1671 1398 ibi
1692 1328 1781 1398 lna»
1832 1401 1836 1406 ,

205 1443 292 1514 ,bena
319 1456 436 1537 agnon
463 1441 602 1516 solvam
632 1457 696 1534 pro
724 1433 942 1516 censu‘dnaa
969 1464 1104 1516 marcas
1131 1464 1195 1535 pro
1221 1445 1375 1518 ecclesia·
1393 1447 1431 1516 in
1458 1437 1759 1519 Szeoze'claow

128 1618 133 1627 .
210 1559 408 1655 parochiali.
434 1564 522 1636 Item
549 1564 715 1636 decimam
743 1565 943 1655 canapalem
969 1565 1109 1637 solvunt
1133 1585 1198 1656 per
1223 1571 1296 1637 tres
1322 1567 1469 1658 ierugas.
1496 1566 1657 1640 Gcnfinat
1681 1587 1759 1640 cnm

210 1683 298 1758 villu
323 1683 629 1776 Koszynycze
640 1739 782 1776 ......
808 1685 877 1757 Per
904 1685 1171 1776 Sethegium
1200 1688 1361 1758 comitem
1386 1687 1525 1760 donata.

213 1823 224 1836 ·
309 1805 555 1896 BazasniczA,
583 1806 666 1878 villa
692 1807 790 1878 iuxta
816 1805 998 1878 Vislam
1024 1807 1102 1897 site,
1128 1803 1262 1880 babens
1287 1808 1324 1878 in
1342 1828 1379 1880 se
1400 1809 1634 1899 parochialem
1652 1810 1760 1881 eccle-

210 1927 292 2008 siam
318 1926 487 2018 lignem,
524 1927 621 2000 cuius
648 1927 816 2025 plebanus
856 1935 893 2000 et
920 1929 1038 2019 oppidi
1065 1927 1385 2001 Szoczechoviensis
1419 1950 1509 2001 unns
1536 1935 1641 2022 atque
1666 1930 1757 2001 idam

210 2053 270 2137 cat,
296 2052 334 2119 et
361 2049 467 2120 sillae
492 2049 691 2140 proprietas
726 2051 880 2140 pertinet
906 2051 951 2122 ad
978 2051 1225 2122 monasterium
1261 2029 1580 2123 Szeczeclroviense.
1623 2052 1663 2121 ln
1691 2064 1760 2144 qna

106 2201 107 2214 ¹
210 2175 287 2244 sunt
314 2171 469 2261 quinque
494 2171 587 2242 lanei
614 2171 858 2262 anethonalaq
886 2177 922 2242 et
948 2173 1100 2262 quilibet
1121 2173 1226 2244 solvit
1251 2193 1317 2263 pro
1334 2193 1439 2244 censu
1463 2193 1569 2244 unam
1588 2172 1765 2244 fertonem

210 2295 244 2362 et
267 2291 417 2382 trigianta
443 2313 523 2382 ava,
559 2292 645 2364 item
672 2285 759 2364 dnos
776 2293 915 2383 ·gallos;
951 2294 1034 2364 item
1062 2293 1208 2384 quilibet
1234 2293 1278 2365 dc
1304 2294 1405 2365 laneo
1431 2298 1577 2366 tenetur
1597 2295 1758 2366 laborare

106 2469 107 2472 a
209 2431 311 2484 unam
338 2411 432 2486 diem
468 2407 504 2483 in
531 2413 743 2504 septimana,
779 2413 973 2486 etfaciant
1008 2415 1173 2485 ducturas
1208 2414 1253 2485 ad
1277 2416 1450 2487 rationem
1485 2416 1638 2505 dierum,
1673 2417 1757 2487 item

106 2599 108 2607 i
210 2534 385 2631 hmnulnm
413 2535 562 2632 solvunt,
590 2535 736 2625 quilibet
761 2551 869 2608 unum
897 2537 1038 2607 chorum
1066 2535 1267 2607 conlectum.
1293 2536 1382 2608 Item
1400 2541 1482 2608 sont
1507 2533 1759 2638 ibi'ltabernac,

209 2676 275 2728 una
299 2657 523 2745 monasterii,
551 2661 588 2727 et
614 2634 734 2728 solvit
748 2656 978 2746 qnadraginta
1002 2677 1162 2746 grossos,
1189 2662 1226 2728 et
1252 2656 1342 2728 dnae
1365 2658 1527 2748 plebani,
1558 2678 1629 2729 nna
1655 2658 1759 2728 solvit

211 2775 354 2851 mediam
384 2773 615 2868 sexagenum·
643 2778 817 2849 habentes·
850 2798 967 2848 ornnes
996 2797 1116 2869 agana,
1152 2775 1271 2850 altera
1291 2779 1439 2850 madiam
1466 2799 1626 2851 marcam.
1669 2779 1757 2850 Item
1795 2774 1798 2778 ’

168 2925 172 2938 ’
210 2917 273 2969 non
300 2903 386 2969 sunt
410 2897 646 2988 hortulaniae,
683 2918 752 2970 non
780 2903 834 2970 est
859 2898 1102 2969 molendinum.
1146 2899 1236 2970 Item
1263 2898 1429 2970 scoltetus
1464 2905 1519 2971 cst
1549 2899 1599 2971 ibi
1625 2900 1758 2972 habens

211 3017 291 3089 duos
318 3019 440 3090 lancos
466 3019 604 3090 liberos.
631 3019 718 3090 Item
745 3041 815 3090 nna
840 3021 997 3108 taberna,
1024 3039 1111 3109 quae
1139 3020 1245 3091 habet
1270 3039 1383 3111 agros,
1397 3021 1517 3092 'solvit
1541 3041 1645 3092 anam
1666 3040 1758 3090 mar-

212 3157 288 3211 cam.
333 3140 425 3212 Item
450 3161 521 3212 non
547 3145 601 3212 est
626 3140 688 3211 ibi·
704 3139 892 3230 praedium.
932 3141 1021 3211 Item
1048 3145 1129 3231 post
1155 3161 1273 3212 omnes
1300 3161 1404 3232 agros
1430 3141 1577 3231 smlteti,
1605 3141 1758 3213 emethe-

106 3247 107 3250 '
211 3261 301 3334 nnles
328 3265 368 3333 et
386 3262 626 3361 ¹tabernarum,
654 3262 801 3334 solvitur
820 3261 953 3332 decime
970 3263 1197 3352 manipularis
1218 3262 1368 3352 plebano
1395 3263 1431 3333 in
1457 3261 1772 3354 Szeczcchoaq

211 3388 244 3452 et
267 3382 446 3475 inducitur
471 3383 508 3453 in
534 3383 697 3456 horreum
715 3403 736 3453 a
753 3381 901 3473 plebano
928 3373 1120 3472 locandum,
1147 3387 1184 3454 et
1210 3383 1310 3455 valor
1334 3384 1410 3454 eius
1436 3383 1482 3454 ad
1500 3384 1651 3474 quinque
1668 3403 1761 3454 mar-

106 3567 107 3574 ,
208 3520 270 3575 aas.
295 3504 387 3596 ltem
413 3503 581 3576 decimam
607 3505 729 3594 canapi
755 3504 895 3576 solvunt
920 3523 984 3593 per
1009 3525 1113 3575 unam
1140 3505 1305 3594 ierugam.
1331 3503 1492 3576 Confluat
1512 3525 1590 3576 cum
1617 3504 1755 3577 Kosz-

211 3625 344 3697 micze
374 3630 411 3696 et
436 3625 513 3696 aliia
540 3623 632 3696 villis
658 3625 774 3724 regiis.
801 3623 870 3696 Per
897 3625 1024 3694 milites
1052 3625 1200 3710 donata
1344 3637 1348 3643 ’
1737 3613 1741 3618 ’

120 3745 126 3752 ’
308 3745 447 3835 Panas,
474 3745 558 3816 villa
580 3747 645 3818 sub
662 3745 829 3836 parochia
855 3745 1019 3826 ecclesiae
1046 3745 1089 3816 de
1116 3745 1429 3816 Brzesznicna
1455 3747 1533 3836 sita
1563 3745 1660 3816 cuius
1677 3765 1759 3836 pro-

211 3867 336 3955 prietas
375 3867 420 3938 ad
446 3843 694 3939 monasterium
722 3865 1032 3946 Saeczechoviense
1068 3867 1229 3956 pertinet.
1272 3866 1314 3936 ln
1340 3887 1409 3957 qna
1443 3871 1526 3937 sunt
1559 3871 1634 3938 tres
1667 3866 1760 3937 lanai

211 3989 451 4080 anathemabo,
479 3994 516 4060 et
542 3989 688 4080 quilibet
714 4009 778 4079 pro
805 4009 909 4060 censu
937 3989 1041 4060 solvit
1067 3988 1248 4077 fertonem,
1288 3988 1373 4082 item
1399 3988 1549 4077 triginta
1574 4007 1650 4078 ova,
1675 3989 1759 4058 item

210 4110 294 4184 duos
315 4102 448 4202 ¹gallos3
475 4111 562 4182 item
587 4089 743 4201 quilibet
760 4109 803 4182 de
829 4111 929 4198 laneo
956 4115 1097 4182 tenetur
1123 4129 1233 4180 onum
1259 4107 1352 4180 dem
1378 4109 1415 4188 in
1442 4108 1636 4198 septimana
1661 4109 1759 4180 labo·

211 4249 302 4322 rare,
339 4232 484 4322 proprio
511 4251 615 4304 curru
649 4237 710 4308 aut
736 4237 871 4323 aratro,
907 4239 944 4303 et
969 4231 1113 4303 faciuntv
1127 4231 1292 4302 ducturas
1327 4230 1372 4301 ad
1397 4231 1569 4301 rationem
1604 4229 1759 4320 dieram;

213 4351 290 4423 itam
316 4353 467 4424 tabenna
492 4367 571 4424 nna·
587 4354 720 4424 habens
747 4373 859 4444 agros,
887 4347 993 4425 solvit
1018 4373 1123 4424 unum
1141 4352 1322 4441 fertonem3
1347 4352 1432 4422 item
1449 4351 1669 4429 hortulaniae
1687 4371 1755 4422 non

191 4478 296 4563 tamt,
323 4475 409 4546 item
435 4475 618 4564 praedium
645 4495 715 4546 non
742 4480 806 4564 est3
833 4475 916 4546 item
942 4475 1122 4546 hamulum
1148 4474 1288 4546 solvunt
1313 4472 1460 4563 quilibet
1484 4493 1590 4543 unum
1617 4466 1760 4550 chorum

106 4631 107 4679 p
213 4594 409 4667 mafanum.
435 4595 523 4667 Item
544 4591 642 4686 post·
656 4614 774 4672 omnes
801 4573 905 4686 mres
932 4596 1080 4668 solvitur
1116 4595 1250 4666 decima
1275 4594 1502 4684 manipularis
1530 4593 1697 4666 ecclesiae
1723 4595 1760 4664 in

213 4715 509 4789 Saeczechow
535 4723 572 4788 et
597 4717 773 4791 inducitur
799 4718 836 4788 in
857 4719 1021 4788 horreum
1048 4739 1070 4787 a
1095 4717 1244 4807 plebano
1270 4715 1464 4807 locandum,
1490 4715 1591 4788 valor
1616 4715 1691 4787 eins
1717 4715 1762 4786 ad

213 4840 290 4908 tres·
305 4857 453 4910 mancas.
476 4838 566 4933 ltem
594 4837 761 4908 decimam
788 4839 988 4928 canapalem
1015 4839 1156 4910 solvunt
1180 4858 1244 4928 per
1269 4859 1375 4910 unam
1402 4838 1567 4928 ierngam.
1600 4830 1759 4908 Gonlinat

207 4951 284 5027 'cum
310 4957 583 5031 Kosnmicze
610 4945 753 5031 stallis
778 4960 871 5030 villis
900 4958 1017 5050 regiis.
1044 4959 1115 5030 Per
1142 4958 1416 5049 Sethegium
1443 4958 1603 5030 comitem
1620 4957 1758 5028 donata

305 5079 562 5170 Sennfflnow,
589 5080 673 5151 villa
691 5081 756 5152 snb
773 5081 939 5172 parochia
965 5079 1008 5151 de
1035 5081 1241 5171 Antiqua
1266 5079 1434 5150 Radom
1457 5079 1547 5168 sita·
1566 5079 1662 5148 cuius
1680 5097 1761 5167 pro·
1800 5065 1807 5072 ’

214 5199 339 5288 pristas
366 5205 402 5272 et
427 5201 617 5274 dominium
643 5201 689 5273 ad
714 5202 962 5274 monasterium
988 5201 1298 5277 Saeczechoviense
1325 5201 1489 5290 pertinet.
1515 5199 1556 5269 In
1584 5219 1653 5289 qna
1680 5205 1762 5269 sunt

221 5322 366 5414 quinque
392 5323 485 5394 lanei
511 5323 754 5415 cmethonales‚
781 5328 817 5394 et
844 5324 989 5414 quilibet
1014 5322 1118 5396 solvit
1145 5343 1209 5413 pro
1228 5338 1333 5392 censu
1349 5341 1455 5392 unum
1472 5319 1651 5409 fertonem,
1677 5319 1761 5391 item

194 5437 355 5533 ‘maante
380 5459 455 5534 ova,
482 5445 565 5516 item
592 5445 704 5536 gallos
731 5445 829 5534 duos3
855 5445 939 5516 item
965 5445 1128 5517 laborant
1153 5463 1269 5514 unum
1286 5440 1376 5513 diem
1393 5443 1430 5512 in
1448 5441 1653 5531 septimana,
1680 5461 1761 5530 pro·

214 5563 287 5650 pno
312 5584 415 5636 curru
442 5570 503 5637 adt
529 5571 665 5657 aratro,
707 5565 933 5638 at'ducturas
960 5564 1203 5636 adtalionem
1229 5563 1363 5634 dierum
1388 5560 1529 5633 faciunt.
1572 5554 1662 5633 Item
1688 5583 1759 5633 non

216 5687 294 5762 sont
319 5685 369 5759 ibi
383 5687 574 5777 tabernae,
599 5696 711 5781 neque
728 5687 971 5764 molendinum.
996 5685 1085 5760 Item
1103 5689 1158 5757 est
1173 5683 1381 5778 hortulania,
1405 5683 1494 5777 nihil
1515 5682 1628 5790 snlvit,
1655 5704 1762 5757 unum
