4492 6592
384 671 482 798 -u

369 918 372 924 ’
432 934 593 1025 episcopo
620 931 850 1026 (trecensum,
877 953 966 1025 quae
992 921 1037 1006 ad
1064 953 1125 1008 sex
1151 955 1286 1008 marcas
1312 935 1538 1017 aestimatur„
1561 935 1722 1009 condunt
1747 957 1825 1010 eum
1850 936 1983 1011 eisdem

376 1051 385 1074 ¹
430 1055 522 1126 villis
559 1054 649 1126 sicut
683 1059 719 1127 et
746 1054 974 1130 Nosszow.
1014 1056 1155 1130 Donata
1179 1077 1243 1149 per
1269 1057 1516 1130 Derslanm
1541 1058 1733 1150 palatinum
1767 1058 1982 1132 8111111111-

429 1195 555 1248 ensem.

428 1419 574 1509 prietas-
596 1417 640 1488 ad
675 1396 925 1490 monasterium
961 1418 1005 1489 de
1040 1419 1196 1492 Busko
1230 1419 1392 1510 pertinet
1430 1420 1471 1490 In
1498 1441 1568 1511 qna
1601 1426 1685 1493 sunt
1710 1421 1862 1512 quinque
1886 1420 1983 1492 lanei

309 1581 311 1592 =
401 1533 666 1630 ‘emethcnum‚
694 1544 730 1610 et
757 1539 904 1630 quilibet
932 1539 1036 1612 solvit
1061 1561 1126 1630 pro
1153 1525 1269 1612 annno
1295 1560 1401 1612 censu
1429 1541 1690 1633 quatuordecim
1716 1546 1867 1632 scottos,
1893 1542 1980 1613 item

428 1683 495 1736 cve
530 1662 698 1752 triginta,
726 1662 810 1732 item
846 1661 956 1751 gallos
970 1661 1086 1753 Υ111111,
1113 1662 1198 1733 item
1235 1681 1354 1736 casces
1379 1662 1476 1735 dnos.
1509 1662 1600 1734 Item
1627 1663 1774 1754 quilibet
1799 1663 1843 1735 de
1868 1663 1979 1753 laneo,

367 1774 376 1786 “
425 1783 622 1873 incipiendo
650 1804 671 1854 a
696 1781 786 1854 festo
814 1781 846 1853 S.
874 1781 1045 1853 Iohannis
1072 1781 1117 1853 ad
1142 1781 1271 1854 festum
1297 1781 1417 1855 Sancti
1442 1782 1626 1855 Michaelis
1644 1783 1731 1856 dnos
1748 1783 1833 1874 dies,
1851 1783 1980 1856 abinde

426 1925 509 1976 uero
547 1905 584 1974 in
619 1903 760 1975 residua
796 1907 896 1993 parte
933 1902 1015 1973 anni
1050 1922 1165 1972 unum
1191 1902 1283 1974 diem
1317 1904 1354 1973 in
1381 1904 1591 1994 septimana,
1618 1897 1761 1994 proprio
1786 1924 1892 1975 curru
1918 1907 1981 1974 ant

305 2077 306 2084 κ
425 2031 544 2098 aratro
571 2025 731 2098 laborare
748 2029 896 2096 tenetur.
923 2023 1012 2096 Item
1030 2043 1094 2114 pro
1112 2045 1239 2120 oasyep,
1257 2045 1363 2096 unum
1381 2025 1525 2096 chorum
1540 2025 1659 2096 tritici.
1685 2025 1772 2096 Item
1789 2022 1979 2120 powabam.

424 2147 514 2219 Item
539 2168 608 2219 non
645 2151 726 2217 sunt
760 2147 810 2218 ibi
845 2146 1030 2234 tabernae,
1057 2165 1127 2216 non
1162 2149 1244 2216 sunt
1269 2145 1490 2217 hortulaniae
1516 2165 1586 2218 non
1612 2151 1695 2218 sunt
1719 2147 1881 2236 praedia,
1907 2167 1978 2217 non

424 2273 478 2340 est
504 2268 745 2341 molendinum.
785 2267 872 2338 Item
900 2266 943 2337 de
971 2265 1130 2337 omnibus
1156 2266 1252 2356 agris
1279 2265 1428 2339 solvitur
1453 2271 1491 2338 et
1515 2267 1721 2339 conducitur
1745 2267 1879 2339 declina
1904 2287 1978 2338 ma-

406 2390 593 2480 ·nipularis
629 2395 664 2461 et
699 2388 884 2479 canapalis,
911 2408 975 2478 pro
1002 2387 1165 2478 episeopo
1192 2385 1423 2478 Gracoviensi,
1450 2387 1548 2460 cuius
1573 2389 1673 2461 valor
1698 2387 1905 2460 aestimatur
1930 2387 1976 2459 ad

354 2533 360 2542 ·
423 2513 575 2602 quinque
602 2531 746 2582 marcas.
781 2510 870 2581 Item
897 2508 1048 2580 continet
1073 2508 1151 2579 cnm
1177 2508 1307 2580 eisdem
1333 2508 1444 2600 villis,
1471 2529 1549 2580 cnm
1575 2510 1712 2601 quibus
1726 2515 1764 2582 et
1788 2510 1873 2583 villa
1899 2507 1975 2582 Go-

421 2633 682 2730 tharschin.
701 2609 847 2704 'Donata
872 2651 936 2721 per
962 2629 1208 2701 Derslanm
1233 2630 1427 2721 palatinum
1443 2629 1768 2704 bandomiriensem.
1802 2630 1807 2638 ’

457 2735 460 2744 ¹
526 2753 800 2843 Summonuit,
828 2751 912 2824 villa
938 2771 1045 2842 supra
1072 2750 1426 2822 Scarbimiriam
1453 2752 1530 2843 sita,
1556 2751 1689 2825 habens
1715 2753 1895 2825 ecelesiam
1912 2773 1975 2843 pc-

341 2957 346 2962 ,
421 2876 610 2948 rochialem
636 2875 672 2944 in
700 2894 746 2963 se,
775 2893 863 2963 quae
891 2871 1064 2962 quondam
1091 2877 1169 2943 erat
1194 2872 1333 2962 lapidea
1359 2873 1504 2963 antiqno
1530 2894 1627 2945 more
1652 2873 1834 2965 fabricata
1852 2875 1915 2947 sed
1933 2895 1976 2947 ea

355 2992 359 3002 ’
421 3003 620 3086 corruente,
647 2996 763 3085 lignea
790 2992 1079 3083 superaedificata
1106 2996 1170 3062 est.
1206 2993 1247 3062 ln
1273 3014 1343 3084 qua
1369 2994 1434 3065 sub
1461 2999 1576 3066 aetate
1601 3015 1679 3066 mea
1704 2996 1874 3086 plebanus
1900 2999 1976 3068 eins

422 3117 645 3189 NIcolaus
672 3115 715 3186 de
743 3113 892 3186 Parva
918 3111 1105 3183 Xansch
1132 3133 1222 3184 anno
1248 3113 1388 3185 Domini
1410 3115 1519 3206 1463,
1537 3116 1601 3187 snb
1618 3116 1974 3206 pontificatudoban-

420 3239 475 3308 nis
503 3235 834 3326 Grusczinsky,
863 3233 1006 3305 aPetro
1025 3231 1324 3326 Pothcczaky
1350 3233 1394 3305 de
1420 3233 1849 3328 familiaSrzenyawa
1873 3239 1973 3309 inno

421 3363 541 3428 center
568 3357 718 3427 occissus
746 3358 808 3425 est.
834 3353 930 3424 Haec
948 3353 1040 3426 'villa
1067 3353 1240 3444 quondam
1266 3353 1311 3425 ad
1337 3357 1585 3430 monasterium
1612 3357 1655 3428 dc
1681 3358 1837 3430 Buslrc
1863 3359 1975 3449 perti-

349 3537 352 3547 .
422 3479 536 3567 nebat,
562 3477 691 3549 donata
718 3475 828 3546 eidem
857 3495 919 3565 per
946 3473 1285 3546 Slavoschium·
1300 3475 1463 3566 militem,
1489 3482 1531 3547 ut
1565 3479 1876 3569 praescripsimus;
1911 3479 1974 3551 sed

420 3598 586 3670 alienavit
613 3617 688 3668 eam
716 3596 963 3668 monesterium
991 3583 1169 3666 an'zense
1196 3615 1292 3687 111,
1319 3595 1483 3687 quonlam
1508 3598 1598 3688 regii
1624 3599 1855 3671 laborassem
1873 3600 1983 3672 desc-¹

419 3721 557 3810 labant,
585 3710 620 3790 et
655 3718 819 3790 cambivit
854 3737 931 3788 eam
958 3737 1035 3789 cum
1061 3715 1226 3789 ι1111111111
1261 3717 1494 3809 Dlugoscb
1520 3718 1564 3789 de
1590 3718 1832 3812 Nyeskow,
1857 3721 1975 3794 dando

419 3843 486 3914 sibi
522 3863 597 3912 11111
634 3861 711 3912 cum
747 3839 848 3930 pleno
876 3840 971 3929 iure,
998 3838 1085 3910 nihil
1121 3837 1190 3911 sibi
1220 3839 1433 3913 reservando
1460 3845 1600 3913 etcum
1626 3843 1911 3933 inrepatronatus
1937 3849 1974 3915 et

418 3985 495 4036 cum
521 3965 596 4035 iure
624 3963 776 4034 decimae
803 3961 999 4052 praedialis
1027 3966 1063 4032 et
1089 3961 1223 4052 recepit
1249 3961 1316 4033 sibi
1342 3960 1428 4034 duas
1454 3961 1555 4035 villas
1580 3965 1794 4056 propinquas
1819 3971 1858 4038 et
1878 3966 1974 4037 utili·

418 4107 497 4158 ores
524 4086 560 4156 in
586 4103 861 4174 recompensem,
888 4081 1068 4154 videlicet:
1096 4081 1276 4156 Slnzow
1302 4086 1338 4154 et
1363 4070 1622 4176 Kestiram,
1648 4091 1686 4157 et
1711 4087 1790 4171 ideo
1817 4067 1973 4180 descrip-

417 4207 513 4284 tione
541 4207 644 4278 villae
680 4203 988 4278 Slawoschow
1024 4204 1172 4295 omissa,
1198 4205 1244 4276 ad
1270 4203 1537 4296 descriptionem
1563 4207 1798 4297 praelatarum
1824 4209 1973 4282 duarum

417 4329 578 4400 villarum
605 4325 861 4398 descendemus.
888 4325 1027 4396 Donata
1052 4325 1263 4397 monasterie
1293 4346 1357 4416 per
1383 4325 1618 4399 Slauosch
1643 4329 1799 4401 militem.
1914 4379 1919 4383 -

521 4448 708 4539 Snuszow,
734 4447 817 4519 villa
843 4467 907 4538 pro
934 4445 1245 4519 Slawoschou
1266 4447 1354 4520 uilla
1371 4445 1575 4541 decumbita
1595 4451 1660 4522 sub
1677 4452 1844 4541 parocbia
1861 4453 1971 4524 eccle-

532 1295 730 1387 Prounow,
757 1296 841 1369 villa
867 1297 932 1380 sub
959 1297 1125 1388 parocbia
1150 1298 1318 1371 ecclesiae
1334 1297 1379 1370 de
1396 1297 1661 1391 Waszpyow
1686 1299 1766 1390 sita,
1783 1299 1883 1372 cuins
1899 1319 1983 1390 pro-
2044 1259 2047 1265 ⁵
2132 1244 2150 1323 '5

418 4572 491 4643 siae
518 4569 561 4641 de
587 4567 777 4661 Gnoyno
804 4569 882 4660 sita,
911 4569 1007 4641 cuius
1034 4570 1232 4661 proprietas
1258 4569 1302 4641 ad
1329 4571 1576 4643 monasterium
1610 4572 1655 4643 de
1682 4573 1836 4645 Buslco
1862 4576 1972 4664 perti-
2075 4663 2077 4666 ι

418 4681 486 4764 net.
513 4691 554 4761 ln
582 4711 650 4781 qua
686 4696 767 4762 sunt
802 4689 893 4762 lanei
929 4691 1182 4782 cmethonaleS‚
1210 4698 1247 4763 et
1273 4691 1420 4783 quilibet
1446 4691 1550 4764 solvit
1575 4713 1683 4764 unum
1707 4693 1880 4767 fertonem
1906 4716 1971 4786 pro

418 4835 532 4886 censu.
568 4813 657 4884 Item
684 4833 767 4902 ova,
794 4813 877 4883 item
904 4813 1032 4904 gallos,
1061 4814 1145 4885 item
1172 4833 1301 4885 caseos.
1336 4813 1430 4884 *Item
1463 4813 1610 4905 quilibet
1635 4814 1680 4886 de
1706 4815 1806 4888 laneo
1832 4817 1972 4890 laborat

416 4958 523 5009 unum
560 4935 652 5006 diem
688 4935 724 5005 in
760 4933 970 5025 septimana,
1006 4936 1148 5026 proprio
1185 4955 1289 5006 curru
1324 4940 1386 5006 aut
1412 4941 1541 5008 aratro.
1579 4935 1875 5032 Itempownbom
1901 4959 1970 5010 nnn

415 5059 587 5150 laborant
614 5077 726 5148 neque
752 5075 869 5152 oaayep
897 5055 1043 5128 solvunt.
1072 5055 1159 5128 Item
1185 5073 1255 5128 non
1281 5061 1336 5128 est
1362 5057 1399 5127 in
1425 5056 1547 5129 eadem
1573 5057 1667 5129 villa·
1683 5058 1873 5150 praedium,
1900 5081 1970 5132 non

417 5184 498 5250 sunt
523 5179 753 5270 hortulaniae
780 5197 893 5269 neque
920 5178 1099 5249 tabernae.
1126 5177 1215 5249 Item
1242 5198 1361 5250 omnes
1388 5179 1464 5268 agri
1491 5179 1595 5251 villae
1622 5179 1761 5251 solvunt
1774 5185 1824 5258 ,et
1840 5182 1970 5253 condu-

416 5305 498 5372 cunt
525 5301 692 5373 decimam
720 5299 918 5390 canapalem
955 5305 992 5370 et
1017 5299 1268 5390 manipularem
1304 5319 1368 5390 pro
1396 5296 1541 5371 eeclesia
1566 5301 1602 5370 in
1629 5298 1838 5393 Gnoynn,
1865 5305 1970 5374 aesti-

416 5427 545 5492 matam
562 5421 606 5492 ad
625 5443 685 5494 sex
703 5441 847 5494 marcas.
874 5419 1034 5493 Confinat
1052 5427 1129 5491 cum
1147 5421 1252 5493 villis:
1279 5419 1498 5512 Ohothky,
1516 5421 1700 5515 Kozina,
1719 5423 1968 5515 Bernikes,

415 5541 621 5632 Balycze.
657 5543 745 5614 Item
771 5543 878 5614 habet
905 5541 1142 5614 molendinum
1169 5542 1206 5612 in
1231 5542 1371 5614 flumine
1400 5541 1626 5636 Szodnya‚
1653 5545 1746 5636 quod
1772 5546 1878 5619 solvit
1903 5565 1967 5637 pro
