4492 6592
1629 827 1755 898 aar
1849 919 1852 922 ⁴

187 1023 323 1098 Jacobo
352 1026 480 1098 maiori
511 1023 676 1116 Apostolo
693 1016 871 1122 dicatam,
898 1007 997 1125 euius
1023 1023 1219 1118 proprietas
1247 1033 1283 1098 et
1305 1027 1492 1099 dominium
1521 1027 1563 1099 ad
1584 1038 1757 1104 monaste·
1861 995 1869 1009 ⁸

188 1148 277 1217 rium
298 1147 618 1218 sanctimonialium
640 1149 674 1217 in
694 1146 1023 1246 Sthauyathky
1057 1149 1218 1238 pertinet.
1246 1147 1287 1220 In
1307 1170 1374 1239 qua
1393 1157 1474 1220 suut
1493 1152 1757 1240 quatuordecim

120 1317 126 1323 -
186 1267 278 1344 lanei
307 1258 568 1356 cmethonales,
596 1275 631 1339 et
650 1267 795 1359 quilibet
822 1270 958 1340 emetho
986 1269 1029 1340 de
1048 1270 1149 1340 laneo
1175 1269 1280 1341 solvit
1307 1291 1371 1360 pro
1389 1291 1503 1342 annuo
1522 1257 1628 1344 censu
1649 1295 1757 1347 unam

187 1407 344 1468 marcam
376 1391 566 1461 communis
593 1368 777 1480 pecuniae,
803 1391 887 1461 item
916 1389 1002 1469 duos
1028 1389 1157 1484 gallea,
1184 1393 1266 1462 item
1294 1393 1418 1481 uiginti
1446 1413 1530 1482 ova,
1557 1396 1639 1464 item
1668 1395 1755 1466 duos

187 1529 330 1598 caseos,
360 1511 446 1581 item
466 1508 552 1581 duos
571 1503 672 1581 coros
693 1531 842 1610 avenae,
870 1511 912 1586 de
932 1495 1000 1582 uu'o
1019 1529 1157 1602 quoque
1174 1512 1285 1586 laneo.
1315 1533 1498 1584 mensurae
1516 1511 1755 1588 Cracorieusis

188 1627 383 1702 confertae.
425 1631 510 1701 item
539 1654 602 1722 pro
631 1629 800 1728 ruyodouu
827 1631 870 1716 de
897 1633 997 1704 laneo
1026 1651 1088 1722 per
1115 1631 1264 1704 medium
1297 1655 1456 1723 gressuum
1484 1636 1567 1706 item
1596 1658 1756 1730 oprawue

105 1766 106 1769 ’
188 1746 341 1825 medium
382 1772 541 1842 grossum
578 1738 725 1824 solvunt.
766 1753 851 1824 Item
890 1753 1036 1844 quilibet
1064 1755 1200 1824 cmetho
1228 1752 1271 1824 de
1297 1755 1399 1825 laneo
1426 1763 1567 1827 tenetur
1593 1757 1754 1829 laborare
1866 1824 1868 1828 ,

189 1891 293 1944 unum
323 1873 419 1944 diem
448 1874 482 1943 in
511 1872 720 1964 septimana,
758 1876 898 1964 proprio
935 1861 1052 1946 curru
1076 1873 1129 1945 vel
1159 1882 1287 1945 aratro.
1332 1873 1419 1945 Item
1447 1883 1612 1947 tenentur
1638 1877 1754 1950 lacere

189 1993 359 2066 ducturas
389 1997 424 2068 in
453 1995 723 2067 Gra'coviam
743 1973 745 1977 ⁸
762 2001 798 2066 et
824 1997 858 2065 in
888 1995 957 2065 alia.
988 1975 1188 2086 ¹propinqua
1214 1995 1320 2090 loca,¹
1345 1997 1388 2066 ad
1415 1997 1586 2069 rationem
1613 1998 1756 2070 dierum.
1849 2036 1854 2046 .

189 2093 275 2186 Item
315 2115 403 2188 uilla
431 2115 586 2213 praelata
615 2117 682 2187 sita
719 2119 771 2186 est
798 2137 903 2207 supra
930 2115 1069 2188 fluvium
1105 2105 1402 2208 sraen'y'awa,
1425 2101 1561 2189 'habens
1590 2120 1754 2208 optimam
1824 2205 1829 2220 Ι

191 2233 345 2325 glebam,
376 2245 412 2308 et
440 2239 570 2328 optima
597 2244 725 2328 prata,
740 2244 776 2308 et
794 2239 829 2308 in
849 2239 969 2309 eodem
998 2238 1099 2308 fluvio
1128 2237 1404 2328 Srzenyaua
1431 2246 1486 2310 est
1512 2240 1756 2328 molendinum,

191 2357 324 2428 habens
345 2373 459 2448 agros
471 2366 506 2430 et
525 2363 641 2449 prata,
670 2359 712 2462 de
732 2381 798 2449 quo
818 2359 1001 2430 solvuntur
1018 2360 1229 2430 monasterio
1256 2361 1291 2430 in
1311 2359 1392 2431 Sth
1402 2381 1455 2460 an
1466 2362 1610 2452 yathy
1637 2363 1755 2433 decem

191 2497 327 2550 marcae
357 2479 602 2569 etsaginatus
629 2472 729 2583 unus·
753 2501 888 2570 porcus.
929 2479 1014 2552 ltem
1054 2481 1088 2550 in
1117 2481 1236 2551 eadem
1265 2479 1347 2550 villa
1376 2488 1427 2551 est
1456 2481 1637 2570 praedium
1666 2484 1755 2572 opti·

190 2618 281 2669 mum
310 2609 349 2671 et
379 2601 476 2673 curia
494 2581 811 2674 admonasterium
841 2603 875 2672 iu
903 2601 1253 2693 Sthanyathhy,
1282 2603 1378 2672 cuius
1406 2603 1544 2690 agriin
1563 2602 1635 2674 tres
1663 2624 1754 2675 cam-

192 2739 252 2808 pos
280 2719 407 2812 divisi,
435 2743 510 2793 cum
538 2723 638 2794 bonis
666 2721 794 2812 pratis,
827 2723 873 2793 de
901 2723 1026 2812 quibus
1053 2721 1186 2793 decima
1222 2723 1447 2812 manipularis
1483 2723 1568 2793 nulli
1597 2725 1753 2825 solvitur,

152 2877 153 2880 π
193 2839 257 2910 aed·
279 2863 356 2914 eam
388 2839 646 2922 monasterium
662 2865 736 2934 pro
753 2837 791 2913 s'e
819 2843 919 2914 tollit.
959 2843 1047 2914 ltem
1076 2844 1336 2934 iuspatronatus
1372 2845 1539 2914 ecclesiae
1574 2843 1752 2935 praefatae

177 2958 225 3032 ¹iu
254 2961 546 3054 Nyegardow
581 2965 683 3054 pleno
719 2965 793 3035 iure
829 2965 983 3054 pertinet
1011 2959 1062 3035 'ad
1092 2963 1303 3036 abbatissam
1341 2970 1376 3033 et
1407 2965 1687 3036 sanctimoniales
1715 2967 1751 3037 iu
1790 2993 1811 3040 Α

192 3079 534 3176 Sthanyathhy.
575 3085 662 3158 ltem
700 3085 733 3157 in
763 3082 883 3158 eadem
911 3085 994 3156 villa
1021 3085 1128 3176 habet
1156 3086 1323 3174 plebanus
1352 3106 1455 3172 agros
1482 3087 1621 3162 liberos.
1663 3085 1751 3157 Item

105 3227 106 3230 ¹
194 3205 415 3277 hortulaniae
452 3208 485 3276 in
514 3207 597 3277 villa
614 3221 617 3228 ·
634 3203 792 3298 praefata
827 3199 1104 3278 tres'habentes
1141 3227 1262 3296 agros,
1300 3208 1475 3296 quaelibet
1512 3209 1615 3278 solunt
1647 3229 1752 3278 unum
1814 3221 1824 3235 ‘
1863 3225 1867 3242 ¹

196 3322 362 3398 fertonem
404 3334 440 3398 et
476 3349 579 3399 riuum
621 3329 710 3400 diem
755 3329 788 3398 in
832 3330 1025 3418 septimana
1077 3327 1239 3418 pedester
1278 3327 1425 3398 laborat.
1477 3328 1566 3398 item
1615 3335 1755 3399 tenetur

189 3442 236 3516 ‘ud
268 3455 452 3540 utramque
486 3449 683 3544 porculum,
719 3425 927 3543 hyemalium
965 3449 1126 3520 videlicet
1162 3456 1197 3523 et
1233 3434 1451 3520 aestivalium
1487 3447 1749 3520 frumentorum.
1858 3491 1865 3496 -

173 3601 174 3604 ¹
196 3566 279 3642 Item
306 3547 456 3642 taberna
483 3577 537 3643 est
565 3571 630 3661 ibi,
666 3575 857 3662 pertinens·
882 3571 925 3643 ad
954 3573 1201 3661 proprietatem
1230 3551 1394 3641 ecclesiae
1422 3571 1550 3641 ibidem
1578 3572 1613 3641 iu
1641 3571 1751 3662 Nye-

196 3688 396 3782 gardow,
434 3699 471 3776 et
497 3693 603 3764 solvit
638 3715 701 3795 pro
729 3713 834 3764 censu
862 3667 947 3764 duas
975 3713 1117 3762 marcas.
1158 3693 1244 3761 ltem
1273 3711 1391 3761 omnes
1418 3693 1493 3779 agri
1521 3692 1753 3762 cmetbonules

196 3809 331 3883 solvunt
356 3801 525 3884 'decimam
554 3815 818 3904 manipularem,
846 3811 906 3884 sed
926 3815 1010 3884 haer
1038 3812 1312 3896 diversificatum
1340 3832 1417 3881 nam
1447 3811 1553 3901 aliqui
1582 3814 1657 3901 agri
1672 3796 1753 3881 -sol-

196 3941 277 4003 runt
313 3955 389 4005 eam
422 3936 670 4007 mansionariis¹
702 3936 744 4006 de
777 3935 1000 4015 Russcza,
1020 3923 1074 4004 ⁴et
1101 3920 1299 4021 canapalem
1328 3953 1392 4021 per
1429 3939 1580 4022 quatuor
1605 3933 1753 4021 ierugas,

197 4056 231 4121 et
257 4053 426 4127 inducunt
464 4063 538 4126 earn
576 4059 727 4147 propriis
765 4056 923 4127 curribus
962 4055 996 4125 iu
1025 4056 1187 4126 horreum
1226 4075 1253 4130 a,
1281 4053 1524 4145 mansionariis
1560 4053 1752 4142 locandum,

199 4177 231 4242 et
248 4177 346 4248 valor
374 4179 448 4249 eius
477 4179 695 4278 aestimatur·
709 4179 752 4249 ad
781 4234 814 4248 ..
835 4233 842 4248 .
864 4234 871 4247 .
891 4234 897 4246 .
918 4234 942 4266 .,
971 4177 1076 4266 aliqui
1103 4158 1219 4247 autem
1239 4166 1315 4262 agri
1335 4175 1474 4245 solvunt
1492 4195 1567 4245 eam
1587 4175 1754 4288 ecclesiae¹
1794 4238 1796 4242 ,

199 4299 384 4382 parochiali
404 4302 446 4392 in
475 4301 770 4390 Nyegardow.
811 4299 1000 4370 herevilla
1019 4297 1178 4388 praelata
1196 4296 1346 4367 continet
1364 4316 1440 4366 curn
1469 4295 1562 4365 villis
1589 4282 1680 4386 Pp'o
1690 4303 1706 4367 t
1716 4317 1751 4367 r-

144 4457 147 4465 ·
201 4411 414 4511 heminae,
441 4421 626 4512 Ozechp,
654 4419 997 4500 Gnathonicze,
1025 4418 1472 4511 Monyadzlruwicze.

205 4531 237 4575 ³
291 4527 553 4634 'Wuornnczm
591 4543 669 4612 villa
711 4542 774 4613 sub
810 4543 973 4632 parochia
1003 4537 1168 4612 ecclesiae
1194 4530 1239 4611 'de
1258 4539 1516 4611 Bodzanow
1543 4539 1626 4623 sita„
1654 4540 1750 4610 cuius
1839 4524 1858 4595 .'

202 4663 391 4751 proprietas
422 4671 456 4735 et
471 4665 661 4744 dominium·
689 4663 732 4733 ad
748 4653 998 4760 monasterium
1028 4661 1337 4734 sanctimonialium
1365 4662 1399 4730 in
1420 4661 1752 4750 Sthaupathky

109 4877 112 4883 ι
202 4784 354 4866 pertinet.
396 4786 434 4856 ln
463 4807 531 4877 qua
566 4791 648 4856 suunt
682 4792 832 4875 quatuor
868 4785 957 4855 lanei
995 4781 1230 4857 emetbonales
1266 4788 1301 4853 et
1334 4784 1474 4873 quintus
1508 4783 1754 4869 tabernatoris,

199 4907 234 4969 'et
252 4905 394 4992 quilibet
423 4892 557 4978 cmetho
584 4896 628 4976 de
648 4907 747 4976 laueo
772 4907 876 4977 solvit
896 4906 1011 4975 decem
1041 4911 1077 4976 et
1103 4911 1181 4976 octo
1209 4910 1341 4975 scottos
1361 4904 1549 4996 communis
1576 4903 1751 4992 pecuniae.

115 5110 118 5116 Ι
204 5017 277 5094 item
305 5027 402 5098 duos·
417 5027 547 5118 gallos,
566 5027 646 5098 item
677 5027 763 5098 duos
792 5010 924 5114 caseos,
952 5027 1033 5107 item
1054 5025 1177 5114 viginti
1205 5047 1279 5096 uva.
1319 5025 1406 5096 ltem
1427 5024 1625 5094 cmethones
1653 5022 1749 5100 labo·

204 5150 276 5214 rant
302 5167 403 5238 agros
421 5149 614 5240 praediales
633 5149 788 5221 coenobii
813 5153 883 5218 tam
913 5169 976 5236 pro
996 5167 1094 5236 vere,
1123 5166 1225 5236 quam
1245 5168 1309 5236 pro
1327 5145 1451 5239 hyeme
1470 5145 1520 5212 eis
1540 5144 1750 5230 designatos.

205 5257 282 5336 Item
315 5289 377 5358 pro
406 5267 591 5364 mpodorue·
610 5265 760 5340 medium
797 5289 965 5358 grossum.
1007 5268 1093 5338 ltem
1122 5261 1359 5359 pr'o'obpedue
1395 5263 1542 5334 medium
1580 5283 1749 5350 grossum.

204 5379 281 5456 Item
308 5390 433 5460 ducere
469 5395 632 5460 tenentur
668 5391 761 5479 ligna
793 5377 861 5479 'pro
889 5384 1094 5460 necessitate
1132 5387 1248 5463 curiae
1275 5387 1309 5456 in
1338 5385 1621 5456 Oracouiam.
1662 5381 1749 5453 item

206 5511 254 5574 est
278 5529 344 5582 uua
362 5509 517 5604 ¹taberna
539 5511 676 5581 habeus
704 5531 813 5581 unum.
836 5509 971 5594 laneum
1001 5509 1044 5578 de
1063 5528 1148 5596 agro
1175 5513 1209 5576 et
1228 5512 1338 5596 prata,
1366 5512 1402 5575 et
1420 5487 1523 5575 solvit
1539 5525 1616 5594 ,pro
1636 5505 1749 5574 animo

208 5641 300 5701 seusu
328 5638 478 5722 quatuor
491 5608 667 5720 mamam,¹
693 5637 728 5702 et
755 5631 818 5722 pro
844 5629 960 5720 lapide
996 5629 1068 5718 sepi
1105 5627 1222 5698 decem
1259 5626 1407 5720 grossos.
1446 5625 1533 5710 item
1560 5633 1633 5697 tam
1660 5646 1751 5696 cme·

207 5742 333 5844 thonas,
351 5753 453 5844 quam
472 5753 685 5844 tabernator,
705 5757 870 5823 tenentur
888 5749 931 5822 ad
950 5755 1133 5839 utramque
1144 5746 1344 5844 pomulam,
1362 5746 1523 5819 videlicet
1541 5748 1751 5839 hyemalium
