4492 6592
1704 789 1801 861 .451

354 988 509 1079 Quartus
528 988 641 1063 irater
667 990 911 1063 Gerendus
938 992 1158 1064 theutonicus
1186 988 1228 1062 de
1256 988 1469 1081 Colonia,
1496 990 1622 1083 hospes
1650 992 1695 1063 ad
1713 983 1807 1086 oapi-

243 1111 360 1182 tulum
388 1110 668 1184 Sandomiriense
695 1114 852 1203 veniens,
879 1115 914 1184 in
942 1112 1188 1204 provincialem
1218 1118 1272 1183 est
1299 1113 1439 1203 electae,
1466 1118 1502 1183 et
1529 1112 1656 1185 ibidem
1684 1114 1809 1215 confir-

244 1221 382 1321 matns3
408 1232 465 1303 bie
491 1238 615 1324 postea
641 1252 706 1324 per
731 1234 932 1306 visitatores
968 1236 1094 1307 missos
1131 1233 1322 1325 aeapitulo
1349 1234 1513 1326 generali,
1540 1232 1805 1308 Gabrielem

244 1353 383 1425 seilicet
408 1354 622 1444 hungarum,
656 1361 693 1426 et
720 1354 968 1427 Henrienm
995 1356 1252 1447 theutonicum,
1287 1356 1331 1427 ad
1363 1356 1567 1446 petitionem
1595 1356 1742 1431 fratrum
1771 1360 1806 1429 in

201 1486 208 1505 ⁸
236 1473 463 1569 ‘Brnnane
490 1475 685 1567 absolutus,
711 1497 803 1549 anno
829 1477 968 1549 Domini
1000 1480 1108 1550 1243.
1816 1474 1819 1481 ’

351 1594 466 1667 Huius
493 1617 570 1667 cnm
597 1598 721 1669 electio
739 1598 865 1669 vitiosa
891 1604 1033 1689 reperta
1049 1598 1190 1691 fuisset,
1218 1620 1309 1672 anno
1336 1598 1475 1671 Domini
1498 1600 1595 1669 1243
1625 1599 1803 1670 absolutus
1916 1650 1920 1658 .

245 1719 324 1805 est;
351 1722 387 1787 et
403 1715 514 1789 irater
540 1716 777 1790 Martinus
804 1719 846 1789 de
866 1718 1161 1792 Sandomiria
1188 1721 1286 1811 prior
1304 1740 1394 1791 anno
1417 1719 1556 1791 Domini
1581 1720 1689 1807 1244,
1716 1716 1806 1788 Vra·

245 1837 408 1909 tislaviae
444 1838 480 1909 in
508 1840 659 1928 capitulo
687 1840 848 1930 generali·
869 1841 1027 1931 eligitur,
1064 1848 1100 1913 et
1128 1840 1352 1913 continuatur
1387 1841 1422 1910 in
1451 1838 1507 1910 die
1535 1838 1806 1927 Purifioationis,

165 2056 172 2063 Ι
244 1977 268 2026 a
295 1959 469 2047 magistro·
491 1958 702 2031 Jobanne
730 1961 972 2034 Bononiae.

353 2076 455 2150 Anno
482 2078 622 2151 Domini
654 2082 762 2171 1248,
798 2080 1002 2153 Martino
1037 2084 1243 2174 provinciali
1280 2089 1433 2169 mortuo,
1470 2080 1524 2150 vel
1561 2086 1600 2149 ut
1636 2078 1805 2169 quaedam

245 2199 388 2271 annalia
415 2200 545 2272 babent
572 2202 752 2293 absoluto,
777 2202 887 2275 irater
914 2203 1063 2276 Milrul
1091 2205 1235 2277 studens
1263 2202 1426 2275 Peresius
1454 2200 1604 2289 eligitur,
1632 2205 1666 2270 et
1693 2221 1804 2273 ama-

244 2320 358 2409 gistro
393 2322 546 2412 generali
582 2323 824 2415 confirmatur,
859 2326 895 2397 in
932 2326 1084 2415 capitulo
1119 2324 1274 2430 generali
1312 2316 1501 2409 Pragae¹
1526 2320 1722 2411 celebrat03
1749 2324 1806 2393 hic
1907 2322 1910 2329 ’

245 2442 447 2531 petentibus
465 2442 661 2535 'batriboa
689 2446 770 2536 quia
787 2445 890 2517 nimis
908 2448 1094 2519 iracundos
1121 2453 1213 2533 erat,
1240 2462 1330 2513 anno
1349 2442 1487 2512 Domini
1518 2442 1627 2513 1249.
1654 2444 1802 2534 amagi-
1913 2456 1935 2511 ’,

244 2563 561 2668 strodobann'e
596 2566 631 2635 in
658 2567 864 2656 provinciali
888 2568 1052 2659 -oapiinlo
1087 2569 1122 2638 in
1151 2562 1358 2636 Gradena
1395 2562 1569 2635 celebrato
1596 2563 1799 2655 absolvitis,

245 2690 285 2754 et
311 2682 549 2757 Coloniam
577 2687 622 2763 ad
649 2688 801 2760 studium
829 2690 991 2761 mittitur.
1871 2675 1874 2681 ¹

358 2805 462 2879 Anno
488 2808 627 2882 Domini
666 2810 764 2881 1250
798 2809 927 2881 iratres
960 2806 1075 2897 poloni
1112 2803 1244 2876 ordinis
1280 2804 1560 2896 praedicatorum
1587 2806 1621 2877 in
1650 2805 1804 2879 Vrati-

249 2926 449 2999 slaviam
485 2930 528 3001 ad
564 2930 766 3012 electionem
808 2930 1068 3016 convenientes
1111 2924 1255 2997 fratrem
1300 2924 1528 2999 Simonem
1564 2928 1730 3000 lectorem
1767 2932 1803 3001 in

246 3049 500 3137 provincialem
527 3050 669 3142 eligunt,
697 3059 732 3123 et
759 3052 986 3123 confirmatur
1008 3068 1072 3139 per
1098 3046 1303 3137 magistrum
1329 3046 1352 3119 J
1363 3048 1594 3119 ohannem.

361 3170 469 3242 1255.
496 3171 606 3243 irater
624 3172 774 3245 Simon
798 3165 929 3240 ordinis
956 3163 1234 3258 praedicatorum
1262 3169 1485 3259 provincialis
1513 3169 1677 3241 Poloniae
1705 3172 1801 3259 obiit,

234 3270 308 3363 ¹vel
335 3292 521 3363 seeundum
549 3293 617 3363 alia
634 3289 772 3361 annalia
798 3286 994 3377 absolutus;
1014 3278 1101 3379 'pos't
1119 3290 1216 3361 cuius
1243 3296 1390 3361 mortem
1418 3289 1546 3361 fratres
1572 3289 1737 3362 Poloniae
1766 3294 1801 3362 in

250 3391 430 3483 Wrathi
443 3433 537 3485 vam
557 3410 598 3481 ad
615 3408 779 3499 generale
798 3408 986 3499 capitulum
1006 3411 1262 3501 couvenientes,
1289 3411 1434 3482 fratrem
1448 3410 1472 3483 J
1482 3412 1705 3482 ohannem
1732 3412 1822 3484 Bo:

247 3534 399 3622 hemum,
426 3534 589 3603 lectorem
616 3529 826 3620 Prageusem
854 3531 1052 3623 elegerunt,
1079 3538 1114 3608 et
1141 3532 1267 3604 ibidem
1296 3530 1362 3603 luit
1389 3533 1612 3605 confirmatus
1639 3554 1703 3624 per
1729 3556 1801 3607 ma-

246 3654 394 3741 gistrum
422 3649 731 3724 Humbertom.
1507 3624 1513 3645 ’

303 3860 313 3877 Ι
356 3773 462 3842 1256.
489 3770 513 3843 J
523 3772 727 3843 ohannes
745 3772 912 3861 bohemus
930 3772 1154 3863 provincialis
1173 3772 1338 3843 Poloniae
1356 3773 1512 3861 moritur,
1540 3773 1593 3843 vel
1613 3774 1799 3845 seeundum

214 3892 315 3961 'alia
342 3892 481 3963 annalia
508 3892 700 3965 absolvitur
731 3892 887 3964 Parisios
914 3914 942 3964 a*
963 3891 1035 3964 suis
1061 3893 1236 3983 bohemis,
1264 3900 1301 3965 et
1326 3892 1454 3965 iratres
1482 3888 1647 3965 Pol'oniae
1673 3893 1717 3964 ad
1744 3914 1800 3965 ea-

243 4012 395 4103 pitulum
412 4013 576 4103 generale
594 4014 630 4083 in
657 4012 889 4086 Rathibor
915 4013 1167 4103 convenientes,
1194 4012 1338 4087 fratrem
1356 4012 1635 4113 Rainoldum
1664 4015 1698 4084 in
1718 4035 1799 4105 prn-

351 4253 453 4325 Anno
479 4253 620 4325 Domini
650 4256 750 4327 1260
776 4253 889 4328 irater
913 4238 1175 4329 Rainoldus
1202 4254 1427 4347 provincialis
1463 4252 1629 4326 Poloniae
1657 4254 1691 4324 in
1714 4254 1799 4329 ,Plo-

243 4375 361 4446 ozensi
387 4369 599 4448 monasterio
625 4377 782 4467 moritur,
809 4376 997 4448 secundnm
1024 4377 1092 4447 alia
1119 4376 1258 4447 annalia
1282 4374 1503 4467 Iglaviae.
1530 4374 1672 4447 Morino
1700 4374 1798 4447 Rai-
1862 4450 1867 4461 ,
1914 4381 1915 4389 ’

180 4598 187 4603 ι
243 4496 384 4568 moldo
410 4495 521 4569 frater
547 4496 698 4586 Simon
725 4498 836 4569 lector
861 4496 1148 4570 Vratislaviensis
1176 4497 1324 4587 electus,
1351 4497 1595 4587 confirmatur,
1623 4503 1659 4568 et
1686 4498 1799 4570 absol-

243 4618 343 4690 vitur
366 4623 448 4714 post
473 4618 671 4709 triennium
698 4638 788 4690 anno
814 4618 976 4691 videlieet
1001 4617 1140 4691 Domini
1171 4617 1280 4689 1263.

352 4738 393 4810 ln
418 4739 531 4811 locum
559 4738 760 4811 Simonis
786 4738 1133 4812 traterNicolans
1159 4738 1304 4830 gallicus
1331 4738 1367 4809 in
1394 4738 1633 4811 Poznania
1660 4738 1799 4829 electus,

123 4876 130 4885 ·
247 4880 314 4952 per
347 4859 492 4932 fratrem
527 4860 778 4931 Martinam
817 4860 1039 4933 confirmatus
1075 4866 1147 4950 est,
1183 4860 1240 4931 bio
1276 4858 1456 4951 Pragae
1492 4860 1526 4931 in
1564 4858 1677 4932 officio
1713 4860 1800 4931 obiit

179 4962 191 5052 ξ
250 4982 362 5053 rana
430 4967 438 4982 ‘

352 5102 522 5200 Obennte,
545 5102 742 5176 Nicolao
775 5104 911 5195 gallico,
946 5103 1055 5175 irater
1090 5101 1380 5175 Sandomiriensis
1416 5100 1439 5173 J
1447 5103 1655 5191 ohannes
1690 5100 1800 5171 lector
1939 5198 1941 5203 ,

246 5223 527 5322 Rathiborienais
562 5224 741 5323 Pragae
768 5225 916 5314 eleetos,
951 5244 1015 5315 per
1040 5223 1184 5295 fratrem
1212 5222 1468 5294 Martinum
1496 5222 1647 5313 priorem
1675 5220 1797 5295 Ratbi·
1854 5258 1859 5265 ,

246 5346 444 5416 boriensem
472 5345 695 5417 confirmatus
722 5351 784 5434 est,
811 5352 847 5416 et
874 5366 965 5416 anno
992 5344 1131 5415 Domini
1163 5344 1260 5415 1268
1289 5344 1332 5415 ab
1361 5342 1472 5416 officio
1501 5343 1689 5415 absolutus.

353 5466 528 5538 Successit
563 5465 613 5535 illi
646 5464 756 5536 frater
784 5464 1004 5535 Nicolaus
1045 5464 1271 5555 LombarduS,
1307 5466 1342 5535 in
1372 5463 1532 5553 Capitulo
1569 5462 1796 5559 Joblonnensi

247 5590 381 5659 electus
409 5594 446 5658 et
472 5586 712 5674 eorrbrmatus,
749 5586 784 5656 in
812 5586 962 5675 capitulo
990 5606 1072 5656 vero
1099 5586 1253 5675 generali
1282 5583 1440 5655 Pestensi
1477 5585 1675 5673 provinciae
1700 5583 1799 5655 Hun-

187 5707 191 5728 '
247 5712 369 5801 gariae
399 5710 509 5783 1211.
535 5708 580 5780 ab
607 5707 719 5778 officio
746 5707 936 5778 absolutus.
1811 5696 1814 5711 '
