4492 6592
1425 840 1429 847 '
1571 824 1582 841 '
1657 833 1762 903 379-

175 1041 346 1132 Stepbani
381 1040 577 1131 carnificis,
596 1060 660 1131 pro
695 1040 811 1111 decem
840 1045 876 1111 et
902 1046 981 1111 octo
1008 1040 1135 1111 marcia
1163 1040 1312 1123 latorum
1339 1027 1539 1131 grossorum
1566 1044 1601 1109 et
1628 1058 1731 1128 quar-

175 1163 326 1234 tensIum
355 1163 440 1233 emit
470 1163 567 1233 1367
579 1186 589 1251 ;
614 1163 704 1233 banc
739 1162 877 1233 domum
912 1161 1112 1232 consulatus
1139 1160 1430 1232 Saudomiriensia
1456 1157 1501 1231 ad
1528 1160 1731 1249 petitionem
1871 1238 1878 1249 ,

174 1284 380 1355 monasterii
405 1283 593 1356 libertavit.
1185 1353 1187 1358 .

277 1402 524 1492 Wruurcuua
552 1403 715 1492 oppidum
742 1404 886 1492 regium,
912 1402 1045 1473 babens
1062 1403 1098 1472 in
1116 1422 1155 1471 se
1173 1402 1353 1473 eeclesiam
1373 1400 1615 1491 parochialem,
1635 1402 1732 1473 cuius

175 1525 375 1615 proprietas
409 1524 454 1595 ad
490 1524 748 1595 serenissimum
783 1543 898 1612 regem
935 1521 1100 1615 Poloniae
1135 1522 1304 1612 pertinet,
1331 1522 1422 1611 apud
1460 1522 1552 1611 quod
1580 1521 1670 1591 sales
1697 1522 1732 1592 in

175 1665 302 1734 magua
329 1645 432 1734 copia
457 1644 687 1731 effodiuntur3
712 1646 748 1714 in
775 1645 841 1715 boc
867 1643 1041 1733 qnondam
1067 1644 1219 1714 babebat
1245 1642 1493 1713 monasterinm
1512 1639 1732 1731 Ooprzywui-

175 1785 297 1836 czeuse
325 1765 463 1837 alveum
489 1766 562 1838 sive
589 1770 730 1855 puteum
757 1765 850 1854 salia,
877 1766 944 1835 sibi
971 1766 1006 1834 in
1033 1763 1234 1835 fundatione
1261 1764 1428 1853 primaria
1454 1782 1516 1853 per
1543 1761 1731 1833 CaSImi·

175 1906 266 1957 rum
294 1886 420 1957 ducem
446 1883 664 1957 fundatorem
700 1890 737 1956 et
770 1886 966 1956 dotatorem
992 1885 1178 1973 donatum,
1204 1902 1246 1954 ex
1274 1905 1342 1973 qno
1369 1882 1578 1955 monaaterio
1605 1902 1731 1971 magua

176 2006 410 2077 emolumenta
443 2013 480 2077 et
515 2026 639 2077 cenans
673 2006 942 2096 proveniebaut;
977 2005 1039 2076 sed
1069 2005 1188 2076 alveus
1215 2006 1291 2094 ipse
1317 2003 1446 2075 dudum
1471 2025 1495 2073 a
1521 2002 1730 2075 monasterio

176 2128 378 2198 abstractus
404 2133 443 2198 et
466 2127 639 2198 alienatus
664 2133 729 2216 eat,
756 2128 927 2198 incertum
954 2132 1017 2215 eat,
1042 2147 1085 2197 cx
1113 2146 1182 2217 qua
1200 2145 1312 2216 cauae,
1332 2125 1392 2195 sed
1412 2144 1522 2214 neque
1542 2146 1604 2213 prr
1623 2142 1734 2214 rpem,

177 2252 236 2317 aut
261 2268 334 2339 quo
353 2252 526 2339 tempore,
553 2268 617 2318 nec
644 2249 681 2319 iu
707 2248 797 2325 banc
823 2246 913 2319 dem
940 2248 1136 2319 restitutus.
1834 2222 1840 2229 ⁸

280 2368 564 2440 Buuszrczrczu
590 2368 739 2459 Meroe,
775 2368 860 2441 villa
894 2388 958 2458 per
992 2367 1236 2439 Nicolaum
1272 2367 1432 2437 comitem
1459 2364 1503 2436 de
1531 2365 1735 2454 Bogoria
1864 2454 1870 2466 Ι
1937 2444 1944 2453 ,

184 2489 332 2579 donata,
360 2490 425 2560 sub
452 2490 619 2580 parocbia
644 2490 810 2561 ecclesiae
836 2489 881 2560 de
907 2487 1243 2581 Sulyalawicze
1280 2468 1367 2558 alta(
1396 2487 1435 2557 In
1463 2506 1532 2576 qua
1558 2507 1626 2556 non
1654 2490 1735 2557 suut

180 2610 284 2699 aliqui
321 2610 415 2681 lanei
450 2610 702 2700 cmetbonalea,
728 2610 795 2682 sed·
824 2615 961 2681 tantum
997 2614 1146 2700 quatuor
1173 2608 1410 2697 hortulauiae,
1437 2607 1605 2679 babentes
1631 2626 1734 2693 agros

181 2730 333 2819 amplos,
369 2735 405 2800 et
440 2730 616 2819 quaelibet
650 2731 851 2804 bortulania
884 2731 991 2825 noivit
1026 2750 1090 2820 pro
1119 2719 1252 2831 'annuo
1268 2745 1372 2799 censu
1399 2726 1547 2798 mediam
1576 2744 1734 2797 marcam.

135 2877 139 2886 ·
180 2849 262 2920 Item
291 2856 349 2921 eat
374 2851 408 2922 in
436 2851 557 2921 eadem
584 2852 668 2922 villa
694 2852 873 2941 praedium
900 2851 1109 2941 coenobiale,
1136 2856 1216 2940 post
1243 2852 1339 2921 cuius
1367 2870 1470 2938 agros
1488 2828 1652 2939 singulos,
1672 2836 1762 2915 sed

181 2977 217 3039 et
241 2977 325 3060 post
351 2992 455 3060 agros
481 2972 759 3043 bortnlauiarum
776 2978 822 3043 .et
848 2972 1045 3062 molendini,
1065 2972 1212 3043 solvbur
1230 2972 1364 3041 decima
1382 2969 1607 3058 manipularis
1626 2968 1733 3037 eccle-

183 3090 254 3161 siae
289 3092 326 3162 in
354 3092 591 3183 Lunyoua
627 3092 714 3163 Item
750 3099 804 3163 est
842 3094 875 3172 ip
908 3093 1029 3164 eadem
1064 3092 1149 3163 villo
1176 3092 1407 3166 molendinum
1433 3092 1469 3160 in
1496 3090 1634 3159 flumine
1661 3086 1735 3157 Go-

183 3213 482 3303 przywnicza,
508 3214 641 3285 babens
667 3232 781 3304 agnon,
807 3214 900 3304 quod
927 3234 992 3303 pro
1019 3233 1134 3285 annuo
1161 3232 1266 3282 censu
1294 3212 1399 3282 solvit
1426 3210 1637 3281 monasterio
1660 3216 1733 3279 tres

184 3353 317 3405 marcas
344 3334 542 3405 communis.
569 3333 658 3405 Item
684 3354 753 3405 non
779 3340 836 3405 est
862 3336 898 3404 in
924 3333 1044 3404 eadem
1072 3333 1156 3405 villa
1182 3333 1338 3403 taberna.

284 3455 426 3526 Donata
452 3456 664 3527 monasterio
699 3476 762 3545 per
789 3454 1031 3526 Nicolaum
1058 3455 1218 3524 comitem
1245 3452 1463 3523 fundatorem
1492 3470 1559 3521 nou
1587 3451 1624 3519 in
1650 3455 1736 3539 toto,

187 3574 243 3645 sed
269 3577 305 3646 in
334 3597 404 3647 uua
429 3581 539 3666 parte.
566 3575 654 3648 Item
681 3574 924 3650 Goura'dua
951 3576 994 3646 de
1013 3574 1247 3665 Bpazycze
1274 3592 1349 3643 curn
1369 3570 1596 3661 Margaretba
1614 3570 1737 3643 relicta

187 3690 400 3767 Pinionia
435 3697 522 3769 ciris
557 3695 849 3769 Sandomiriensia
875 3697 963 3767 duaa
990 3701 1109 3786 partes
1137 3694 1239 3765 villae
1266 3692 1418 3763 eiusdem
1446 3710 1510 3781 pro
1537 3692 1738 3778 octuaginta
1879 3670 1883 3677 ’

186 3818 307 3887 marcia
334 3819 546 3892 monasterio
572 3818 809 3908 vendiderunt,
836 3823 872 3887 et
896 3817 1037 3889 tertiam
1064 3820 1199 3904 partem
1227 3814 1436 3883 monasterio
1463 3814 1607 3902 propter
1625 3811 1736 3879 Deum

188 3936 419 4027 donaverunt,
454 3940 489 4009 iu
526 3939 698 4029 colloquio
733 3937 887 4029 generali
913 3936 1241 4009 Saudomiriae
1272 3935 1310 4005 ,in
1339 3933 1493 4003 crastino
1520 3930 1736 4021 Epiphaniae

192 4058 296 4130 1387.
324 4057 485 4135 Goubnad
509 4080 588 4137 cum
616 4059 707 4131 rillio
726 4114 733 4129 .
752 4112 786 4128 ..
945 4149 953 4153 ι

287 4180 375 4251 Item
403 4182 438 4251 in
465 4179 623 4270 praefata
649 4179 733 4251 villa
768 4178 987 4269 Nyemata
1021 4174 1112 4247 lilius
1140 4172 1586 4265 Grzyuoszandonis
1613 4171 1736 4242 babuit

190 4305 312 4372 sortem
339 4302 537 4392 notabilem,
564 4300 624 4373 sed
652 4302 695 4371 de
722 4300 843 4371 eadem
869 4304 964 4370 sorte
990 4303 1027 4368 ot
1053 4296 1270 4368 haeredilate
1297 4314 1360 4386 per
1386 4292 1734 4385 Lyasoblronem

192 4418 307 4493 ducem
335 4442 427 4493 anno
453 4422 591 4493 Domini
624 4422 730 4493 1284.
757 4420 1038 4492 exhaereditatus
1065 4424 1130 4509 est,
1159 4418 1250 4510 quod
1277 4414 1512 4505 transfugIeus
1531 4414 1575 4485 ad
1594 4414 1734 4485 scisma-

189 4540 282 4632 tIcos,
300 4542 450 4643 reguum
472 4542 638 4614 Poloniae
665 4564 741 4618 cum
768 4541 897 4613 eisdem
924 4540 1140 4611 machinatus
1167 4543 1222 4609 est
1239 4538 1433 4626 devastare,
1451 4541 1487 4607 et
1505 4556 1569 4626 per
1588 4534 1733 4606 eundem

136 4678 140 4684 ⁴
191 4657 500 4735 beacblronem
527 4662 647 4734 ducem
674 4662 785 4734 eidem
813 4662 1026 4733 monasterio
1052 4658 1354 4751 Ooprzywuiceuai
1381 4657 1519 4729 donata.

263 4784 569 4856 -Banazrczrozu
597 4764 734 4874 Mruon,
761 4783 844 4856 villo
870 4802 933 4874 per
950 4774 1193 4853 Nicolaum
1221 4780 1380 4852 comitem
1399 4779 1442 4849 de
1459 4778 1591 4849 familia
1605 4780 1640 4847 et
1654 4774 1737 4847 villa

194 4901 392 4995 Bogoria
417 4890 627 4977 monaaterio
653 4905 790 4995 donata,
816 4911 854 4976 et
872 4906 936 4976 snb
962 4904 1129 4994 parocbia
1155 4901 1321 4974 ecclesiae
1348 4901 1384 4971 in
1401 4900 1632 4989 Luuyowo
1659 4896 1736 4984 alta,

194 5023 235 5093 ad
252 5027 498 5117 proprietatem
524 5032 561 5097 et
586 5026 774 5098 domiuium
804 5025 1006 5097 monasterii
1033 5022 1370 5114 Goprzywniczensis
1394 5021 1529 5109 integre
1549 5017 1735 5107 pertinens.

194 5138 267 5217 Non
293 5123 400 5219 babet
426 5148 461 5219 in
488 5167 526 5219 ae
553 5148 671 5219 laneos
697 5146 832 5238 aliquos
858 5146 1104 5236 emetbonaleS,
1131 5144 1192 5215 aed
1220 5147 1301 5215 aunt
1328 5140 1566 5213 tantummodo
1585 5142 1734 5227 quatuor

195 5263 406 5340 hortulaniae
431 5266 600 5341 babentes
627 5288 751 5359 agros,
778 5274 814 5339 et
840 5266 1016 5359 quaelibet
1042 5266 1148 5357 solvit
1175 5284 1238 5355 pro
1266 5284 1381 5335 annuo
1406 5280 1509 5332 censu
1537 5277 1642 5329 unum
1668 5255 1737 5327 fer-

162 5439 165 5447 .
195 5390 313 5460 lenem
349 5388 437 5461 Item
472 5390 671 5462 coenobiale
707 5379 761 5460 eat
796 5390 832 5459 in
869 5387 987 5459 eadem
1015 5387 1098 5459 villa
1123 5384 1313 5477 praedium,
1340 5384 1423 5454 item
1450 5372 1508 5452 est¹
1530 5379 1675 5450 taberna
1701 5382 1736 5447 et
1803 5366 1806 5372 ’
1860 5432 1865 5439 .
1900 5390 1908 5401 “
2034 5428 2038 5453 ,

174 5566 178 5574 .
197 5506 294 5581 solvit
318 5516 392 5582 tres
407 5530 564 5602 marcas,
590 5512 674 5582 item
701 5510 750 5582 ibi
776 5515 830 5581 eat
856 5509 1098 5597 molendinum,
1126 5512 1163 5578 et
1181 5506 1287 5578 solvit
1304 5504 1451 5574 mediam
1471 5518 1635 5587 maroam3
1654 5499 1738 5568 item

197 5644 260 5700 non
284 5638 339 5702 eat
366 5632 533 5703 scoltetia.
559 5631 647 5702 Item
674 5632 807 5703 decima
834 5636 913 5720 post
939 5644 1043 5718 agros
1070 5616 1220 5718 quatuor
1238 5624 1513 5697 bortulauiarum
1532 5619 1737 5711 praedictos,

198 5745 274 5821 item
298 5758 378 5842 post
403 5773 506 5841 agros
532 5751 736 5843 praedialea,
762 5752 910 5824 solvitur
936 5755 973 5821 et
999 5748 1202 5820 conducitur
1229 5768 1293 5837 pro
1312 5745 1458 5816 eeclesia
1475 5744 1511 5855 iu
1530 5742 1740 5831 Lunyow,
1766 5802 1775 5811 .
1915 5794 1921 5801 -
