4492 6592
1117 1975 1122 1988 l

666 2085 1339 2262 uunnnurcvmnsn

306 2381 493 2481 primum
527 2324 829 2463 monasterium
864 2331 1037 2464 Ordinis
1069 2383 1373 2470 cisterciensis
1405 2393 1445 2470 in
1478 2391 1668 2473 dioecesi

641 2543 645 2550 ·
711 2518 990 2620 cracoviensi
1025 2525 1280 2604 consistens.
1361 2511 1375 2602 f

313 2739 462 2812 Ordinis
489 2737 747 2832 Cisterciensis,
788 2741 847 2832 qui
874 2742 938 2813 sub
964 2745 1086 2834 regula
1104 2737 1215 2816 'Beati
1242 2745 1424 2820 Benedicti
1451 2747 1600 2821 Domino
1635 2752 1773 2843 militat,

204 2861 384 2953 religione
411 2867 448 2933 et
473 2862 567 2934 ritae
604 2863 833 2935 sanctimonia
869 2865 1017 2938 maxima
1053 2865 1256 2938 celebritate
1292 2869 1421 2958 ubique
1452 2869 1594 2961 diffusa,
1630 2893 1708 2942 cum
1735 2874 1770 2943 in

203 3005 316 3074 regno
337 2983 508 3055 Poloniae
527 2971 932 3075 einsqne'iamascncre
951 2985 1095 3076 vulgata
1120 2987 1221 3077 foret,
1247 2987 1488 3061 lohannes
1515 2991 1603 3062 alias
1629 2991 1771 3063 Janilr

204 3106 259 3175 vir
288 3105 506 3178 venerabilis
534 3110 570 3210 et
597 3106 752 3196 devotus,
779 3107 928 3196 primum
957 3108 1094 3199 quidem
1113 3108 1400 3216 Vratislaviensis
1428 3110 1620 3202 episcopus,
1646 3111 1772 3185 deinde

206 3223 431 3300 Gneznensis
458 3227 749 3319 archiepiscopus,
777 3234 813 3300 et
841 3227 1052 3301 Clemens
1077 3249 1264 3320 germanus
1292 3250 1384 3320 suus,
1411 3251 1454 3303 ex
1481 3234 1686 3322 proceribus
1704 3233 1772 3305 Pc-

205 3347 324 3420 loniae
354 3348 454 3420 miles
481 3356 518 3420 et
545 3354 689 3440 satrapa
724 3350 888 3440 insignis,
925 3350 1101 3422 haeredes,
1129 3352 1174 3422 de
1200 3352 1530 3443 Brzeszniczu,
1567 3354 1701 3428 nobiles
1728 3355 1772 3427 de

207 3469 310 3540 domn
340 3477 380 3540 et
407 3471 513 3540 armis
541 3468 648 3541 Grif
653 3469 670 3540 1
676 3492 824 3561 onum,
860 3471 993 3544 ordinis
1020 3472 1170 3563 praelati
1197 3472 1439 3545 cisterciensis
1475 3475 1660 3546 devotione
1693 3498 1772 3567 per-

206 3591 303 3680 moti,
332 3591 537 3682 patrimonii
565 3592 618 3662 sui
646 3593 733 3663 satis
759 3591 864 3683 ampli
885 3590 1062 3664 Christum
1089 3593 1275 3665 haeredem
1304 3595 1470 3685 relicturi,
1498 3602 1534 3669 11
1560 3598 1772 3697 pretransi-

201 3713 309 3814 ¹toriis
339 3717 486 3785 aeterna
513 3713 776 3803 consequuturi,
803 3714 838 3783 iu
866 3713 1010 3803 praedio
1039 3720 1075 3785 et
1102 3714 1243 3804 rillagic
1272 3737 1335 3786 sun
1362 3716 1674 3787 Brzesznicza
1711 3739 1771 3788 vo-

209 3840 304 3922 cato,
332 3835 382 3904 in
417 3831 641 3906 Oracoviensi
676 3835 826 3931 dioecesi
862 3835 1092 3924 consistente,
1132 3837 1379 3907 monasterinm
1415 3835 1643 3907 Gisterciense
1679 3857 1770 3910 anno
1885 3851 1895 3858 '

208 3954 349 4026 Domini
373 3957 491 4044 1140,
519 3955 747 4046 regnantibus
775 3955 866 4046 apud
884 3953 1050 4026 Poloniae
1076 3975 1220 4045 regnum
1250 3954 1510 4045 Vindislao,
1538 3956 1769 4048 Boleslao,

209 4073 743 4166 Myeazsleo,.Henrico
774 4080 814 4147 ct
849 4075 1081 4149 Gasimirn
1108 4077 1189 4148 filiis
1226 4076 1439 4148 Boleslai
1473 4075 1768 4169 Grzywousti

210 4195 304 4268 ducis
333 4202 373 4269 et
399 4198 606 4270 monarchae
633 4199 733 4289 regni
756 4196 932 4288 Poloniae,
958 4197 1113 4288 tundant,
1141 4197 1281 4287 erigunt
1308 4205 1345 4268 ct
1371 4196 1504 4288 dotant,
1531 4198 1632 4289 eique
1651 4200 1686 4270 in
1705 4200 1767 4270 do-

208 4319 278 4388 tem
313 4319 419 4392 villas
454 4320 654 4410 patrimonii
691 4321 745 4390 sui
783 4319 969 4390 donatione
1005 4324 1192 4408 perpetua,
1232 4318 1396 4389 videlicet
1434 4318 1766 4411 Brzesznioza,

210 4437 495 4529 Rakoszino,
532 4439 699 4530 Potok,
735 4439 1041 4532 Lyszalrowo,
1076 4437 1600 4544 LanczinopRacbouo,
1628 4441 1767 4512 Tbar-

144 4614 146 4626 .
212 4560 409 4651 schowa,
441 4569 526 4632 'cum
555 4563 647 4632 omni
674 4562 749 4633 iure
777 4568 812 4633 et
839 4563 1054 4652 proprietate
1082 4559 1274 4649 conferrmt,
1302 4561 1388 4631 nihil
1416 4560 1484 4654 sibi
1510 4562 1597 4632 ium's
1624 4568 1661 4634 11
1687 4583 1768 4653 pro-

213 4681 372 4766 prietatis
400 4683 562 4754 inbonis
593 4675 750 4772 eisdem,
784 4667 943 4773 practer
964 4682 1070 4754 corda
1105 4665 1333 4752 mactatorum
1369 4672 1551 4772 pecorum,
1586 4687 1623 4753 et
1650 4683 1767 4754 decem

214 4801 320 4874 all'eca
347 4825 388 4876 ex
418 4803 573 4894 quolibet
600 4804 744 4875 allecum
782 4825 863 4875 vase
898 4803 1149 4892 venundando,
1184 4803 1220 4872 in
1249 4783 1385 4892 signum
1412 4800 1626 4877 fundationis
1654 4825 1766 4873 reser-
1899 4817 1905 4824 “

214 4925 333 4996 raudo.
360 4925 401 4995 In
429 4945 616 5015 progressu
644 4930 759 4996 autem
786 4927 963 5016 temporis,
992 4947 1083 4996 anno
1111 4925 1274 4996 videlicet
1300 4924 1441 4994 Domini
1465 4926 1561 4994 1154
1589 4902 1767 5013 praelatus

215 5042 235 5113 J
245 5046 449 5118 ohannes
477 5047 564 5118 alias
590 5047 613 5118 J
624 5047 732 5117 anik
760 5047 795 5116 in
824 5047 1120 5137 archiepiscopum
1149 5045 1386 5117 Gneznensem
1413 5051 1612 5134 promotus,
1647 5065 1767 5114 mona·

217 5168 307 5238 sterii
334 5169 481 5258 praelati
510 5190 531 5238 a
558 5190 594 5240 se
629 5174 664 5239 et
690 5167 797 5240 fratre
836 5190 898 5239 suo
933 5167 1170 5239 Clemente
1204 5166 1341 5238 fundati
1369 5173 1405 5237 et
1431 5165 1542 5236 dotati
1575 5170 1766 5254 proventus

216 5291 248 5378 et
273 5287 435 5360 introitus
462 5297 636 5380 erueturne,
677 5291 825 5361 contulit
852 5289 962 5361 eidem
991 5289 1202 5363 monasterio
1230 5288 1381 5358 decimas
1409 5285 1642 5374 manipulares
1668 5306 1765 5371 men-

219 5425 271 5478 sae
297 5431 378 5482 suae
406 5412 719 5502 archiepiscopalis
746 5412 780 5482 in
811 5401 902 5483 villis
930 5417 1062 5500 septam
1091 5409 1267 5499 praefatis.
1298 5410 1385 5479 Item
1414 5407 1580 5478 decimam
1608 5405 1765 5496 manipu-

218 5525 316 5601 larem
343 5533 449 5603 etiam
477 5555 615 5604 mensae
634 5532 938 5624 archiepiscopalis
957 5533 992 5602 in
1012 5531 1095 5602 villa
1121 5531 1327 5619 Holuszy
1354 5528 1609 5617 consistentem,
1637 5548 1765 5618 easque

221 5647 259 5719 de
285 5670 452 5725 consensu
488 5655 627 5743 capituli
665 5656 718 5726 sui
755 5651 968 5726 Gneznensis
1004 5652 1115 5724 eidem
1152 5651 1363 5722 monasterio
1400 5648 1597 5738 inscripsit3
1637 5647 1765 5718 sedet

313 5819 360 5862 mu.
373 5821 517 5863 munem.
700 5807 704 5815 '
764 5813 771 5828 ‘
1562 5797 1600 5845 46
