4492 6592
313 747 320 755 ·
439 683 583 796 ura

443 925 614 1009 'ecclesia
649 936 686 1003 et
702 931 854 1022 plebano
881 931 918 1002 io
936 930 1180 1022 Tsczycza,
1206 938 1243 1003 et
1261 930 1360 1002 valor
1387 931 1462 1004 eius
1491 930 1696 1014 aestimatur
1723 931 1769 1002 ad
1786 951 1848 1004 sex
1874 949 2016 1003 marcas.

463 1053 552 1126 Item
587 1053 756 1145 plebanus
791 1053 898 1124 habet
932 1053 982 1124 ibi
1020 1073 1125 1143 agros
1159 1053 1321 1143 proprios
1346 1053 1494 1142 liberos,
1531 1073 1596 1143 pro
1622 1073 1685 1124 suo
1721 1073 1787 1138 usu
1812 1052 1956 1143 praedio
1982 1057 2018 1124 et

462 1176 679 1248 necessitate.
1076 1261 1078 1267 ,
1618 1260 1620 1267 Ι

565 1294 807 1384 ὃποΥοΖΑΝγ,
839 1295 924 1366 villa
958 1295 1022 1368 sub
1049 1294 1218 1384 parochia
1252 1295 1296 1365 de
1323 1293 1542 1366 Tsczicza
1568 1295 1655 1385 sito,
1682 1295 1780 1368 cuins
1806 1295 1931 1366 haeres
1957 1293 2017 1367 Jo

461 1418 593 1490 hunnos
621 1417 873 1506 Sadowsky
908 1415 1034 1487 nobilis
1061 1416 1104 1486 de
1131 1415 1233 1488 domo
1265 1421 1301 1486 et
1325 1415 1457 1488 familia
1483 1469 1626 1486 ......
1653 1416 1693 1486 In
1720 1437 1790 1506 qua
1816 1422 1899 1486 sunt
1924 1416 2016 1488 lanei

466 1539 710 1628 cmethonales,
738 1537 926 1628 dequibus
953 1537 1130 1627 perceptio
1158 1536 1312 1610 decimae
1339 1537 1567 1629 manipularis
1590 1542 1628 1608 et
1645 1537 1819 1627 canapoIis
1845 1537 2018 1625 ramatum

239 1721 243 1729 .
324 1644 330 1663 '
461 1679 547 1735 nam·
569 1660 612 1744 de
639 1659 812 1749 aliquibus
848 1659 978 1748 campis
1005 1658 1155 1747 percipit
1184 1678 1259 1728 eam
1286 1659 1536 1730 monasterium
1563 1658 1857 1747 Ymranovunse,
1883 1657 1929 1729 de
1955 1658 2018 1730 ali-

461 1780 586 1870 quibus
621 1800 705 1851 vcro
743 1779 889 1852 ecclesia
923 1779 960 1849 iu
988 1778 1227 1867 Tasciaca,
1263 1777 1307 1848 de
1343 1778 1517 1868 aliquibus
1552 1798 1636 1850 vero
1671 1777 1948 1868 praebendarius
1982 1779 2017 1851 in

458 1899 695 1988 Obichou3
723 1900 821 1972 valor
839 1905 953 1970 summ
972 1899 1142 1989 decimae,
1167 1919 1271 1989 quam
1289 1899 1438 1989 percipit
1455 1899 1703 1971 monasterium
1722 1898 2018 1988 Ymramovieuss,

460 2021 665 2093 aestimatur
692 2021 815 2107 adseu
837 2041 982 2092 marcas.
1022 2021 1109 2092 Item
1137 2021 1285 2092 taberna
1311 2036 1380 2090 uua
1397 2021 1530 2092 habeus
1557 2041 1671 2111 agros,
1697 2021 1783 2093 item
1808 2020 2019 2111 horbrlauia,

460 2143 545 2214 item
571 2143 751 2232 praedium
779 2142 915 2214 unicum
943 2143 1105 2231 militare,
1142 2141 1186 2213 de
1204 2141 1310 2213 culus
1336 2141 1431 2230 agris
1457 2142 1605 2214 solvitur
1631 2143 1765 2214 decim
1789 2142 2018 2234 manipularis

308 2349 311 2360 ι
460 2264 626 2336 ecclesiae
652 2265 845 2354 parochiali
871 2264 908 2334 in
936 2263 1173 2352 Tacuisse,
1201 2262 1300 2334 cuius
1325 2262 1425 2369 rator
1450 2262 1496 2333 ad
1521 2269 1595 2336 tres
1621 2283 1766 2336 marcas

563 2384 882 2474 eranowrozu‚
909 2384 993 2456 villa
1019 2383 1251 2473 parochialem
1278 2383 1458 2458 sedeciam
1485 2383 1619 2456 babens
1644 2384 1747 2474 inse,
1774 2385 1872 2457 cauus
1889 2379 2029 2458 haeres

457 2505 637 2597 lohannes
663 2506 971 2599 Pyenyaszelr
998 2505 1163 2578 dedomo
1189 2502 1514 2578 Odrowausclu
1552 2505 1594 2576 In
1612 2510 1780 2596 quasuut
1805 2505 1897 2578 lanei
1924 2527 2016 2578 cme-

459 2627 637 2717 thonales,
664 2627 707 2699 da
735 2627 860 2718 quibus
887 2627 989 2698 etiam
1017 2625 1197 2716 perceptio
1224 2625 1382 2696 decimae
1407 2612 1634 2716 manipularis
1660 2628 1837 2716 vatiaum
1863 2649 1946 2700 nam
1972 2628 2018 2700 de

457 2747 559 2820 unico
586 2749 729 2840 praedio
757 2749 849 2840 quod
877 2755 930 2820 est
956 2747 1023 2836 ibi,
1042 2747 1135 2818 item
1161 2747 1205 2818 de
1232 2746 1406 2836 aliquibus
1432 2748 1582 2838 campis,
1608 2749 1758 2838 percipit
1782 2748 1879 2826 illam
1905 2748 2018 2820 eccle·

357 2912 366 2929 κ
458 2869 510 2939 sia
535 2870 746 2960 parochiaHs
773 2871 809 2942 iu
838 2867 1192 2960 Gywanowicze,
1217 2867 1262 2938 de
1288 2867 1439 2942 residuis
1465 2889 1548 2940 vero
1575 2869 1707 2958 campis
1733 2889 1810 2940 eam
1837 2874 2014 2942 monaste·

310 3005 311 3010 ’
387 2999 391 3014 ·
456 2990 545 3062 rium
581 2989 866 3064 Ymrsmoriense
901 2990 937 3060 in
972 2995 1086 3061 totum
1121 2989 1286 3079 percipit,
1323 2993 1361 3060 et
1386 2988 1484 3060 valor
1519 2989 1595 3061 eius
1630 2990 1835 3066 aestimatur
1869 2990 1916 3062 ad
1953 3009 2015 3062 sex
2149 2990 2154 3037 ὅ

456 3131 608 3201 marcas,
634 3111 717 3182 item
735 3111 921 3200 tabernae,
949 3111 1031 3180 item
1049 3109 1241 3199 hortulani,
1268 3109 1353 3180 item
1369 3109 1551 3198 praedium
1569 3131 1633 3200 pro
1651 3111 1798 3182 ecclesia
1823 3111 2017 3201 parochiali

457 3232 493 3302 iu
521 3231 658 3304 ibidem.

561 3351 819 3442 Posurrnow‚
854 3351 938 3424 uilla
973 3352 1037 3424 sub
1064 3343 1232 3442 parochia
1266 3352 1433 3424 ecclesiae
1468 3351 1512 3424 de
1548 3348 1900 3442 Gy·wanouicao
1936 3355 2015 3443 sita,

457 3474 553 3544 curius
580 3473 749 3546 haeredes
783 3473 962 3546 Iohannes
999 3471 1303 3565 Pyenyaszelr
1337 3473 1510 3545 dedomo
1545 3472 1860 3545 Odrowansch
1888 3483 1926 3546 et
1951 3475 2014 3546 Jo·
2147 3517 2152 3524 ι

455 3595 585 3666 bannos
612 3592 889 3666 Oraczowslr
902 3617 925 3687 y
953 3593 1116 3666 dedomo
1143 3593 1458 3686 Srzyenyawa
1497 3595 1540 3665 In'
1557 3595 1835 3685 quasuutlauei
1857 3595 2013 3686 amatho-

395 3813 398 3828 '
455 3715 572 3806 nelos,
601 3715 790 3806 dequibus
817 3715 994 3806 perceptio
1022 3715 1176 3787 decimae
1202 3715 1428 3805 manipularis
1455 3716 1631 3803 variatur3
1657 3736 1736 3786 nam
1764 3715 1809 3788 de
1825 3716 2015 3790 medietate
2104 3799 2110 3802 ,

455 3835 558 3908 villae
593 3837 742 3926 percipit
776 3857 851 3909 eam
879 3837 1127 3910 monasterium
1166 3837 1477 3926 Ymramowieuse,
1512 3842 1550 3908 et
1576 3836 1675 3909 valor
1700 3837 1776 3909 eius
1807 3838 2046 3911 aestimatur
2124 3878 2137 3915 u

453 3955 498 4026 ad
524 3977 585 4028 sex
611 3977 766 4047 marcas,
803 3957 847 4028 de
874 3957 987 4029 altera
1023 3978 1106 4029 vero
1134 3957 1322 4030 medletata
1357 3957 1463 4030 uillae
1498 3958 1647 4048 percipit
1683 3978 1759 4029 eam
1786 3958 2009 4049 episcopatus

456 4075 705 4167 Oracoviensis,
733 4083 770 4149 et
787 4078 886 4150 valor
912 4079 987 4150 eius
1013 4078 1219 4150 aestimatur
1244 4079 1289 4150 ad
1313 4131 1428 4148 .....
1456 4097 1604 4168 marcas,
1631 4080 1760 4150 notarii
1786 4085 1903 4152 autem
1930 4101 2012 4154 cou-

456 4198 588 4270 sistorii
615 4197 856 4272 Gracovieusis
875 4221 934 4271 ,ex
961 4199 1148 4272 donatione
1184 4200 1327 4290 speciali
1354 4201 1507 4290 episcopi
1534 4198 1794 4290 Oracoviensis,
1821 4200 1916 4271 illam
1943 4202 2011 4273 tol-

452 4317 538 4390 lunt.
577 4317 666 4390 Item
692 4320 875 4409 tabernae,
911 4321 995 4390 item
1021 4321 1242 4394 hortulauiae
1278 4320 1366 4392 duae
1392 4321 1565 4393 lobannis
1590 4319 1920 4413 Oraezousky,
1948 4323 2010 4394 scd

316 4449 323 4462 ⁸
454 4459 523 4510 uon
559 4439 690 4512 habent
711 4461 837 4531 agros.
876 4441 966 4512 Item
992 4441 1137 4532 praedia
1172 4441 1221 4512 ibi
1247 4441 1334 4530 duo,
1370 4459 1475 4515 unum
1502 4441 1673 4514 Iohannis
1704 4439 2010 4534 Pyouyasuelr

454 4557 797 4666 Gpwanowsky,
833 4561 876 4633 de
912 4563 1009 4634 culus
1045 4563 1139 4652 agris
1174 4563 1322 4634 solvitur
1348 4562 1483 4634 decima
1517 4563 1742 4671 manipularis
1779 4563 1947 4636 ecclesiae
1972 4571 2010 4637 et

453 4680 602 4770 plebano
629 4681 665 4752 in
684 4679 1049 4773 Gywanowicze,
1077 4683 1360 4756 aliudJohsnuis
1386 4682 1707 4776 Oraczousky,
1734 4685 2009 4778 decuiusagris

324 4889 329 4900 ι
422 4903 427 4914 ἱ
454 4800 602 4873 solvitur
619 4801 761 4874 decima
787 4803 1013 4893 manipularis
1040 4805 1251 4877 monasterio
1277 4805 1563 4891 Ymramowienai
1589 4805 1627 4876 iu
1650 4803 1867 4902 qoodbwooa
