4492 6592
1691 781 1764 853 265

209 973 354 1062 triginta
381 993 457 1063 ova,
483 973 567 1046 item
596 973 683 1045 duos
710 975 832 1065 gallos;
859 975 942 1046 item
969 997 1039 1047 non
1066 960 1207 1049 solvunt
1232 999 1386 1069 avenam,
1413 981 1497 1052 item
1525 985 1662 1058 cmetho
1687 988 1762 1077 qui-

209 1093 291 1166 libet
316 1097 460 1164 tenetur
486 1093 529 1164 de
556 1094 655 1165 laneo
692 1095 852 1166 laborare
887 1117 992 1168 unum
1028 1091 1119 1168 diem
1150 1099 1186 1168 iu
1213 1099 1422 1190 septimana,
1458 1107 1495 1172 et
1521 1104 1574 1198 ad¹
1591 1107 1761 1177 rationem

209 1214 341 1284 dierum
369 1212 502 1285 iaciunt
528 1214 703 1304 ducturae,
731 1215 813 1286 itam
834 1215 1021 1309 peccabam
1047 1239 1116 1289 uon
1143 1218 1314 1290 laborant.
1340 1219 1435 1290 Item·
1455 1243 1524 1301 non
1551 1229 1606 1294 est
1632 1226 1682 1297 ibi
1707 1233 1762 1298 ta·

208 1337 323 1413 berna
351 1335 442 1405 Item
471 1341 553 1405 sunt
578 1336 628 1406 ibi
651 1325 874 1406 ¹hortulaniae
901 1342 983 1427 tres,
1011 1339 1097 1408 nihil
1126 1339 1275 1429 solvunt,
1301 1339 1363 1410 sed
1389 1344 1627 1414 tantummodo
1653 1347 1760 1435 pedes
1816 1333 1824 1340 ’

208 1456 371 1526 laborant
398 1475 503 1526 uuum
533 1456 623 1528 diem
651 1457 686 1526 in
715 1457 917 1546 septimana.
946 1457 1034 1529 Item
1053 1459 1242 1548 praedium
1269 1480 1338 1532 non
1364 1466 1427 1532 est.
1454 1461 1543 1532 ltem
1569 1465 1645 1553 agri
1673 1486 1762 1537 ome-

209 1577 351 1647 tlronum
381 1575 524 1648 solvunt
551 1577 718 1648 decimam
745 1567 995 1667 manipularem
1022 1585 1058 1654 et
1085 1557 1295 1669 canapalem,
1322 1601 1386 1670 pro
1400 1582 1546 1653 ecclesIa
1568 1587 1761 1672 parochiali

208 1697 242 1766 in
268 1687 633 1785 Stanszicza,'et
660 1697 758 1768 valor
784 1699 859 1768 eius
887 1699 1092 1769 aestimatur
1119 1699 1163 1769 ad
1190 1705 1262 1769 tres
1289 1719 1433 1770 marcas.
1477 1701 1564 1772 Item
1591 1704 1760 1792 plebanus

210 1819 242 1886 in
269 1815 585 1888 Sthanszicza
611 1818 718 1890 habet
743 1817 803 1889 ibi'
819 1839 925 1890 unum
952 1819 1089 1890 laneum
1116 1820 1309 1909 proprium,
1336 1820 1379 1891 de
1407 1843 1474 1910 quo
1500 1822 1594 1893 tollit
1619 1827 1656 1894 et
1681 1845 1760 1896 ceu-

210 1957 281 2007 sum
308 1943 347 2008 et
375 1937 541 2020 decimam
569 1937 829 2028 manipularem.
857 1937 1017 2011 Gonfinat
1034 1959 1111 2010 cum
1130 1939 1257 2030 oppido
1284 1940 1604 2030 Sthanszycza
1629 1949 1666 2014 et
1682 1945 1765 2016 villa

209 2055 520 2129 Pa'wlouicze.
547 2059 686 2130 Donata
711 2041 1055 2150 per'Martinum
1083 2059 1251 2130 comitem.

308 2177 533 2267 Koarnaur,
574 2180 658 2250 villa
684 2181 749 2252 sub
775 2179 943 2271 parochia
966 2179 1135 2250 ecclesiae
1162 2179 1206 2250 de
1232 2179 1537 2252 Skarzeszon
1564 2183 1640 2271 sita,
1668 2183 1765 2255 ouius

210 2299 406 2389 proprietas
433 2305 470 2372 et
496 2299 683 2371 dominium
721 2300 765 2372 ad
792 2301 1040 2372 monasterium
1075 2299 1384 2372 Szeozeolroviense
1418 2302 1579 2390 pertinet
1624 2303 1665 2374 Iu
1693 2325 1766 2393 qua
1852 2350 1856 2356 ·
1976 2327 1980 2333 ·

210 2425 287 2492 sunt
312 2419 462 2510 triginta
488 2420 580 2491 lanai
606 2417 845 2511 cnrethonum,
872 2427 909 2492 et
936 2421 1082 2513 quililpet
1117 2420 1222 2492 solvit
1256 2441 1321 2511 pro
1354 2441 1460 2492 censu
1496 2443 1560 2512 per
1586 2423 1764 2515 fertonem,

211 2543 288 2612 item
316 2541 466 2631 triginta
495 2561 570 2630 ova,
597 2542 681 2612 item
700 2541 786 2612 duos
812 2541 933 2632 gallos,
960 2543 1045 2614 item
1063 2562 1133 2614 non
1151 2542 1291 2614 solvunt
1308 2563 1463 2632 avenam,
1490 2544 1574 2614 item
1602 2545 1645 2615 de
1663 2545 1763 2615 laneo

210 2665 373 2734 tenentur
400 2682 505 2734 unum
532 2661 623 2733 diem
650 2662 687 2733 in
714 2642 907 2752 septimana
937 2661 1118 2753 laborare,
1154 2662 1198 2734 ad
1225 2663 1397 2736 rationem
1423 2663 1558 2735 dierum
1593 2665 1630 2734 in
1657 2665 1765 2755 septi·
1838 2671 1843 2679 ’

211 2803 310 2854 mana
337 2782 537 2854 debitorum
563 2781 696 2854 iaciunt
722 2783 896 2871 ducturas3
924 2783 1008 2853 item
1035 2784 1205 2855 tabernae
1232 2789 1305 2854 tres
1320 2784 1501 2855 -halientes
1519 2805 1633 2874 agros,
1660 2805 1766 2875 quae·

212 2904 294 2974 libet
319 2903 436 2975 solvit·
453 2923 558 2974 unam
585 2921 735 2974 marcam
762 2907 799 2973 et
824 2903 985 2974 laborant
1012 2903 1175 2975 subsidia.
1214 2903 1304 2974 Item
1330 2903 1550 2975 hortulaniae
1577 2904 1666 2976 duae
1702 2905 1765 2975 ha·

213 3025 330 3095 lentes
358 3043 473 3114 agros,
499 3023 586 3094 nihil
613 3024 753 3096 solvunt
778 3021 840 3096 sed
866 3043 936 3094 una
954 3077 1069 3093 .....
1109 3023 1197 3111 Item
1224 3023 1404 3113 praedium
1431 3027 1486 3094 est
1511 3023 1570 3113 ibi,
1597 3025 1640 3095 de
1667 3026 1765 3096 cuius

214 3145 303 3233 agria
329 3165 402 3215 non
429 3143 576 3214 solvitur
603 3143 737 3214 decima
763 3143 885 3232 alicui,
913 3143 974 3214 sed
1001 3144 1248 3214 monasterium
1275 3144 1369 3214 tollit
1395 3163 1470 3214 eam
1497 3165 1562 3233 pro
1589 3165 1636 3214 se.
1675 3145 1763 3215 Item

208 3261 391 3358 powcdom
417 3263 579 3335 laborant
605 3267 796 3354 utramque.
832 3262 919 3334 Item
946 3263 1080 3335 decima
1105 3263 1332 3353 manipularis
1358 3263 1516 3353 solvitur,
1542 3268 1578 3334 et
1604 3252 1671 3353 pro'
1693 3284 1766 3334 mo-

214 3385 366 3456 nasterio
393 3383 543 3474 propriis
571 3385 730 3456 curribus
758 3385 803 3456 ad
828 3385 992 3456 horreum
1019 3383 1211 3471 inducitur,
1238 3385 1336 3455 cuius
1363 3383 1462 3455 valor
1488 3385 1695 3455 aestimatur
1721 3383 1765 3454 ad
1810 3399 1835 3434 -·

215 3505 334 3594 viginti
364 3505 515 3596 quinque
542 3523 685 3576 marcas.
712 3505 800 3575 Item
823 3503 958 3576 decima
984 3504 1162 3594 canapalis
1188 3523 1252 3593 per
1269 3523 1375 3575 unam
1402 3501 1550 3574 modona.
1577 3505 1667 3575 Item
1685 3509 1767 3575 sunt

215 3624 262 3696 ibi
287 3625 375 3714 agri,
402 3625 463 3696 sed
489 3626 599 3714 pauci,
626 3623 832 3696 limitatione
859 3625 961 3696 villae
990 3623 1252 3725 Odanohosu¹
1279 3623 1446 3722 adempti,
1474 3623 1518 3694 de
1545 3625 1670 3713 quibus
1697 3623 1766 3694 sol·

216 3744 305 3816 uitur
323 3745 457 3815 decima
473 3741 699 3850 manipularis
718 3744 895 3816 custodiae
915 3743 1196 3816 Sandomiriensi.
1223 3742 1383 3814 Confluat
1401 3763 1479 3814 cum
1497 3743 1766 3832 Odanchon,

218 3865 532 3954 Skarzeszow,
572 3864 949 3955 Boguslawicze,
985 3864 1179 3936 Glonow.
1222 3863 1362 3935 Donata
1396 3884 1460 3953 per
1495 3863 1765 3952 Sethcgium

218 3987 382 4058 comitem.

316 4108 641 4198 Ornrnuowrozn,
669 4107 752 4180 villa
779 4107 843 4180 sub
861 4105 1028 4198 parochia
1055 4105 1222 4176 ecclesiae
1249 4103 1292 4175 de
1318 4103 1537 4175 Jaroszin
1564 4104 1641 4191 sita,
1668 4103 1765 4174 cuius

106 4237 111 4264 ·
218 4230 411 4319 proprietas
437 4234 475 4301 et
501 4229 690 4302 dominium
725 4229 769 4301 ad
796 4227 1045 4301 monasterium
1072 4225 1382 4298 Szeczochoviense
1417 4225 1580 4315 pertinet.
1624 4225 1665 4294 In
1697 4245 1766 4314 qua

219 4356 296 4422 sunt
321 4357 474 4442 quatuor
499 4351 591 4422 lanei
618 4351 851 4422 cmethonalas
867 4355 915 4422 et
942 4349 1088 4440 quilibet
1113 4367 1178 4438 pro
1207 4367 1311 4419 censu
1338 4367 1453 4418 annuo
1480 4347 1586 4416 solvit
1612 4367 1676 4435 per
1696 4345 1766 4416 ler-

220 4477 342 4563 tonem,
369 4472 453 4543 item
480 4471 627 4568 triginta
654 4492 729 4563 ova,
755 4472 839 4542 item
866 4471 953 4544 duos
979 4471 1101 4562 gallos
1128 4469 1211 4541 item
1239 4489 1309 4541 non
1337 4468 1476 4539 solvunt
1502 4487 1656 4555 avenam,
1682 4467 1765 4538 Item

220 4590 259 4662 de
284 4592 385 4664 laneo
412 4597 575 4691 tenentur
600 4607 707 4665 unum
734 4591 825 4664 diem
850 4593 888 4664 in
914 4593 1107 4682 septimana
1132 4591 1309 4678 laborare,
1335 4594 1372 4659 et
1396 4587 1561 4660 ducturas
1588 4587 1633 4658 ad
1658 4587 1767 4659 ratio·

107 4783 110 4790 .
221 4733 294 4784 nem
320 4713 457 4786 diorum
482 4711 606 4786 iacere.
632 4713 721 4784 Item
732 4710 917 4807 porculam
943 4712 1196 4802 laborautpro
1218 4708 1429 4782 monasterio
1457 4713 1651 4798 utramque.
1677 4707 1765 4778 Item

107 4903 108 4906 γ
221 4833 381 4906 tabernae
407 4855 477 4907 non
504 4819 593 4924 sunt,
620 4853 731 4924 neque
750 4833 984 4906 normaniae.
997 4815 1101 4922 ‘Item
1118 4828 1300 4924 praedium
1326 4835 1382 4902 est
1400 4829 1608 4917 coenobiale,
1636 4827 1766 4918 dequo

222 4975 285 5026 non
311 4956 417 5030 solvit
443 4955 610 5027 decimam
639 4955 890 5046 manipularem
916 4953 1029 5043 alicui,
1057 4953 1118 5026 sed
1146 4973 1222 5025 eam
1248 4972 1312 5043 pro
1330 4971 1368 5022 se
1385 4950 1544 5040 percipit.
1571 4949 1659 5019 Item
1677 4947 1766 5018 duae

222 5075 436 5150 hortulaniae
461 5077 628 5148 habentes
656 5097 769 5166 agros,
797 5074 859 5148 sed
885 5094 1026 5147 censum
1052 5095 1125 5147 non
1151 5073 1298 5163 solvunt,
1325 5071 1437 5143 solnm
1463 5090 1567 5140 unam
1589 5069 1680 5139 diem
1706 5087 1766 5158 pe-

223 5195 351 5270 destres
377 5198 546 5270 laborant.
582 5197 671 5268 Item
697 5201 778 5287 post
804 5217 922 5268 omnes
948 5213 1052 5286 agros
1079 5195 1299 5266 emethonum
1324 5192 1472 5264 solvitur
1498 5189 1631 5260 decima
1655 5189 1766 5259 mani-

198 5318 347 5408 ¹pularis
381 5319 593 5391 monasterio
629 5317 948 5408 Szeczechoviensi,
984 5322 1021 5388 et
1055 5337 1119 5408 per
1153 5315 1284 5388 incolas
1319 5314 1356 5385 iu
1381 5312 1545 5384 horreum
1580 5309 1764 5399 inducitur,
1796 5371 1801 5378 .

225 5439 315 5512 calm
340 5441 414 5514 eius
442 5440 647 5512 aestiuatur
673 5439 718 5518 cd
739 5437 896 5530 ‚qmtuor
921 5457 1064 5510 marcas.
1091 5437 1180 5508 Item
1206 5435 1373 5508 decimam
1400 5430 1600 5522 canapalem
1626 5430 1765 5502 solvunt
1888 5466 1892 5474 ,

224 5561 582 5652 per'unamierogam.
608 5559 768 5634 Gonfinat
787 5579 871 5656 ,oum
896 5554 1384 5648 Jaroszi'u,Kowal'ye,
1403 5552 1585 5640 Saarna,
1603 5549 1764 5643 Pyotr-

225 5679 330 5773 Iron,
355 5680 684 5782 Samogorzow.
710 5681 848 5756 Donata
873 5697 936 5771 per
961 5676 1099 5751 milites.

324 5844 529 5894 mammona
1562 5818 1601 5866 ³4
1718 5823 1724 5842 “
