4492 6592
497 757 568 834 148

393 989 398 996 ·
459 1051 460 1054 ¹
494 969 660 1040 diuturna
677 975 713 1040 et
731 943 966 1059 paedagogia,
994 988 1061 1058 qua
1082 965 1255 1056 hactenus
1275 965 1506 1057 detinebatur,
1534 963 1685 1036 solutum
1704 971 1778 1053 est,
1805 962 1895 1035 etin
1914 961 2055 1053 plenam

359 1143 362 1149 .
495 1087 691 1160 libertatem
727 1087 957 1178 vindicatum,
994 1088 1194 1177 primusque
1229 1093 1309 1177 post
1336 1106 1532 1157 concessam
1567 1086 1767 1157 libertatem
1800 1085 1868 1155 fuit
1904 1082 2058 1173 praelati

494 1208 697 1278 monasterii
723 1207 1129 1301 praepositus-magister
1147 1206 1312 1278 Nicolans
1338 1207 1526 1277 lszneri
1552 1207 1596 1277 de
1622 1205 1860 1295 cracovia,
1887 1205 1943 1276 vir
1969 1203 2060 1273 civi·
2143 1206 2144 1215 ’

421 1325 429 1340 ”
493 1325 554 1416 lis,
582 1327 759 1399 modestus
787 1333 823 1396 et
850 1335 1025 1418 sensatus,
1054 1333 1089 1398 et
1115 1327 1318 1398 monasterii
1345 1325 1493 1416 praefati
1520 1328 1617 1416 prior
1643 1327 1869 1416 praecipium,
1905 1347 1926 1394 a
1953 1325 2059 1394 cuius

494 1453 651 1536 tempore
665 1447 914 1517 monasterium
929 1447 1257 1531 Msthovienseiure
1273 1447 1443 1518 communi
1458 1453 1572 1543 utens,
1592 1431 1829 1536 praepositum
1843 1445 2061 1516 auctoritate

494 1586 575 1655 sua,
594 1572 654 1636 aut
672 1585 714 1636 ex
734 1587 771 1637 se
790 1567 905 1657 eligit,
922 1573 982 1638 aut
999 1587 1042 1638 ex
1061 1567 1129 1638 alio
1148 1567 1360 1638 monasterio
1378 1566 1544 1654 deposcit.
1573 1565 1748 1637 Successit
1764 1567 1932 1654 magistro
1950 1583 2060 1655 prae-

493 1683 567 1756 fato
585 1684 729 1757 Nicolao
757 1686 947 1777 lszneri,
975 1686 1130 1776 Adam,
1158 1687 1213 1757 cui
1237 1685 1401 1757 Nioolaus
1428 1686 1471 1756 de
1498 1686 1711 1777 Szyczow
1738 1685 1924 1756 modernus
1950 1704 2059 1774 prae-

494 1806 638 1896 positus,
666 1807 730 1877 sub
758 1807 855 1877 cuius
882 1807 1049 1896 regimine
1077 1827 1242 1897 praesens
1269 1808 1456 1896 registrum
1484 1807 1559 1877 eius
1585 1805 1680 1876 fideli
1707 1805 1909 1875 narratione
1936 1804 2058 1875 edocti

496 1925 712 1997 confecimus.
753 1920 804 1997 Et
821 1928 976 2016 quamvis
1004 1934 1200 2017 atempore
1217 1923 1440 2015 fundationis,
1468 1926 1717 1996 monasterium
1735 1923 1929 2014 praefatum
1956 1922 2058 1995 dioe

497 2047 585 2116 cesis
613 2044 853 2118 Cracoviensis
879 2045 985 2118 fuisse
1013 2054 1049 2118 et
1068 2068 1145 2119 esse
1164 2049 1380 2136 censebatur,
1407 2053 1443 2117 et
1462 2067 1484 2117 a
1501 2045 1724 2117 Oracoviensi
1751 2045 1898 2116 ecclesia
1926 2045 2062 2114 eteius

496 2165 718 2254 pontificibus
737 2167 926 2256 praepositi
949 2167 1207 2239 Msthovienses
1225 2168 1460 2257 provisiones,
1487 2166 1742 2255 institutiones,
1770 2165 2058 2236 confirmationes

496 2291 532 2355 et
566 2287 809 2376 investituras,
855 2295 890 2357 et
925 2289 1174 2359 monasterium
1204 2287 1449 2360 'Msthoviense
1484 2289 1562 2358 iura
1597 2293 1634 2357 et
1669 2286 1806 2376 singula
1841 2287 2059 2357 charismata

495 2403 712 2493 accipiebant
738 2410 774 2475 et
792 2405 1001 2494 reddebant,
1029 2406 1072 2477 de
1092 2427 1160 2497 qno
1178 2407 1399 2479 habebantur
1418 2415 1454 2478 et
1472 2407 1644 2478 habentur
1661 2407 1698 2476 in
1717 2407 1876 2497 registris
1902 2407 2059 2478 vetustis

494 2529 530 2624 et
554 2524 737 2595 annalibus
774 2523 938 2596 ecclesiae
975 2525 1216 2628 cracoviensis
1253 2535 1290 2599 et
1316 2529 1352 2598 in
1367 2528 1507 2599 litteris
1543 2526 1755 2599 fundationis
1791 2534 1841 2626 et
1861 2527 2056 2598 dotationis

494 2641 642 2733 praefati
656 2645 1066 2735 monasterii'probabilia
1084 2654 1120 2718 et
1134 2647 1266 2737 liquida
1279 2648 1499 2737 documenta,
1519 2645 1733 2732 Gneznensis
1748 2654 1865 2718 tamen
1880 2648 2056 2737 archiepi-

494 2781 617 2850 scopus
635 2765 889 2833 monasterium·
902 2762 1104 2854 praefatum,
1123 2764 1344 2838 cracoviensi
1363 2768 1524 2857 episcopo
1543 2767 1781 2839 dissimulante
1799 2775 1836 2839 et
1850 2767 2055 2858 negligente

497 2882 553 2951 ius
572 2903 690 2972 suum,
718 2883 754 2952 in
773 2902 869 2954 suam
888 2885 999 2954 traxit
1018 2885 1250 2956 obedientiam
1268 2892 1305 2957 et
1323 2887 1507 2976 ditionem,
1535 2895 1572 2959 et
1588 2909 1672 2960 suae
1691 2889 1841 2960 dioecesi
1859 2886 2060 2960 Gneznensi

494 3003 640 3092 pervim
659 3009 695 3072 et
709 3003 869 3074 iniuriam
888 3003 974 3074 illud
988 3006 1242 3096 appropriavit,
1262 3028 1399 3078 sumens
1418 3009 1631 3079 occasionem
1643 3010 1697 3079 sui
1711 3009 1880 3099 propositi
1899 3014 1937 3079 et
1950 3029 2057 3098 argn-

494 3122 619 3210 menti,
639 3121 730 3211 quod
750 3121 893 3212 ecclesia
911 3125 1121 3196 coenobialis
1141 3125 1411 3218 Msthoviensis,
1431 3149 1499 3199 non
1518 3129 1556 3198 in
1575 3129 1701 3219 oppido
1721 3129 1943 3218 Mstoviensi,
1963 3127 2058 3218 qnod

495 3239 587 3311 infra
612 3241 741 3310 limites
769 3227 1009 3314 Craooviensis
1038 3245 1226 3335 dioecesis,
1250 3262 1341 3337 'quos
1368 3246 1494 3319 fluvius
1523 3244 1695 3319 Wartha
1721 3249 1966 3337 disterminat,
1994 3248 2056 3318 sed

497 3365 597 3432 extra
616 3360 778 3449 oppidum
797 3361 1052 3450 Msthoviense,
1080 3371 1115 3435 et
1133 3367 1227 3437 ultra
1248 3367 1389 3438 fluvium
1408 3367 1582 3439 Wartha
1599 3369 1669 3440 sita
1687 3371 1747 3459 sit,
1776 3377 1812 3440 et
1831 3370 1867 3439 in
1886 3369 1962 3440 loco
1982 3369 2056 3440 edi-

495 3479 593 3567 tiori,
621 3479 665 3548 ad
685 3499 784 3568 quem
802 3481 909 3554 trium
927 3489 1114 3574 terrarum,
1144 3485 1305 3558 videlicet
1328 3485 1581 3578 cracoviensis,
1608 3487 1842 3579 Syradiensis,
1868 3495 1905 3560 et
1923 3488 2056 3559 Wielu-

457 3645 463 3650 -
495 3600 612 3670 nensis
630 3599 716 3672 fines
734 3609 895 3673 asserunt
912 3607 1010 3692 quasi
1039 3599 1357 3702 quodamcompito
1377 3607 1601 3698 confluxisse,
1630 3610 1674 3680 ob
1693 3610 1937 3681 amoenitatem
1965 3611 2055 3680 situs

495 3718 618 3791 locata
645 3719 847 3812 Sbigneus
864 3725 981 3815 itaque
1000 3724 1042 3796 de
1061 3723 1371 3818 Olyeschnicza,
1391 3729 1485 3800 tituli
1503 3728 1650 3800 Sanctm
1663 3727 1804 3800 Priscae
1819 3729 1967 3800 Sanctae
1984 3729 2055 3800 Ro·

495 3861 618 3913 manae
636 3843 804 3913 ecclesiae·
820 3845 1003 3936 presbyter
1022 3845 1227 3936 cardinalis,
1254 3851 1290 3918 et
1308 3847 1491 3938 episcopus
1510 3847 1767 3940 Oracoviensis,
1795 3871 1869 3921 eam
1889 3851 2053 3921 iniuriam

497 3962 603 4033 veluti
635 3963 688 4032 vir
715 3963 870 4036 cordacis
906 3970 942 4036 et
968 3967 1114 4038 animosi
1148 3968 1294 4058 spiritns
1321 3991 1390 4040 uon
1416 3957 1549 4061 ferens,
1585 3972 1831 4043 monasterium
1858 3971 2054 4061 praelatum

496 4080 734 4154 Msthoviense
767 4091 800 4154 et
828 4086 902 4156 eius
929 4087 1166 4176 praepositum
1193 4090 1398 4178 magistrum
1424 4089 1606 4162 Nicolaum
1633 4092 1836 4182 Iszneri,
1872 4099 2054 4180 totumque

497 4187 703 4274 conventnm
730 4205 766 4274 in
785 4225 881 4274 suam
896 4205 1068 4277 ,ditionem
1096 4213 1134 4278 et
1151 4207 1386 4279 obedientiam
1413 4210 1457 4280 ad
1475 4211 1644 4300 liquidum
1671 4234 1761 4283 anno
1779 4213 1921 4284 Domini
1946 4214 2054 4283 1454.

496 4322 648 4410 reduxit,
677 4329 712 4392 et
731 4322 914 4393 dioecesim
943 4319 1040 4395 suam
1068 4329 1168 4397 annis
1206 4329 1363 4417 pluribus
1387 4331 1583 4402 mutilatam
1612 4333 1647 4402 in
1666 4353 1709 4403 ea
1734 4339 1835 4422 parte
1861 4334 2060 4422 reintegra--

497 4443 557 4511 vit.
596 4440 728 4512 ¹Verum
756 4463 832 4512 cum
859 4441 1036 4515 Jobannes
1064 4445 1288 4539 Sprovslry
1315 4448 1529 4521 &canensis
1548 4452 1828 4542 archiepiscopus
1854 4451 2077 4524 huiusmodi

497 4562 804 4650 reintegrationem
838 4583 902 4654 per
946 4563 1197 4654 Shigneum
1238 4569 1448 4641 cardinalem
1484 4578 1521 4642 et
1555 4563 1753 4662 episcopum
1789 4567 2052 4644 cracoviensem

408 4697 412 4704 ’
498 4680 658 4770 laetam„
679 4683 858 4754 molestius
890 4683 1024 4776 ferens,
1061 4707 1175 4756 coram
1210 4688 1371 4761 Johanne
1406 4691 1450 4761 de
1486 4691 1678 4783 Moszny
1714 4693 1859 4764 custode
1884 4689 2054 4787 Plocensi,

500 4801 652 4873 Thomas
688 4801 1033 4896 Strampinslry,
1072 4808 1131 4896 qui
1162 4807 1368 4898 Sbigneo'
1392 4811 1560 4884 cardinali
1587 4818 1623 4884 et
1640 4814 1803 4903 episcopo
1829 4812 2051 4886 cracoviensi

498 4924 544 4993 in·
562 4923 763 5012 episcopatu
796 4933 1028 5016 successerat,
1056 4927 1154 5020 litem
1182 4930 1360 5020 movisset,
1388 4931 1565 5021 praefatus
1591 4933 1770 5005 Jobannes
1797 4935 1842 5006 de
1869 4933 1995 5005 Mosa
2008 4935 2049 5004 ni

498 5051 615 5115 custos
642 5043 848 5134 Ploczensis,
877 5065 953 5115 cum
972 5046 1050 5117 aliis
1078 5050 1253 5120 canonicis
1279 5049 1513 5142 Plocensibus,
1540 5053 1665 5124 iudicis
1692 5074 1843 5143 persona
1870 5062 1988 5142 exuta,
2017 5061 2052 5124 et

397 5149 401 5154 ’
498 5163 622 5234 arbitri
650 5163 787 5266 induta,
824 5164 1004 5254 pontifices
1031 5166 1206 5256 praefatos
1233 5171 1474 5259 concordavit,
1509 5173 1675 5263 litemque
1703 5174 1881 5244 intereos
1908 5194 1950 5244 ea
1977 5174 2052 5265 lege

498 5291 667 5372 perpetuo
695 5285 864 5375 extinxit,
900 5293 940 5357 ut
967 5279 1215 5359 monasterium
1242 5289 1482 5363 Msthoviense
1509 5295 1545 5362 in
1572 5293 1721 5364 dioecesi
1749 5291 1946 5364 cneznensi
1973 5315 2053 5365 con·

499 5403 656 5493 sisteret,
684 5410 720 5476 et
738 5407 958 5496 praepositus
977 5406 1226 5480 Msthoviensis
1254 5419 1290 5481 et
1307 5413 1555 5483 monasterium
1574 5414 1835 5502 archiepiscopo
1848 5410 2050 5486 'chemensi

499 5521 575 5610 lege
594 5523 797 5598 dioecesana
815 5527 850 5596 in
869 5527 1016 5616 singulis
1034 5527 1147 5600 forent
1167 5531 1323 5601 subiecti.
1363 5532 1451 5602 Item
1469 5539 1509 5602 ut
1527 5533 1674 5604 ecclesia
1691 5535 1851 5622 specialis
1869 5534 1905 5604 in
1924 5534 2050 5624 oppido

500 5639 696 5714 Msthow
732 5644 774 5715 de
811 5667 901 5718 novo
928 5667 992 5736 per
1018 5651 1254 5740 praepositum
1290 5658 1328 5721 et
1352 5651 1481 5724 iratres
1512 5660 1700 5724 conventos
1735 5631 1987 5725 Msthoviensis
2013 5675 2050 5724 ro
