4492 6592
1745 771 1792 848 21

189 1039 201 1048 -
235 986 430 1079 septimana
457 987 621 1079 pedester
648 988 838 1058 laboratur.
865 983 952 1058 Item
979 985 1148 1058 tabernae
1175 985 1224 1056 ibi
1243 1005 1312 1056 non
1330 992 1419 1056 suut.
1447 983 1534 1056 Item
1553 991 1608 1056 est
1625 985 1676 1056 ibi
1694 1005 1795 1074 prae-

129 1129 139 1136 ·
235 1111 330 1182 dium
365 1111 565 1182 coenobiale
601 1111 747 1199 bonum,
784 1109 827 1180 de
855 1114 941 1199 qud,
981 1109 1086 1178 etde
1114 1107 1273 1179 omnibus
1309 1107 1419 1178 laneIs
1456 1107 1732 1178 cmethonalibus
1759 1113 1796 1178 et

235 1232 514 1303 hortulaniarum
542 1232 649 1321 agris,
676 1231 825 1302 solvitur
852 1238 888 1303 et
915 1229 1118 1301 conducitur
1145 1229 1279 1299 decIma
1304 1229 1532 1318 manipularis
1550 1234 1587 1300 et
1605 1229 1793 1319 canapaIIs,

234 1373 298 1442 pro
327 1353 540 1425 monasterio
568 1351 846 1442 Myechoviensi‚
883 1357 919 1420 et
946 1351 1044 1421 valor
1079 1351 1154 1420 eius
1190 1350 1234 1420 ad
1261 1349 1386 1440 viginti
1422 1369 1484 1421 sex
1519 1370 1662 1421 marcas.
1686 1340 1795 1420 'Item

235 1493 375 1568 osszyep
404 1495 473 1546 non
501 1473 677 1544 solvunt·
938 1471 940 1474 ’

300 1637 305 1646 ·
341 1595 571 1683 Szarsorron,
607 1594 690 1665 ¹villa
716 1595 781 1665 sub
808 1593 975 1683 parochia
1001 1592 1168 1672 ecclesiae
1195 1592 1238 1662 de
1265 1591 1438 1663 Maiori
1474 1591 1678 1684 Gzaplye
1714 1594 1794 1683 sita,

236 1717 334 1787 cuius
362 1715 559 1807 proprietas
587 1722 623 1786 et
650 1715 840 1786 dominium
859 1714 905 1784 ad
921 1710 1172 1785 monasterium
1191 1704 1463 1803 Myecho'vIense
1480 1715 1643 1802 pertinet.
1670 1715 1710 1784 In
1729 1735 1798 1804 qua

236 1844 318 1910 sunt
345 1837 439 1908 lanei
466 1836 721 1926 cmethoneles,
757 1842 793 1906 et
821 1834 968 1925 quilibet
995 1834 1100 1905 solvit
1137 1823 1201 1924 p'ro
1229 1853 1334 1904 censu
1362 1835 1622 1924 quatuordecim
1655 1841 1797 1924 scottos,

99 1945 103 1954 ’
237 1959 333 2030 item*
359 1955 426 2029 ov'a
451 1958 616 2048 trIgiuta3
656 1957 739 2028 item
766 1957 877 2047 gallos
905 1962 1073 2045 quatuor,
1114 1955 1198 2026 item
1230 1975 1350 2026 caseos
1377 1954 1482 2045 duos,
1523 1956 1607 2026 item
1634 1955 1797 2027 laborant
1896 1944 1904 1952 ’

236 2076 389 2173 imrzpnr'
432 2099 495 2169 pro
539 2096 622 2158 vere
658 2084 694 2148 et
729 2079 862 2169 hyeme.
907 2077 995 2148 Item
1038 2097 1177 2172 casapep
1223 2077 1364 2158 solvunt
1404 2052 1586 2147 mensuras
1610 2077 1697 2147 duas
1725 2078 1797 2147 sili·
1897 2166 1899 2169 Ι

236 2201 329 2289 ginis
357 2199 541 2290 confertas,
569 2204 718 2290 quatuor
744 2221 895 2289 grossos,
923 2205 960 2270 et
985 2219 1046 2270 sex
1073 2199 1250 2272 denarios.
1296 2199 1383 2270 Item
1404 2196 1800 2293 ponderandumque

237 2326 404 2391 tenentur
430 2341 494 2411 pro
521 2341 603 2392 vere
630 2328 667 2391 et
692 2321 815 2412 hyeme
841 2320 1010 2392 laborare.
1055 2321 1144 2392 Item
1169 2322 1316 2393 taberna
1343 2342 1413 2392 nna
1439 2321 1571 2392 babens
1598 2342 1721 2411 agros,
1757 2313 1796 2393 et

238 2442 344 2512 solvit
371 2433 434 2531 pro
461 2463 566 2512 ceusu
593 2443 679 2513 duas
706 2461 851 2513 marcas.
886 2441 974 2513 Item
1002 2443 1223 2514 hortulaniae
1247 2449 1322 2514 tres
1348 2443 1520 2532 habentes
1549 2463 1663 2533 agros
1692 2463 1799 2533 qnae-

108 2661 113 2666 1
238 2563 327 2634 libet
354 2563 459 2634 solvit
486 2583 591 2645 unum
617 2561 799 2654 fertonem,
826 2563 964 2634 laborat
992 2585 1096 2634 unum
1115 2563 1207 2636 diem
1225 2565 1261 2633 in
1280 2564 1482 2653 septimana.
1508 2563 1597 2634 Item
1615 2564 1808 2660 praedIum

240 2693 296 2754 est
322 2685 371 2755 ibi
398 2684 615 2774 coenobiale,
652 2684 696 2756 de
722 2685 820 2756 cuius
847 2685 942 2774 angs
978 2685 1127 2756 solvitur
1160 2684 1294 2756 decima
1320 2683 1546 2774 manipularis
1583 2685 1797 2756 monasterio

241 2806 284 2876 de
311 2805 487 2896 Mogila
514 2804 646 2877 ordinis
673 2804 923 2896 Oisterciensia
951 2809 986 2877 et
1013 2806 1111 2878 valor
1138 2807 1213 2877 eius
1236 2806 1440 2877 aestimatur
1466 2805 1512 2877 ad
1538 2813 1688 2896 quatuor
1706 2827 1797 2877 mar-

241 2947 307 2996 cas.
335 2927 424 2997 Item
451 2933 531 3016 post
558 2945 676 2997 omncs
704 2930 807 3017 agros
835 2927 1070 2998 cmethoneles
1098 2927 1247 2998 solvitur
1273 2934 1309 2998 et
1336 2927 1542 2999 conducitur
1567 2927 1702 2998 decima
1724 2949 1793 2999 ma-

241 3047 425 3137 nipularis,
452 3027 516 3137 pro
543 3047 746 3138 episcopatu
773 3047 1009 3137 (Iracoviensi‚
1045 3055 1082 3119 et
1110 3048 1208 3119 valor
1233 3048 1308 3118 eins
1336 3047 1541 3119 aestImatur
1568 3048 1613 3119 ad
1639 3049 1796 3139 trigInta

241 3167 427 3258 aliquando
455 3168 499 3239 ad
527 3168 760 3258 quadraginta
786 3189 928 3240 marcas.
955 3169 1045 3240 Item
1062 3190 1197 3240 uaesana
1223 3169 1364 3241 solvunt
1381 3169 1529 3259 plebano
1556 3169 1593 3239 iu
1621 3169 1796 3239 Maiori

243 3287 464 3380 Ozyaple,
492 3268 638 3379 quilibet
663 3289 706 3360 de
733 3289 834 3361 laneo
862 3290 949 3362 duos
976 3291 1101 3363 choros
1129 3310 1259 3362 avenae
1281 3296 1318 3362 et
1338 3290 1426 3362 duos
1453 3290 1610 3380 siliginis.
1629 3288 1799 3362 Goufinat

244 3431 321 3482 cum
347 3409 519 3482 Maiori
546 3409 791 3502 Gzyaplye.

347 3531 693 3604 Psznnmussczsrm
720 3531 875 3623 wenis,
903 3531 986 3604 villa
1013 3533 1077 3604 sub
1104 3533 1271 3624 parochia
1296 3533 1463 3604 eeclesiae
1489 3532 1534 3604 de
1559 3531 1753 3624 Myeeho
1766 3555 1797 3606 w

243 3654 327 3742 sita,
364 3653 461 3724 ouius
487 3653 685 3743 proprietas
712 3659 748 3724 et
775 3653 965 3752 dominium
992 3654 1037 3725 ad
1064 3655 1313 3726 monasterium
1339 3653 1607 3745 Myechoviense
1621 3653 1797 3744 pertinet.

243 3773 283 3844 In
311 3793 380 3864 qua
406 3779 488 3845 sunt
513 3795 637 3846 novem
664 3774 756 3845 lanei
784 3774 1027 3866 cmethoneles
1055 3780 1092 3846 et
1119 3774 1266 3865 quilibet
1293 3774 1398 3846 soluit
1426 3774 1686 3865 quatuordecim
1706 3781 1798 3845 scot-

243 3901 309 3984 tos²
337 3896 422 3966 item
449 3915 515 3968 oua
541 3896 696 3986 triginta,
723 3895 807 3967 item
830 3895 940 3986 gallos
959 3901 1118 3987 quatuor,
1145 3896 1228 3966 item
1256 3915 1375 3966 caseos
1402 3896 1499 3986 duee,
1526 3876 1610 3966 item
1637 3883 1800 3967 laborant

243 4012 393 4106 latratui,
421 4016 482 4088 sed
500 4037 570 4089 non
588 4017 681 4126 dies
698 4017 786 4088 Item
813 4038 950 4112 osszyep
969 4018 1073 4089 solvit
1092 4017 1239 4108 quilibet
1240 4071 1286 4088 .....
1313 4017 1401 4088 Item
1418 4014 1599 4111 potandam
1616 4024 1800 4107 utramque

245 4143 410 4208 tenentur
436 4137 596 4210 laborare
623 4139 659 4208 in
685 4137 878 4210 frumentis.
922 4139 1205 4219 Itemtabernae
1232 4159 1301 4210 non
1330 4145 1421 4210 sunt.
1464 4138 1553 4209 Item
1580 4138 1800 4209 hortulaniae

244 4279 313 4329 non
340 4263 431 4329 sunt.
457 4259 545 4330 Item
572 4261 764 4350 praedium,
779 4281 848 4332 non
876 4265 931 4332 est
957 4261 1015 4332 ibi.
1042 4261 1131 4332 Item
1159 4260 1227 4334 duo
1254 4260 1452 4333 molendina
1478 4259 1515 4330 in
1541 4259 1680 4331 domiue
1707 4259 1800 4332 Ozi-

247 4381 348 4469 cba‚
385 4380 430 4451 de
457 4379 582 4471 quibus
609 4387 778 4452 metretae
780 4435 834 4451 ......
861 4382 948 4454 Item
976 4387 1056 4472 post
1083 4403 1202 4454 omnes
1229 4402 1333 4473 agros
1360 4382 1508 4454 solvitur
1532 4388 1570 4452 et
1596 4382 1800 4453 conducitur

142 4493 145 4502 ’
238 4501 379 4572 “decima
406 4486 633 4592 manipularis
660 4509 696 4574 et
722 4503 908 4594 canapaIIs,
935 4525 999 4594 pro
1018 4505 1230 4576 monasterio
1249 4504 1520 4595 Myechovicnsi‚
1547 4509 1583 4574 et
1609 4504 1708 4575 valor
1726 4505 1800 4574 eins
1937 4603 1942 4608 .

246 4621 451 4692 aestimatur
478 4620 668 4694 addacem
691 4643 835 4694 marcas.
863 4622 1023 4696 Gonfinat
1049 4643 1127 4696 cum
1145 4624 1273 4716 oppido
1300 4623 1545 4717 Myechorr,
1571 4623 1801 4715 Pataros,

247 4739 385 4831 Syedl
398 4742 470 4814 isk
483 4763 513 4813 a.

351 4862 568 4935 Burrowsnn
595 4863 734 4955 Woan,
761 4865 845 4938 villa
872 4867 936 4939 sub
963 4867 1130 4957 parocma
1156 4866 1200 4938 de
1226 4865 1460 4959 Myconon
1487 4867 1569 4958 sita,
1596 4867 1692 4939 cuins
1719 4887 1799 4957 pro-

246 4983 377 5074 prietas
413 4989 449 5056 et
475 4983 663 5057 dominium
699 4987 744 5058 ad
770 4988 1019 5059 monasterium
1046 4987 1314 5080 Myechoviense
1340 4991 1502 5080 pertiuet.
1546 4988 1587 5059 In
1615 5009 1684 5078 qua
1718 4992 1800 5057 sunt
1899 5037 1902 5044 -

247 5105 397 5208 sedecim
424 5104 516 5176 lanei
543 5107 787 5198 cmethoneles,
814 5113 850 5178 et
877 5109 1024 5199 quilibet
1051 5109 1156 5180 solvit
1181 5129 1245 5200 per
1262 5110 1522 5200 quatuordecim
1548 5105 1800 5198 scottos'item

248 5246 313 5296 ora
339 5226 505 5316 triginta,
532 5227 616 5298 item
642 5228 753 5317 gallos
781 5236 947 5320 quatuor,
975 5231 1057 5300 item
1076 5249 1195 5301 caseos
1222 5230 1318 5302 dnos.
1345 5231 1434 5301 ltem
1460 5229 1623 5300 laborant
1648 5224 1798 5316 laterici,

245 5346 306 5417 sed
324 5367 394 5417 non
412 5346 505 5437 dies,
531 5348 615 5418 item
633 5369 751 5443 caspap
767 5349 873 5421 solvit
891 5350 1074 5442 quilibet...
1100 5351 1190 5421 Item
1209 5348 1395 5444 potandum
1420 5356 1604 5439 utramque
1629 5353 1795 5420 tenentur

248 5468 283 5537 in
309 5466 493 5538 frumentis
518 5469 688 5540 laborare.
715 5469 802 5541 Item
830 5471 997 5542 tabernae
1023 5493 1092 5542 non
1120 5478 1210 5542 sunt.
1254 5472 1341 5541 Item
1367 5470 1587 5542 hortulaniae
1612 5491 1682 5542 non
1709 5476 1799 5540 sunt.

247 5588 333 5660 Item
362 5589 541 5678 praedIum
569 5591 618 5662 ibi
644 5613 713 5662 non
740 5597 812 5682 est,
850 5592 910 5662 sed
938 5592 1099 5663 scoltetia
1125 5598 1198 5682 est,
1231 5593 1364 5664 habens
1392 5593 1480 5664 duos
1514 5593 1634 5664 laneos
1661 5593 1799 5663 liberos.

352 5879 567 5924 manamaur.
994 5925 998 5930 ,
1610 5849 1647 5911 a*
