4492 6592
346 719 504 827 [46

454 947 651 1048 proprietas
687 953 723 1019 et
759 942 946 1046 dominium
981 966 1045 1036 pro
1081 939 1216 1016 duabus
1250 939 1410 1036 partibus
1436 940 1481 1016 ad
1507 941 1772 1016 universitatem
1798 940 2010 1015 vicariorum

334 1089 339 1096 ’
455 1069 618 1141 ecclesiae
655 1067 774 1140 Sancti
809 1067 965 1138 Floriani
999 1067 1172 1156 pertinet3
1207 1066 1347 1138 tertiam
1380 1066 1483 1137 villae
1518 1072 1655 1158 partem
1680 1066 1787 1137 babet
1813 1064 2010 1137 Stanislaus

454 1188 805 1280 Zborowskyde
832 1189 939 1260 armis
965 1187 1178 1258 Kornicz.
1209 1187 1249 1258 ln
1277 1208 1347 1278 qua
1373 1194 1454 1260 sunt
1480 1208 1542 1260 sex
1565 1188 1657 1260 lanei
1683 1186 1938 1275 cmethonales‚
1966 1185 2010 1256 de

455 1313 579 1402 quibus
611 1311 770 1384 omnibns
806 1309 955 1382 solvitur
990 1309 1123 1381 decima
1158 1309 1385 1399 manipularis
1411 1310 1624 1382 monastario
1650 1309 1833 1398 hospitalis
1859 1307 2010 1380 Sanctae

453 1432 583 1524 Crucis,
610 1439 646 1504 et
672 1433 848 1504 inducitur
874 1451 937 1521 per
964 1431 1095 1503 incolas
1123 1431 1168 1502 ad
1186 1417 1350 1503 horreum
1368 1451 1389 1501 a
1406 1433 1574 1522 magistro
1593 1451 1655 1502 seu
1672 1431 1872 1521 praeposito
1891 1429 2011 1519 bospi-

452 1555 533 1626 talis
560 1553 708 1626 Sanctae
736 1550 874 1641 Crucis,
902 1559 938 1624 et
964 1553 1063 1624 valor
1091 1553 1166 1624 eius
1192 1553 1398 1624 aestimatur
1425 1552 1470 1623 ad
1497 1555 1558 1624 seir
1585 1573 1730 1624 marcas.
1769 1551 1856 1624 Item
1883 1552 2010 1634 hortu-

448 1672 547 1748 lania
572 1697 642 1747 una
668 1665 799 1746 habens
826 1694 939 1765 agros,
967 1673 1010 1744 ad
1040 1673 1250 1745 stanislaum
1267 1673 1549 1765 Zborowsky
1575 1674 1765 1764 pertinens,
1799 1673 1843 1744 de
1879 1674 2007 1762 quibus

454 1798 602 1869 solvitur
637 1797 770 1868 decima
804 1795 1032 1885 manipularis
1067 1795 1242 1885 hospitali.
1274 1795 1363 1866 Item
1396 1796 1544 1870 taberna
1577 1816 1649 1866 una
1674 1797 1806 1868 babens
1832 1815 1937 1885 agros
1965 1794 2010 1866 ad

454 1918 663 1992 Stanislaum
690 1917 970 2007 Zborowsky
997 1915 1187 2007 pertinens,
1217 1915 1260 1986 de
1287 1916 1412 2006 quibua
1431 1916 1579 1988 solvitur
1596 1916 1731 1988 decima
1748 1916 1813 1988 soli
1831 1915 2011 2006 hospitali.

453 2041 542 2112 ltem
569 2039 749 2131 praedium
776 2045 830 2110 est
856 2039 905 2110 ibi
932 2037 1071 2109 unicum
1097 2037 1228 2109 habens
1254 2044 1328 2108 tres
1355 2037 1484 2126 laneos,
1512 2037 1568 2109 de·
1582 2039 1707 2128 quibus
1732 2038 1840 2108 etiam
1858 2038 2011 2108 decima·

454 2168 513 2232 tur
539 2161 750 2234 monasterio
786 2160 969 2250 hospitalis
996 2158 1145 2230 Sanctae
1172 2157 1292 2230 Crucis
1318 2158 1359 2241 in
1381 2158 1621 2260 Cracouia.
1660 2159 1748 2230 Item
1774 2156 2010 2230 molendinum

454 2289 509 2354 est
535 2284 570 2353 in
598 2283 718 2354 eadem
746 2281 837 2373 villa,
865 2282 997 2353 habens
1024 2300 1128 2371 agros
1155 2287 1192 2351 et
1218 2288 1328 2370 prata,
1355 2280 1398 2352 de
1426 2281 1552 2370 quibus
1578 2280 1729 2352 decimat
1750 2300 1815 2370 pro
1833 2279 2011 2370 hospitali.

453 2404 559 2476 Cuius
586 2404 674 2476 duae
701 2409 819 2494 partes
846 2404 1023 2494 pertinent
1048 2403 1093 2474 ad
1120 2403 1269 2474 vicarios
1296 2402 1413 2474 Sancti
1430 2403 1604 2494 Floriani,
1622 2404 1730 2474 tertia
1755 2423 1838 2474 vero
1866 2401 1911 2472 ad
1929 2401 2011 2473 Sta-

453 2526 600 2598 nislaum
636 2526 918 2618 Zborowsky
953 2525 1159 2614 haeredem3
1196 2525 1386 2596 arendatur
1420 2529 1538 2596 autem
1561 2545 1628 2614 pro
1655 2525 1790 2596 duabus
1817 2525 2010 2613 sexagenis,

453 2647 638 2738 aliquando
674 2669 737 2738 pro
775 2647 953 2738 ampliori,
979 2653 1015 2717 et
1051 2647 1178 2718 cedunt
1205 2647 1343 2719 vicariis
1370 2645 1488 2717 Sancti
1516 2645 1671 2717 Floriani
1696 2645 1787 2716 duae
1813 2650 1944 2734 partes,
1971 2651 2009 2714 et

454 2769 597 2840 haeredi
623 2769 738 2862 tertia.

559 2890 733 2979 Znonow,
760 2890 844 2961 villa
871 2890 935 2961 sub
962 2889 1129 2980 parochia
1154 2889 1322 2962 eeclesiae
1339 2889 1383 2962 de
1401 2887 1689 2978 Biskupicze
1715 2888 1794 2978 sita,
1812 2889 1910 2959 cuius
1928 2909 2008 2978 pro·

341 3073 346 3079 .
454 3013 585 3100 prietas
612 3018 649 3082 et
676 3011 864 3082 dominium
892 3010 936 3081 ad
963 3009 1174 3082 Stanislaum
1201 3011 1487 3103 Zborowsky
1514 3010 2010 3100 dearmisKornicaper-
2133 3093 2140 3102 .

452 3134 550 3204 tinet.
591 3133 631 3202 ln
660 3153 728 3222 qua
755 3139 837 3203 sunt
864 3129 1011 3222 quatuor
1038 3132 1130 3203 lanei
1156 3133 1409 3224 cmetlronales,
1435 3134 1479 3204 de
1506 3134 1631 3224 quibus
1658 3134 1834 3222 omnibus,
1861 3132 2010 3203 solvitur

453 3251 585 3323 decima
610 3253 835 3341 manipularis
862 3253 1072 3324 monasterio
1100 3253 1248 3325 Sanctae
1275 3253 1396 3326 Crucis
1422 3255 1605 3346 hospitalis
1631 3255 1668 3326 in
1694 3251 1944 3342 cracovia,
1971 3260 2008 3324 et

454 3373 627 3444 inducitur
655 3395 717 3464 per
744 3374 874 3446 incolas
910 3376 1061 3465 propriis
1089 3377 1248 3447 curribus
1275 3376 1319 3447 ad
1346 3377 1510 3448 borreum
1537 3397 1558 3446 a
1583 3377 1785 3466 praeposito
1812 3375 2007 3447 locandum.

453 3495 562 3567 Valor
588 3497 662 3567 eius
690 3497 894 3568 aestimatur
920 3496 965 3568 ad
991 3517 1095 3568 unam
1122 3519 1292 3590 marcam,
1318 3498 1504 3588 aliquando
1531 3497 1699 3571 adduas.
1739 3499 1827 3570 ltem
1854 3499 2002 3569 taberna

454 3638 531 3708 una,
559 3639 647 3708 quae
674 3625 893 3708 computatur
930 3619 1024 3690 inter
1050 3620 1278 3692 hortulanias.
1310 3621 1400 3691 ltem
1425 3621 1645 3692 hortulaniae
1671 3628 1746 3692 tres
1773 3627 1810 3691 et
1835 3641 1904 3690 non
1920 3619 2024 3723 plu-¹

453 3761 520 3830 res,
547 3740 590 3812 de
618 3741 743 3830 quibus
770 3731 851 3811 iam
867 3741 1043 3830 scriptum.
1070 3741 1158 3812 item
1185 3742 1365 3830 praedium
1392 3749 1447 3814 ost
1473 3741 1521 3814 ibi
1540 3743 1677 3813 unicum
1696 3742 1857 3831 militare,
1875 3741 1919 3812 de
1938 3763 2006 3831 quo

453 3861 601 3934 solvitur
635 3862 769 3932 decima
803 3862 1028 3952 manipularis
1056 3864 1266 3934 monasterio
1301 3863 1484 3954 hospitalis
1521 3863 1667 3934 Sanctae
1695 3861 1816 3934 Crucis
1842 3863 1878 3933 in
1906 3862 2008 3934 Cra-

454 3984 597 4056 eovia.
637 3983 725 4056 Item
752 3983 985 4055 molendinum
1012 4005 1081 4090 non
1110 3991 1173 4056 est.
1949 3985 1953 3990 ’
1986 3995 2000 4006 ‘

557 4104 753 4195 Sunowur²
780 4106 863 4178 uilla
890 4107 953 4177 sub
973 4107 1140 4196 parochia
1156 4107 1321 4178 ecclesiae
1339 4107 1383 4177 de
1402 4107 1682 4197 Biskupicze
1709 4107 1788 4198 sita,
1808 4107 1905 4177 cuius
1923 4125 2006 4195 pro·

309 4299 314 4308 ,
451 4228 584 4318 prietas
612 4227 656 4299 ad
683 4226 895 4300 Stanislaum
921 4227 949 4296 Z
962 4228 1209 4319 borowsky
1235 4229 1278 4299 de
1304 4229 1410 4300 armis
1437 4228 1642 4299 Kornicz
1668 4229 1830 4318 pertinet.
1869 4227 1910 4298 lu
1938 4248 2008 4318 qua

433 4353 534 4450 'sunt
559 4355 632 4420 tres
659 4369 728 4419 non
754 4347 860 4439 lanei,
887 4348 949 4420 sed
976 4347 1211 4438 hortulaniae,
1240 4355 1276 4420 et
1302 4349 1346 4421 de
1372 4351 1531 4421 omnibus
1559 4351 1707 4422 solvitur
1734 4350 1867 4421 decima
1893 4349 2003 4420 mani·
2131 4431 2138 4449 .

452 4470 583 4560 polaris
609 4489 673 4558 pro
701 4470 910 4542 monasterio
938 4467 1084 4542 Sanctae
1111 4469 1232 4542 Crucis
1259 4471 1442 4562 hospitalis
1469 4471 1506 4542 in
1532 4471 1776 4562 Cracovia‚
1803 4477 1840 4542 et
1866 4470 2001 4541 induci·
2085 4541 2090 4550 ,

410 4623 422 4644 1
452 4599 511 4662 tur
536 4611 600 4681 per
625 4590 755 4662 incolas
782 4592 934 4682 propriis
961 4592 1120 4663 curribus
1139 4591 1184 4663 ad
1201 4594 1365 4664 horreum
1384 4614 1406 4664 a
1423 4595 1624 4685 praeposito
1642 4593 1834 4690 locandum,
1852 4598 1889 4664 et
1907 4592 2006 4664 valor

452 4713 525 4784 eius
552 4713 758 4785 aestimatur
784 4713 828 4784 ad
855 4733 959 4784 unam
985 4734 1145 4784 marcam.
1171 4715 1260 4786 Item
1281 4715 1434 4786 taberna
1461 4737 1539 4806 una,
1566 4735 1656 4806 quae
1674 4721 1896 4806 computatur
1913 4715 2007 4786 inter

452 4835 678 4907 hortulanias.
705 4834 793 4905 Item
821 4835 1040 4906 hortulaniae
1067 4836 1205 4907 nonnisi
1231 4843 1323 4926 tres,
1351 4825 1499 4908 taberna
1524 4841 1733 4926 computata.
1772 4837 1861 4907 Item
1888 4837 2005 4906 estin

451 4957 573 5028 eadem
608 4956 690 5028 villa
725 4957 905 5046 praedium
940 4958 1096 5054 militare
1127 4957 1277 5048 praefati
1312 4958 1476 5030 Stanislai
1510 4959 1812 5050 Zborowsky‚
1838 4958 1882 5030 de
1908 4959 2007 5030 cuius

450 5079 544 5170 agris
580 5078 728 5152 solvitur
763 5077 896 5150 decima
930 5079 1158 5168 manipularis
1190 5081 1400 5152 monasterio
1436 5080 1585 5152 Sanctae
1612 5079 1733 5152 Crucis
1760 5079 1942 5170 hospitalis
1969 5081 2006 5149 in

338 5297 345 5308 .
452 5201 693 5292 Cracovia,
720 5206 756 5272 et
781 5201 881 5272 valor
908 5201 983 5271 sius
1005 5201 1216 5272 'aestimatur
1242 5201 1286 5272 ad
1305 5256 1313 5271 .
1331 5255 1340 5271 .
1359 5256 1366 5271 .
1383 5201 1472 5272 Item
1499 5202 1732 5274 molendinum
1759 5222 1828 5272 non
1854 5208 1918 5272 est.

555 5323 805 5413 Brnnczrczm
833 5323 915 5395 villa
941 5323 1005 5394 sub
1033 5323 1200 5414 parochia
1225 5323 1390 5395 eeclesiae
1417 5323 1461 5394 de
1488 5323 1772 5416 Bislrupicze
1798 5323 1876 5414 sita,
1903 5324 2002 5394 cuins

450 5465 515 5534 pro
542 5465 611 5515 una
636 5453 737 5534 parte
771 5445 968 5534 proprietas
996 5451 1032 5515 et
1058 5445 1247 5517 dominium
1274 5445 1318 5516 ad
1345 5446 1592 5517 monasterium
1620 5446 1784 5536 Corporis
1811 5445 1943 5516 Christi
1970 5446 2005 5514 in
2122 5527 2127 5546 .

452 5565 710 5656 Casimiria
738 5587 801 5656 pro
828 5567 1010 5640 alteraad
1038 5565 1248 5640 Stanislaum
1276 5566 1592 5659 Marszowsky
1618 5568 1781 5652 dedomo
1809 5567 2005 5673 Polulro-
2064 5659 2068 5667 Ι

320 5752 323 5760 ,
453 5707 531 5796 aza
566 5683 727 5776 pertinet.
767 5687 808 5757 ln
837 5709 905 5778 qua
941 5693 1022 5760 sunt
1059 5696 1209 5779 quatuor
1242 5689 1335 5762 lanei
1362 5690 1614 5780 cmethonales,
1641 5689 1684 5760 de
1712 5690 1836 5781 quibus
1864 5690 2006 5760 abana
