4492 6592
450 739 524 813 278

450 945 664 1036 coenobiale,
691 945 735 1016 de
772 945 869 1018 cuius
906 945 1000 1035 agris
1036 945 1123 1016 nulli
1158 943 1263 1016 solvit
1288 944 1475 1038 decimam,
1501 943 1564 1015 sed
1589 963 1666 1015 eam
1692 963 1757 1034 pro
1783 962 1821 1014 ec
1848 941 1943 1014 tollit
1968 947 2008 1012 et

451 1069 486 1137 in
513 1068 677 1138 horreum
704 1086 804 1139 suum
831 1065 973 1138 inducit.
1200 1070 1205 1080 “

552 1188 756 1278 Iunonum,
783 1187 867 1260 villa
893 1189 958 1260 sub
984 1188 1152 1278 parochia
1178 1187 1222 1258 de
1248 1186 1480 1277 Lapauow
1506 1186 1585 1277 sita,
1611 1186 1712 1259 cuius
1733 1186 1858 1258 haeres
1875 1185 2005 1257 Petrus

449 1309 793 1399 Lubomirzslry
828 1308 871 1380 de
899 1308 1000 1380 domo
1028 1313 1064 1379 ct
1089 1307 1221 1379 familia
1246 1289 1489 1380 Drusz'iua.
1524 1307 1565 1379 In
1592 1329 1661 1399 qua
1687 1313 1769 1378 snut
1794 1307 1889 1379 lanei
1914 1311 2042 1378 cme‘

448 1430 616 1519 thonales,
644 1435 680 1502 et
706 1429 750 1500 de
776 1430 935 1502 omnibus
962 1429 1109 1502 solvitur
1135 1436 1171 1500 ct
1197 1429 1404 1500 conducitur
1429 1429 1563 1500 decima
1587 1428 1813 1519 manipularis
1839 1434 1877 1499 et
1903 1447 2009 1499 cana-
2142 1495 2144 1522 ,

449 1551 538 1641 palis
564 1572 629 1642 pro
656 1552 867 1622 monasterio
895 1550 1206 1641 Szeczechoriensi,
1235 1557 1272 1622 et
1297 1551 1397 1622 valor
1413 1551 1713 1622 eius-aestimatur
1729 1549 1774 1623 ad
1789 1605 1796 1620 .
1811 1603 1819 1619 .
1834 1603 1843 1619 .
1859 1568 2008 1621 mamas
2142 1565 2144 1592 ²

449 1673 535 1744 Item
561 1673 716 1744 taberna.
743 1672 829 1743 Item
856 1672 1042 1744 hortulani.
1068 1672 1158 1743 Item
1184 1672 1364 1762 praedium
1390 1673 1539 1762 unicum,
1565 1673 1610 1744 de
1636 1693 1705 1762 quo
1732 1671 1868 1743 decima
1892 1671 2007 1778 mani·

449 1793 580 1883 pnlaris
607 1793 773 1865 ecelesIae
800 1795 836 1864 in
863 1793 1131 1884 Lapanow„
1297 1869 1302 1877 ,
1942 1815 1946 1821 ·
2142 1861 2144 1888 ,

553 1914 678 1987 Vrnun
705 1913 910 2004 Soranorum,
936 1914 1019 1985 villa
1045 1915 1109 1986 sub
1136 1914 1301 2004 parochia
1416 1915 1494 1986 sita.
1529 1914 1571 1985 In
1597 1933 1666 2004 qua
1690 1917 1772 1985 sunt
1793 1912 1887 1984 lanei
1904 1920 2007 1983 'cmc-
2142 1909 2144 1968 t

450 2035 619 2126 thomice,
646 2041 683 2105 et
709 2034 752 2106 de
779 2035 939 2106 omnibus
965 2035 1113 2107 solvitur
1140 2041 1177 2106 et
1204 2034 1408 2106 conducitur
1433 2035 1567 2106 decima
1592 2034 1820 2124 manipularis
1845 2039 1884 2104 et
1903 2053 2007 2103 cana·

450 2156 539 2248 palis
566 2176 630 2246 pro
657 2155 867 2228 monasterio
896 2153 1206 2246 Szec'zcchoriensi‚
1232 2161 1269 2227 ct
1293 2155 1394 2228 valor
1419 2157 1494 2227 eiua
1512 2155 1716 2228 aestimatur
1732 2155 1778 2226 ad
1792 2210 1800 2225 .
1815 2209 1823 2224 .
1837 2209 1845 2225 .
1859 2173 2008 2226 marcas.
2142 2175 2144 2188 ·

451 2278 540 2348 Item
566 2277 754 2368 praedium.
781 2276 869 2348 Item
896 2277 1050 2348 taberna.
1077 2276 1167 2348 Item
1193 2276 1382 2350 hortulani.
1409 2283 1412 2295 '

553 2399 832 2488 Bornuezrczn,
859 2397 943 2470 villa
968 2399 1032 2470 sub
1059 2398 1226 2488 parochia
1248 2399 1291 2469 de
1309 2395 1431 2471 Gora
1455 2399 1532 2470 sita
1558 2398 1599 2470 In
1616 2417 1686 2490 qua
1703 2404 1785 2469 sunt
1801 2396 1896 2468 lanei
1913 2415 2004 2467 cmc
2142 2483 2144 2512 Ι

450 2521 617 2611 thonolcs‚
644 2525 679 2592 et
705 2521 748 2592 de
776 2520 934 2593 omnibus
961 2520 1109 2592 solvitur
1135 2526 1172 2591 et
1197 2520 1401 2592 conducitur
1426 2520 1560 2592 decima
1586 2519 1811 2610 manipularis
1837 2525 1876 2590 et
1902 2538 2008 2590 cana·
2142 2563 2144 2566 ι

450 2642 539 2733 palis
566 2663 630 2733 pro
657 2643 868 2714 monasterio
895 2641 1207 2748 Szeezcchoviensi,
1225 2646 1263 2712 ct
1279 2642 1379 2714 valor
1395 2642 1471 2713 eius
1489 2643 1696 2714 aestimatur
1713 2641 1757 2716 od
1775 2695 1784 2711 .
1803 2695 1811 2711 .
1830 2695 1837 2710 .
1855 2623 2005 2712 mareas
2142 2629 2144 2716 ἱ

451 2763 539 2835 Item
565 2763 722 2836 taberna.
748 2762 838 2834 Item
863 2761 1050 2834 hortulani.
1078 2761 1165 2834 Item
1191 2762 1381 2852 praedium.

556 2885 692 2975 Lrnrn,
719 2884 802 2956 villa
828 2884 892 2956 snb
919 2883 1086 2974 parochia
1111 2883 1155 2954 de
1182 2880 1305 2955 Gora
1329 2885 1410 2977 sita,¹
1435 2884 1532 2956 cuins
1549 2884 1673 2956 haeres
1690 2882 1885 2955 Stanislaus
1902 2881 2008 2972 Lyp·
2142 2879 2144 2892 '

451 3005 533 3097 sky
569 3005 695 3078 nobilis
730 3005 774 3076 de
809 3003 911 3076 domo
946 3003 1187 3076 Druszina.
1227 3003 1267 3074 In
1294 3023 1363 3095 qua
1389 3010 1472 3076 suut
1496 3004 1589 3076 lanei
1615 3003 1868 3092 emethouales,
1895 3002 2005 3074 etde

452 3125 611 3198 omnibus
646 3125 794 3198 solvitur
819 3133 856 3197 et
882 3125 1086 3198 conducitur
1112 3125 1246 3197 decima
1270 3125 1497 3216 manipularis
1522 3131 1561 3196 et
1585 3124 1761 3216 eanepalit
1787 3145 1853 3215 pro
1883 3143 2006 3194 mona·
2142 3115 2144 3244 ξ

452 3248 558 3318 sterio
585 3245 896 3336 szeczeehovienst
924 3253 960 3317 et
986 3245 1084 3318 valor
1111 3247 1185 3318 eius
1205 3247 1409 3319 aestimatur
1426 3245 1494 3318 ad.
1513 3301 1521 3316 .
1540 3301 1548 3316 .
1566 3266 1711 3318 mareas.
1736 3246 1825 3318 Item
1843 3247 2006 3318 taberna

452 3367 541 3438 Item
567 3365 752 3438 hortulani.
779 3361 866 3438 Item
894 3366 1074 3462 praedium
1100 3368 1249 3458 unicum,
1276 3368 1320 3439 de
1347 3388 1416 3458 quo
1442 3367 1591 3440 soluitur
1616 3367 1750 3439 decima
1766 3366 2006 3458 manipularis.

556 3487 871 3579 smosunwrozn,
899 3488 982 3560 villa
1017 3489 1082 3560 sub
1108 3488 1274 3580 parochia
1301 3488 1344 3560 de
1371 3485 1493 3560 Gora
1519 3490 1606 3578 sita,
1628 3489 1731 3560 'cuius
1757 3489 1884 3559 haeres
1911 3487 2005 3558 Sla-

455 3629 599 3699 wyecz
631 3609 674 3681 de
710 3609 949 3702 Toppolya
984 3609 1110 3682 nobilis
1146 3609 1318 3682 dedomo
1345 3609 1556 3702 Suyarza
1595 3610 1685 3681 Item
1710 3609 1855 3682 suntin
1881 3608 2004 3680 eadem
2142 3639 2144 3706 3

453 3731 536 3802 villa
561 3729 654 3802 lanei
680 3731 920 3822 emethouales‚
948 3736 985 3802 et
1011 3731 1054 3802 de
1081 3731 1240 3803 omuibus
1265 3731 1414 3804 solvitur
1440 3737 1476 3804 et
1503 3731 1706 3815 conducitur
1732 3731 1867 3802 decima
1891 3730 2003 3800 mani-

453 3853 583 3942 pularir
611 3857 647 3926 et
660 3853 855 3944 'canapalis
882 3871 946 3944 pro
973 3853 1184 3925 monasterio
1211 3851 1525 3945 Szeczcchoriensi,
1551 3858 1587 3925 et
1612 3853 1712 3925 valor
1737 3853 1813 3923 eius
1838 3851 2003 3922 aestima-

452 3980 511 4045 tur
537 3974 581 4045 ad
600 4029 740 4044 ......
758 3993 902 4046 marcas.
929 3973 1019 4045 Item
1045 3975 1201 4046 taberna.
1227 3975 1315 4046 Item
1333 3975 1520 4047 hortulani.
1547 3975 1635 4046 Item
1652 3973 1831 4065 praedium
1850 3993 1922 4045 uon
1940 3979 2005 4043 est.

557 4094 918 4185 Sereanruowrczm
945 4095 1029 4167 villo
1054 4097 1118 4167 sub
1145 4095 1310 4186 parochia
1336 4095 1379 4167 de
1406 4093 1528 4168 Gora
1553 4097 1632 4186 sita,
1658 4097 1756 4168 cuius
1781 4093 2003 4194 hoeresSbi-

452 4239 560 4307 gneus
588 4217 902 4308 Stadniczsky
929 4216 1055 4288 nobilis
1084 4217 1255 4288 dedomo
1283 4222 1320 4289 et
1345 4215 1477 4288 familia
1502 4217 1746 4289 Druszina.
1772 4217 2002 4308 Inquasunt

453 4339 543 4410 lanei
571 4337 813 4429 emethonaleo,
840 4343 877 4408 et
903 4337 946 4408 de
973 4338 1132 4410 omnibus
1158 4339 1305 4410 soluitur
1330 4345 1367 4408 et
1392 4337 1596 4410 conducitur
1621 4337 1754 4410 decima
1775 4337 2002 4427 manipularis

453 4465 489 4530 et
515 4459 689 4550 cenapolis
716 4481 779 4550 pro
806 4460 1017 4530 monasterio
1044 4459 1355 4550 Szeczechoviensi,
1381 4467 1419 4531 et
1444 4460 1543 4532 valor
1560 4461 1636 4531 clus
1653 4461 1861 4531 aestumator
1877 4460 1923 4529 ad
1941 4513 1950 4528 .
1968 4512 2000 4527 ..

454 4600 597 4650 marcas.
637 4580 723 4650 Item
759 4580 915 4653 taberna.
956 4581 1044 4651 Item
1070 4580 1257 4651 hortulani.
1296 4581 1386 4652 Item
1411 4582 1591 4672 praedinm
1619 4588 1673 4654 est
1698 4581 1748 4652 ibi
1775 4581 1934 4670 unicum,
1960 4579 2002 4649 dc

424 4721 521 4792 ‘quo
549 4700 697 4772 solvitur
723 4700 856 4771 decime
880 4701 1106 4790 manipularis
1133 4701 1385 4791 praebendario
1410 4703 1575 4774 ccclesiae
1601 4704 1638 4774 in
1665 4699 1812 4774 Gdow.

559 4821 702 4911 Sanun,
730 4821 813 4892 villa
840 4822 904 4894 sub
931 4822 1096 4912 parcella
1123 4823 1166 4892 de
1193 4820 1415 4894 Gruszow
1441 4825 1519 4913 sita,
1546 4823 1645 4894 cuius
1670 4822 1839 4894 haeredes
1866 4821 2002 4926 Suan-

453 4943 671 5015 thoslaus
707 4941 860 5013 Kuoth
897 4947 933 5013 et
968 4942 1208 5014 Johannea
1242 4942 1369 5015 fratres
1404 4944 1447 5015 de
1474 4945 1580 5015 armis
1614 4951 1652 5015 ct
1677 4944 1809 5015 familia
1833 4943 2002 5035 Star-zy

454 5065 582 5156 kony.
610 5063 650 5134 In
677 5045 753 5155 qua¹
772 5067 853 5134 sunt
879 5063 970 5134 lanei
997 5062 1241 5154 cuiethonales,
1268 5065 1374 5136 etde
1401 5065 1559 5137 omnibus
1581 5065 1730 5137 solvitur
1746 5071 1783 5136 et
1800 5065 2003 5137 conducitur

454 5185 586 5258 deoIma
620 5184 845 5275 manipularis
881 5189 919 5255 et
953 5185 1128 5274 canapalis
1163 5205 1228 5275 pro
1255 5186 1467 5257 monasterio
1494 5184 1812 5275 SzeozcehorIensi,
1839 5193 1878 5257 et
1904 5187 2002 5258 valor

454 5307 528 5380 elus
555 5307 757 5378 aestimatur
784 5305 850 5378 ad.
870 5359 877 5375 .
896 5357 904 5376 .
923 5361 930 5376 .
949 5325 1093 5377 marcas.
1120 5305 1208 5377 Item
1235 5306 1390 5377 taberna
1416 5306 1505 5378 Item
1531 5305 1717 5378 hortulani.
1743 5307 1832 5379 Item
1859 5307 2002 5398 praedia

455 5427 523 5500 duo
559 5428 741 5519 militaria,
768 5427 936 5518 depositis
972 5427 1211 5498 emethooibus
1236 5427 1375 5500 noviter
1399 5425 1492 5499 lacta
1517 5434 1608 5517 sunt,
1635 5447 1724 5518 quae
1748 5447 1928 5518 nunquam
1953 5427 2001 5500 ili

455 5547 595 5619 luerunt
626 5555 662 5620 et
697 5549 870 5621 decimat
905 5549 1148 5639 decimamque
1182 5554 1347 5620 tenentur
1381 5549 1592 5622 monasterio
1627 5547 1932 5621 Szeemchoricuai
1966 5549 2000 5618 iu

454 5665 667 5768 pooittwam
1918 5687 1922 5692 ’
