4492 6592
511 754 588 824 Ilo

499 944 688 1031 decimam.
733 958 821 1027 Item
860 956 1095 1055 molendinum
1131 978 1201 1027 non
1237 962 1299 1027 est.
1341 956 1428 1027 Item
1447 927 1448 935 ἵ
1466 978 1584 1027 omnes
1621 958 1696 1046 agri
1733 956 1836 1027 villae
1875 956 2052 1033 solvuntet

377 1068 381 1071 ⁴
479 1159 483 1167 ,
512 1081 710 1152 conducunt
750 1079 917 1149 decimam
955 1078 1208 1169 manipularem
1246 1083 1282 1148 et
1314 1078 1530 1168 canapalem,
1557 1098 1621 1167 pro
1657 1078 1803 1149 ecclesia
1832 1077 1951 1148 Sancti
1975 1078 2052 1153 Petri

514 1190 893 1289 inSandommia,
923 1207 958 1271 et
993 1200 1089 1271 valor
1126 1200 1199 1269 eius
1237 1200 1442 1271 aestimatur
1469 1200 1512 1270 ad
1540 1205 1613 1271 tres
1643 1220 1785 1270 marcas.
1829 1199 1920 1269 Item
1947 1208 1995 1271 est
2015 1204 2053 1275 ibi

514 1326 615 1395 vinea
651 1323 874 1411 monasterii,
903 1323 946 1393 de
983 1344 1049 1411 qua
1084 1322 1333 1393 monasterium
1369 1321 1634 1392 administratur
1667 1320 1702 1392 in
1731 1322 1837 1392 rebus
1866 1320 2004 1411 diviuis,
2025 1336 2052 1397 et

514 1467 615 1516 omne
642 1446 760 1516 vinum
789 1444 860 1514 illic
888 1452 1005 1514 natum
1034 1450 1198 1513 tenentur
1226 1444 1425 1513 cmethones
1453 1443 1617 1513 iuducere
1635 1443 1678 1515 ad
1698 1442 1960 1515 monasterium.
1986 1444 2053 1516 lten

514 1566 679 1637 ducturas
706 1572 871 1636 tenentur
898 1565 1012 1635 lacere
1040 1565 1170 1655 absque
1198 1564 1263 1635 die.
1291 1564 1449 1635 OErrfirrat
1476 1564 1684 1635 cunraltcra
1703 1564 1809 1635 liam
1822 1586 1911 1655 yen
1937 1564 2053 1654 plebani

517 1695 655 1759 etcum
694 1688 800 1757 tertia
835 1686 1034 1776 Kampen
1069 1685 1192 1756 Jacobi
1227 1685 1269 1755 dc
1297 1684 1674 1776 Oonyeczpolye‘,
1702 1686 1785 1757 item
1816 1706 1896 1756 cum
1924 1686 2052 1785 praediis

518 1789 755 1880 altaristarum
784 1807 828 1879 de
856 1808 982 1878 Sancto
1018 1806 1134 1877 Petro.
1170 1802 1282 1877 Huius
1310 1800 1412 1877 villae
1441 1808 1573 1897 aliquot
1603 1813 1715 1879 sortes
1743 1806 1937 1877 Marcus
1962 1828 2054 1880 comm

515 1932 559 2003 de
596 1930 697 2001 domo
734 1928 994 2001 Grillonum
1031 1927 1128 1999 dedit
1164 1928 1392 2018 monasterio,
1420 1928 1489 2001 dux
1517 1928 1871 2001 Lestko‘Albus
1898 1928 2053 2001 duododn

476 2068 480 2071 ·
515 2058 629 2124 sortes
665 2051 842 2140 adiunxit,
870 2051 977 2122 abbas
1012 2050 1251 2122 Martinus
1288 2050 1554 2123 aFloriano
1591 2058 1626 2122 et
1653 2048 1921 2122 Voliskone
1946 2056 2052 2123 terram

516 2173 688 2265 quandam
716 2173 939 2264 comparavit,
966 2171 1034 2243 dux
1062 2171 1311 2243 Bolcslaus
1339 2172 1542 2244 Pudicus
1570 2172 1656 2243 duas
1685 2178 1799 2245 sortes
1828 2171 1978 2244 donavit

620 2296 802 2382 Lunawn,
829 2292 912 2364 villa
938 2294 1083 2365 babens·
1096 2294 1132 2364 in
1160 2316 1197 2365 se
1225 2294 1404 2367 ecclesiam
1432 2293 1677 2385 parochialem,
1697 2292 1849 2366 Sanctae
1867 2293 2053 2367 (lutherium

515 2418 676 2506 dicatam,
703 2421 739 2488 et
766 2415 810 2487 ad
839 2422 978 2506 pontem
1006 2408 1340 2508 Nycwyei·szin
1368 2437 1474 2506 supra
1492 2416 1633 2487 fluvium
1652 2416 1858 2489 Lukawa
1885 2416 1959 2507 sita,
1975 2416 2052 2489 cuius

514 2540 713 2629 proprietas
741 2544 776 2608 et
803 2536 991 2610 dominium
1018 2537 1064 2607 ad
1091 2538 1253 2613 abbatem
1282 2529 1598 2609 Wan'choczcnsem
1625 2538 1786 2628 pertinet.
1830 2537 1873 2609 ln
1901 2558 1966 2628 qua
1988 2546 2052 2609 sunt

513 2662 637 2749 viginti
665 2636 815 2750 quatuor
842 2658 945 2748 lanei,
972 2664 1008 2729 ct
1036 2658 1181 2748 quilibet
1209 2659 1312 2730 solvit
1339 2680 1401 2749 per
1420 2658 1688 2750 ,quatuordecim
1715 2680 1862 2749 grossos
1880 2678 1942 2749 pro
1959 2680 2051 2747 censu,

513 2784 597 2853 item
626 2802 685 2852 sex
714 2780 840 2851 choros
867 2779 1015 2871 siliginis
1051 2780 1224 2851 seminant
1260 2800 1322 2870 pro
1360 2780 1499 2871 hyeme,
1528 2779 1571 2851 de
1597 2801 1707 2870 grano
1735 2780 1879 2868 curiae3
1906 2780 1981 2851 item
2003 2800 2050 2851 sen

514 2924 646 2974 avenae
680 2902 785 2973 etiam
821 2901 994 2972 seminant
1029 2923 1093 2992 pro
1129 2922 1226 2991 vere,
1253 2908 1289 2972 et
1316 2901 1430 2973 omnia
1466 2901 1655 2993 disponunt
1681 2906 1717 2972 et
1743 2900 1951 2975 conducunt.
1981 2901 2049 2971 lton

516 3020 580 3114 pro
608 3044 690 3095 vere
718 3023 805 3094 duos
832 3022 907 3093 dics
934 3029 1071 3111 aratro,
1098 3022 1181 3093 item
1210 3022 1296 3094 duos
1332 3022 1414 3094 dics
1443 3022 1620 3113 arpicant,
1648 3022 1731 3094 item
1759 3044 1868 3095 unum
1897 3022 1980 3094 diem
2002 3020 2050 3093 lal-

513 3150 678 3216 castraut.
717 3144 803 3215 Item
842 3144 877 3214 in
913 3144 1099 3233 aggeribus
1137 3143 1173 3213 in
1210 3143 1406 3234 Stodoly
1441 3144 1603 3215 laborant
1629 3150 1665 3215 et
1692 3144 1824 3216 babent
1851 3142 1961 3215 locum
1984 3143 2050 3213 alias

514 3249 686 3361 paratumst),
714 3286 815 3355 quem
842 3271 1007 3354 tenentur
1034 3264 1232 3355 reformare,
1262 3264 1398 3357 quotics
1425 3264 1627 3336 destruitur.
1654 3265 1741 3337 Item
1769 3271 1929 3337 sternere
1953 3271 2048 3337 teneu-

517 3386 742 3457 tur.tlurium
769 3385 970 3457 Lulrawa
1005 3391 1040 3456 et
1075 3392 1216 3475 pontem
1252 3389 1287 3458 in
1325 3385 1654 3479 Nyewyerszin
1683 3388 1843 3459 mosth.
1880 3386 1963 3459 Item
1987 3390 2048 3457 sunt

515 3509 565 3579 ibi
593 3508 681 3578 duae
708 3508 874 3589 tabernae
900 3507 1067 3608 habentes
1103 3530 1226 3599 agros,
1255 3528 1342 3599 quae
1367 3508 1507 3580 solvunt
1534 3528 1636 3580 unam
1664 3528 1816 3580 marcam
1846 3515 1883 3579 et
1909 3508 2047 3579 decimam

516 3630 665 3720 plebano
702 3630 737 3699 in
765 3630 972 3701 Lukawa.
1008 3630 1095 3702 Item
1133 3631 1375 3703 tabernatores
1403 3637 1569 3703 tenentur
1596 3631 1801 3703 falcastrarc
1830 3636 1980 3723 pratum,
2002 3630 2047 3700 sed

515 3751 658 3823 cuilibet
693 3738 858 3823 tenentur
892 3751 977 3823 dare
1006 3772 1108 3823 unam
1137 3752 1180 3824 de
1206 3753 1304 3825 curia
1331 3774 1540 3844 sexagenum
1562 3752 1733 3857 'siliginis
1760 3760 1797 3825 et
1825 3752 1930 3825 aliam
1954 3750 2045 3823 tritici.

516 3875 604 3944 Item
632 3877 711 3963 post
738 3895 857 3944 omnes
885 3894 988 3963 agros
1016 3873 1234 3945 cmetlronum
1262 3874 1364 3945 datur
1391 3874 1524 3946 decima
1552 3875 1777 3965 manipularis
1804 3875 2008 3947 monasterio
2020 3874 2046 3941 in

391 4010 395 4019 ¹
516 3994 624 4065 Wan
637 3994 882 4083 choczsko,
908 3995 1007 4066 cuins
1033 3994 1132 4066 valor
1159 3995 1363 4066 aestimatur
1389 3996 1434 4067 ad
1461 3996 1587 4087 viginti
1615 4016 1758 4069 mareas.
1793 3996 1884 4069 Item
1912 4016 1966 4067 sex
1988 3994 2045 4065 im·

511 4122 634 4187 'cturas
660 4116 793 4205 canapi.
828 4116 915 4186 Item
944 4136 1007 4205 pro
1034 4138 1172 4211 oasayep
1200 4116 1326 4187 dantur
1353 4117 1426 4205 regi
1455 4124 1605 4208 quatuor
1633 4118 1728 4189 chori
1757 4118 1907 4209 siliginis
1932 4124 1965 4187 ct
1986 4118 2045 4186 octo

419 4307 423 4315 .
516 4238 626 4313 tritIci
653 4258 836 4308 mensurae
872 4236 1056 4308 confertae.
1093 4237 1180 4309 Item
1209 4238 1315 4310 habet
1342 4238 1391 4311 ibi
1418 4238 1586 4329 plebanus
1613 4245 1686 4311 tres
1714 4240 1834 4312 laneos
1864 4240 1998 4327 liberos,
2018 4242 2045 4305 et

515 4358 584 4430 duo
612 4364 723 4448 prata.
751 4358 838 4429 Item
864 4358 950 4429 dant
977 4359 1177 4431 emetbones
1205 4360 1351 4449 plebano
1379 4366 1452 4432 tres
1480 4361 1604 4432 choros
1631 4360 1779 4451 siliginis
1797 4368 1834 4433 et
1853 4369 1924 4433 tros
1940 4378 2043 4432 arenae

517 4479 682 4570 aequalis.
710 4480 797 4550 Item
825 4463 932 4550 habet
959 4479 1126 4569 plebanus
1153 4502 1258 4553 unam
1285 4480 1465 4553 tabernam
1494 4482 1680 4554 habentem
1708 4503 1822 4573 agros,
1852 4504 1936 4583 quae
1964 4478 2043 4575 soluit

517 4622 618 4672 unam
648 4622 864 4691 sexagenum,
891 4608 927 4673 et
955 4602 1123 4695 decimam
1152 4602 1212 4674 dat
1239 4603 1385 4693 plebano
1422 4602 1465 4675 de
1493 4605 1565 4675 suis
1592 4604 1695 4695 agris.
1732 4604 1819 4677 Item
1848 4612 1902 4677 est
1926 4603 2042 4676 ibium

381 4744 386 4747 ·
516 4722 717 4794 hortularia
743 4723 891 4813 plebani,
918 4725 1050 4796 habens
1077 4746 1191 4815 agros,
1218 4746 1305 4815 quae
1332 4725 1418 4797 nihil
1446 4724 1559 4815 solvit,
1587 4726 1649 4798 sed
1676 4708 1780 4799 uuum
1800 4726 1892 4799 diem
1910 4724 2042 4817 pedestm

516 4846 663 4935 laborat,
690 4851 726 4917 et
752 4844 920 4917 decimam
945 4846 1049 4919 solvit
1076 4846 1233 4937 plebano.
1260 4847 1348 4919 Item
1376 4846 1542 4919 ducturas
1570 4870 1639 4921 uon
1665 4849 1806 4941 faciunt,
1825 4850 1932 4923 solum
1949 4848 2041 4918 nuum

520 4968 652 5040 ducunt
680 4990 722 5039 ex
750 4967 951 5058 Kamyen
986 4949 1021 5039 id
1047 4954 1269 5060 Lysszom.
1311 4967 1471 5043 &afluat
1497 4990 1574 5069 cum
1601 4970 1709 5043 villis:
1736 4970 1967 5057 Wilczice‚
1988 4965 2040 5037 So·

514 5090 699 5181 botbka,
730 5087 934 5179 Garbow,
962 5087 1441 5182 Golkouicze,Oczin,
1460 5090 1711 5185 Radostky,
1730 5093 1859 5185 ubique
1877 5087 2000 5189 uyoady.

619 5212 902 5303 Sammonicus,
933 5210 1017 5282 villa
1043 5212 1107 5283 sub
1135 5212 1302 5303 parocbia
1328 5211 1372 5284 de
1557 5213 1641 5303 sita,
1679 5216 1776 5287 cuius
1805 5214 1985 5306 proprietas
2006 5206 2038 5277 td

516 5334 764 5409 monasterium
791 5334 827 5404 in
846 5332 1203 5407 Wancboczsko·
1222 5334 1390 5425 pertinet,
1419 5334 1515 5406 cuius
1539 5334 1733 5426 portionem
1761 5328 2037 5428 Swyanczalr

516 5454 660 5526 donavit
686 5456 910 5557 monasterio,
937 5456 1039 5527 aliam
1067 5456 1261 5547 portionem
1288 5454 1451 5529 Gusma
1477 5455 1587 5529 frater
1614 5458 1870 5533 suus'vendiuit
1896 5456 2036 5528 monasta-

515 5577 584 5664 rio,
610 5576 784 5648 residuam
811 5598 895 5649 vero
923 5577 1091 5650 Petrus
1118 5577 1210 5649 filius
1237 5577 1469 5651 Iohannis
1496 5593 1560 5670 pro
1579 5579 1693 5651 aalma
1719 5579 1838 5652 fratris
1856 5580 1906 5653 sui
1930 5576 2035 5661 Prry·

517 5696 663 5768 bislai
699 5699 908 5770 monasterio
944 5700 1101 5772 contulit.
1142 5700 1181 5771 In
1199 5688 1279 5791 'qua
1314 5706 1395 5772 sunt
1431 5700 1523 5772 lanei
1561 5700 1817 5793 cmcthouales,
1851 5708 1886 5775 et
1918 5693 2034 5791 quilibet
