<?xml version="1.0" encoding="UTF-8"?>
<!DOCTYPE html PUBLIC "-//W3C//DTD XHTML 1.0 Transitional//EN"
    "http://www.w3.org/TR/xhtml1/DTD/xhtml1-transitional.dtd">
<html xmlns="http://www.w3.org/1999/xhtml" xml:lang="en" lang="en">
 <head>
  <title>
</title>
<meta http-equiv="Content-Type" content="text/html;charset=utf-8" />
  <meta name='ocr-system' content='tesseract 3.04.00' />
  <meta name='ocr-capabilities' content='ocr_page ocr_carea ocr_par ocr_line ocrx_word'/>
</head>
<body>
  <div class='ocr_page' id='page_1' title='image "./operaomnia00paulgoog_0312.png"; bbox 0 0 4492 6592; ppageno 0'>
   <div class='ocr_carea' id='block_1_1' title="bbox 1659 816 1732 887">
    <p class='ocr_par' dir='ltr' id='par_1_1' title="bbox 1659 816 1732 887">
     <span class='ocr_line' id='line_1_1' title="bbox 1659 816 1732 887; baseline 0 -1"><span class='ocrx_word' id='word_1_1' title='bbox 1659 816 1732 887; x_wconf 78' lang='lat'>287</span> 
     </span>
    </p>
   </div>
   <div class='ocr_carea' id='block_1_2' title="bbox 114 1021 1832 2324">
    <p class='ocr_par' dir='ltr' id='par_1_2' title="bbox 114 1021 1832 2324">
     <span class='ocr_line' id='line_1_2' title="bbox 145 1021 1738 1122; baseline 0 -26"><span class='ocrx_word' id='word_1_2' title='bbox 145 1045 210 1122; x_wconf 29' lang='lat' dir='ltr'>,se</span> <span class='ocrx_word' id='word_1_3' title='bbox 235 1023 378 1094; x_wconf 88' lang='lat' dir='ltr'>tollunt.</span> <span class='ocrx_word' id='word_1_4' title='bbox 404 1024 491 1095; x_wconf 84' lang='lat' dir='ltr'><strong>Item</strong></span> <span class='ocrx_word' id='word_1_5' title='bbox 519 1023 609 1095; x_wconf 87' lang='lat' dir='ltr'>lanei</span> <span class='ocrx_word' id='word_1_6' title='bbox 636 1027 707 1094; x_wconf 88' lang='lat' dir='ltr'>tam</span> <span class='ocrx_word' id='word_1_7' title='bbox 736 1023 964 1112; x_wconf 85' lang='lat' dir='ltr'>amathonum,</span> <span class='ocrx_word' id='word_1_8' title='bbox 995 1021 1271 1114; x_wconf 87' lang='lat' dir='ltr'>tabernatornm,</span> <span class='ocrx_word' id='word_1_9' title='bbox 1306 1031 1342 1095; x_wconf 86' lang='lat' dir='ltr'>et</span> <span class='ocrx_word' id='word_1_10' title='bbox 1376 1023 1639 1096; x_wconf 86' lang='lat' dir='ltr'>hortulanorum</span> <span class='ocrx_word' id='word_1_11' title='bbox 1671 1025 1738 1096; x_wconf 87' lang='lat' dir='ltr'>sol-</span> 
     </span>
     <span class='ocr_line' id='line_1_3' title="bbox 174 1132 1736 1237; baseline 0.001 -23"><span class='ocrx_word' id='word_1_12' title='bbox 174 1151 259 1216; x_wconf 86' lang='lat' dir='ltr'>uunt</span> <span class='ocrx_word' id='word_1_13' title='bbox 286 1144 458 1215; x_wconf 84' lang='lat' dir='ltr'><strong>decimam</strong></span> <span class='ocrx_word' id='word_1_14' title='bbox 486 1145 744 1234; x_wconf 83' lang='lat' dir='ltr'>manipularem,</span> <span class='ocrx_word' id='word_1_15' title='bbox 772 1151 808 1214; x_wconf 89' lang='lat' dir='ltr'>et</span> <span class='ocrx_word' id='word_1_16' title='bbox 834 1165 896 1234; x_wconf 90' lang='lat' dir='ltr'>per</span> <span class='ocrx_word' id='word_1_17' title='bbox 925 1132 1074 1234; x_wconf 86' lang='lat' dir='ltr'>quatuor</span> <span class='ocrx_word' id='word_1_18' title='bbox 1101 1145 1240 1234; x_wconf 87' lang='lat' dir='ltr'>ierugas</span> <span class='ocrx_word' id='word_1_19' title='bbox 1261 1145 1478 1237; x_wconf 84' lang='lat' dir='ltr'>canapalem,</span> <span class='ocrx_word' id='word_1_20' title='bbox 1497 1145 1600 1216; x_wconf 80' lang='lat' dir='ltr'>altari</span> <span class='ocrx_word' id='word_1_21' title='bbox 1619 1145 1736 1217; x_wconf 79' lang='lat' dir='ltr'><strong>Sancti</strong></span> 
     </span>
     <span class='ocr_line' id='line_1_4' title="bbox 174 1264 1734 1356; baseline 0.001 -20"><span class='ocrx_word' id='word_1_22' title='bbox 174 1264 350 1336; x_wconf 86' lang='lat' dir='ltr'>Johanois</span> <span class='ocrx_word' id='word_1_23' title='bbox 378 1265 538 1355; x_wconf 86' lang='lat' dir='ltr'>Apostoli</span> <span class='ocrx_word' id='word_1_24' title='bbox 564 1273 601 1337; x_wconf 86' lang='lat' dir='ltr'>et</span> <span class='ocrx_word' id='word_1_25' title='bbox 627 1265 875 1356; x_wconf 84' lang='lat' dir='ltr'>Evangelistae</span> <span class='ocrx_word' id='word_1_26' title='bbox 902 1267 937 1336; x_wconf 93' lang='lat' dir='ltr'>in</span> <span class='ocrx_word' id='word_1_27' title='bbox 965 1265 1122 1337; x_wconf 82' lang='lat' dir='ltr'>Ecclesia</span> <span class='ocrx_word' id='word_1_28' title='bbox 1150 1266 1381 1354; x_wconf 82' lang='lat' dir='ltr'>Cracoviensi,</span> <span class='ocrx_word' id='word_1_29' title='bbox 1409 1273 1443 1336; x_wconf 86' lang='lat' dir='ltr'>et</span> <span class='ocrx_word' id='word_1_30' title='bbox 1469 1264 1642 1338; x_wconf 86' lang='lat' dir='ltr'>inducunt</span> <span class='ocrx_word' id='word_1_31' title='bbox 1660 1289 1734 1338; x_wconf 90' lang='lat' dir='ltr'>earn</span> 
     </span>
     <span class='ocr_line' id='line_1_5' title="bbox 173 1384 1735 1474; baseline 0.001 -20"><span class='ocrx_word' id='word_1_32' title='bbox 173 1385 327 1474; x_wconf 92' lang='lat' dir='ltr'>propriis</span> <span class='ocrx_word' id='word_1_33' title='bbox 357 1385 516 1456; x_wconf 87' lang='lat' dir='ltr'>curribus</span> <span class='ocrx_word' id='word_1_34' title='bbox 545 1385 579 1456; x_wconf 89' lang='lat' dir='ltr'>in</span> <span class='ocrx_word' id='word_1_35' title='bbox 607 1385 769 1456; x_wconf 85' lang='lat' dir='ltr'>horreum</span> <span class='ocrx_word' id='word_1_36' title='bbox 798 1387 841 1456; x_wconf 91' lang='lat' dir='ltr'>ab</span> <span class='ocrx_word' id='word_1_37' title='bbox 870 1385 1031 1456; x_wconf 89' lang='lat' dir='ltr'>altarista</span> <span class='ocrx_word' id='word_1_38' title='bbox 1057 1384 1250 1473; x_wconf 89' lang='lat' dir='ltr'>locandum,</span> <span class='ocrx_word' id='word_1_39' title='bbox 1278 1391 1315 1456; x_wconf 88' lang='lat' dir='ltr'>et</span> <span class='ocrx_word' id='word_1_40' title='bbox 1343 1385 1440 1456; x_wconf 87' lang='lat' dir='ltr'>valor</span> <span class='ocrx_word' id='word_1_41' title='bbox 1467 1386 1543 1456; x_wconf 90' lang='lat' dir='ltr'>eius</span> <span class='ocrx_word' id='word_1_42' title='bbox 1575 1386 1735 1456; x_wconf 83' lang='lat' dir='ltr'>aestima-</span> 
     </span>
     <span class='ocr_line' id='line_1_6' title="bbox 173 1497 1735 1595; baseline 0.002 -19"><span class='ocrx_word' id='word_1_43' title='bbox 173 1513 229 1576; x_wconf 89' lang='lat' dir='ltr'>tur</span> <span class='ocrx_word' id='word_1_44' title='bbox 256 1504 300 1575; x_wconf 87' lang='lat' dir='ltr'>ad</span> <span class='ocrx_word' id='word_1_45' title='bbox 331 1505 481 1576; x_wconf 79' lang='lat' dir='ltr'>sedecim</span> <span class='ocrx_word' id='word_1_46' title='bbox 509 1526 651 1577; x_wconf 88' lang='lat' dir='ltr'>marcas.</span> <span class='ocrx_word' id='word_1_47' title='bbox 679 1506 766 1577; x_wconf 83' lang='lat' dir='ltr'>Item</span> <span class='ocrx_word' id='word_1_48' title='bbox 797 1497 878 1576; x_wconf 91' lang='lat' dir='ltr'>villa</span> <span class='ocrx_word' id='word_1_49' title='bbox 906 1504 1061 1594; x_wconf 89' lang='lat' dir='ltr'>praelata</span> <span class='ocrx_word' id='word_1_50' title='bbox 1088 1507 1238 1576; x_wconf 77' lang='lat' dir='ltr'>continet</span> <span class='ocrx_word' id='word_1_51' title='bbox 1266 1527 1341 1576; x_wconf 90' lang='lat' dir='ltr'>cum</span> <span class='ocrx_word' id='word_1_52' title='bbox 1361 1506 1453 1576; x_wconf 87' lang='lat' dir='ltr'>villis</span> <span class='ocrx_word' id='word_1_53' title='bbox 1472 1506 1735 1595; x_wconf 86' lang='lat' dir='ltr'>Bodzanou,</span> 
     </span>
     <span class='ocr_line' id='line_1_7' title="bbox 174 1624 1127 1718; baseline -0.001 -23"><span class='ocrx_word' id='word_1_54' title='bbox 174 1624 452 1713; x_wconf 88' lang='lat' dir='ltr'>Othmanou,</span> <span class='ocrx_word' id='word_1_55' title='bbox 480 1625 829 1716; x_wconf 81' lang='lat' dir='ltr'>Zakrzowyecz,</span> <span class='ocrx_word' id='word_1_56' title='bbox 850 1625 1127 1718; x_wconf 23' lang='lat' dir='ltr'>‘Podlansze</span> 
     </span>
     <span class='ocr_line' id='line_1_8' title="bbox 114 1733 1734 1836; baseline 0.002 -22"><span class='ocrx_word' id='word_1_57' title='bbox 114 1733 118 1738; x_wconf 69' lang='grc'><strong>’</strong></span> <span class='ocrx_word' id='word_1_58' title='bbox 280 1745 579 1836; x_wconf 82' lang='lat' dir='ltr'>Znnaaowuacz,</span> <span class='ocrx_word' id='word_1_59' title='bbox 607 1747 690 1816; x_wconf 91' lang='lat' dir='ltr'>villa</span> <span class='ocrx_word' id='word_1_60' title='bbox 716 1747 780 1817; x_wconf 90' lang='lat' dir='ltr'>sub</span> <span class='ocrx_word' id='word_1_61' title='bbox 808 1745 973 1836; x_wconf 86' lang='lat' dir='ltr'>parochia</span> <span class='ocrx_word' id='word_1_62' title='bbox 1000 1746 1165 1818; x_wconf 89' lang='lat' dir='ltr'>ecclesiae</span> <span class='ocrx_word' id='word_1_63' title='bbox 1193 1745 1237 1817; x_wconf 92' lang='lat' dir='ltr'>de</span> <span class='ocrx_word' id='word_1_64' title='bbox 1263 1746 1514 1817; x_wconf 86' lang='lat' dir='ltr'>Bodzanow</span> <span class='ocrx_word' id='word_1_65' title='bbox 1541 1747 1618 1834; x_wconf 87' lang='lat' dir='ltr'>sita,</span> <span class='ocrx_word' id='word_1_66' title='bbox 1637 1747 1734 1818; x_wconf 90' lang='lat' dir='ltr'>cuius</span> 
     </span>
     <span class='ocr_line' id='line_1_9' title="bbox 175 1865 1735 1959; baseline 0.001 -23"><span class='ocrx_word' id='word_1_67' title='bbox 175 1865 374 1957; x_wconf 81' lang='lat' dir='ltr'>proprietas</span> <span class='ocrx_word' id='word_1_68' title='bbox 391 1872 436 1950; x_wconf 70' lang='lat' dir='ltr'>‚et</span> <span class='ocrx_word' id='word_1_69' title='bbox 464 1867 652 1938; x_wconf 90' lang='lat' dir='ltr'>dominium</span> <span class='ocrx_word' id='word_1_70' title='bbox 681 1867 725 1938; x_wconf 93' lang='lat' dir='ltr'>ad</span> <span class='ocrx_word' id='word_1_71' title='bbox 752 1865 999 1938; x_wconf 90' lang='lat' dir='ltr'>monasterium</span> <span class='ocrx_word' id='word_1_72' title='bbox 1019 1867 1329 1938; x_wconf 81' lang='lat' dir='ltr'>sanctimonialium</span> <span class='ocrx_word' id='word_1_73' title='bbox 1350 1867 1384 1937; x_wconf 93' lang='lat' dir='ltr'>in</span> <span class='ocrx_word' id='word_1_74' title='bbox 1404 1867 1548 1938; x_wconf 89' lang='lat' dir='ltr'>Sthan</span> <span class='ocrx_word' id='word_1_75' title='bbox 1559 1869 1701 1958; x_wconf 85' lang='lat' dir='ltr'>yathk</span> <span class='ocrx_word' id='word_1_76' title='bbox 1712 1893 1735 1959; x_wconf 81' lang='lat' dir='ltr'><strong>y</strong></span> 
     </span>
     <span class='ocr_line' id='line_1_10' title="bbox 176 1967 1832 2078; baseline 0.001 -20"><span class='ocrx_word' id='word_1_77' title='bbox 176 1989 337 2076; x_wconf 88' lang='lat' dir='ltr'>pertinet.</span> <span class='ocrx_word' id='word_1_78' title='bbox 366 1987 502 2076; x_wconf 84' lang='lat' dir='ltr'>Inque</span> <span class='ocrx_word' id='word_1_79' title='bbox 529 1997 610 2058; x_wconf 78' lang='lat' dir='ltr'>stunt</span> <span class='ocrx_word' id='word_1_80' title='bbox 638 1989 787 2078; x_wconf 86' lang='lat' dir='ltr'>quinque</span> <span class='ocrx_word' id='word_1_81' title='bbox 815 1987 904 2058; x_wconf 90' lang='lat' dir='ltr'>lanei</span> <span class='ocrx_word' id='word_1_82' title='bbox 924 1988 1166 2075; x_wconf 74' lang='lat' dir='ltr'>ornethonaleS,</span> <span class='ocrx_word' id='word_1_83' title='bbox 1187 1987 1230 2059; x_wconf 90' lang='lat' dir='ltr'>dc</span> <span class='ocrx_word' id='word_1_84' title='bbox 1249 2009 1395 2078; x_wconf 91' lang='lat' dir='ltr'>quorum</span> <span class='ocrx_word' id='word_1_85' title='bbox 1415 1988 1570 2078; x_wconf 89' lang='lat' dir='ltr'>quolibet</span> <span class='ocrx_word' id='word_1_86' title='bbox 1588 1989 1735 2060; x_wconf 83' lang='lat' dir='ltr'>solvitur</span> <span class='ocrx_word' id='word_1_87' title='bbox 1809 1967 1832 2060; x_wconf 54' lang='grc'>’,</span> 
     </span>
     <span class='ocr_line' id='line_1_11' title="bbox 177 2109 1736 2200; baseline 0.001 -21"><span class='ocrx_word' id='word_1_88' title='bbox 177 2129 237 2198; x_wconf 90' lang='lat' dir='ltr'>pro</span> <span class='ocrx_word' id='word_1_89' title='bbox 265 2129 373 2179; x_wconf 90' lang='lat' dir='ltr'>censu</span> <span class='ocrx_word' id='word_1_90' title='bbox 401 2130 515 2180; x_wconf 92' lang='lat' dir='ltr'>annuo</span> <span class='ocrx_word' id='word_1_91' title='bbox 544 2109 801 2199; x_wconf 88' lang='lat' dir='ltr'>quatuordecim</span> <span class='ocrx_word' id='word_1_92' title='bbox 831 2114 970 2197; x_wconf 89' lang='lat' dir='ltr'>scottos,</span> <span class='ocrx_word' id='word_1_93' title='bbox 1000 2109 1081 2181; x_wconf 92' lang='lat' dir='ltr'>item</span> <span class='ocrx_word' id='word_1_94' title='bbox 1110 2109 1196 2179; x_wconf 90' lang='lat' dir='ltr'>duos</span> <span class='ocrx_word' id='word_1_95' title='bbox 1224 2130 1382 2198; x_wconf 89' lang='lat' dir='ltr'>capones,</span> <span class='ocrx_word' id='word_1_96' title='bbox 1412 2109 1494 2178; x_wconf 86' lang='lat' dir='ltr'>item</span> <span class='ocrx_word' id='word_1_97' title='bbox 1515 2109 1639 2199; x_wconf 83' lang='lat' dir='ltr'>viginti</span> <span class='ocrx_word' id='word_1_98' title='bbox 1661 2132 1736 2200; x_wconf 88' lang='lat' dir='ltr'>ova,</span> 
     </span>
     <span class='ocr_line' id='line_1_12' title="bbox 176 2227 1736 2324; baseline 0.003 -26"><span class='ocrx_word' id='word_1_99' title='bbox 176 2229 257 2300; x_wconf 84' lang='lat' dir='ltr'>item</span> <span class='ocrx_word' id='word_1_100' title='bbox 287 2229 377 2300; x_wconf 91' lang='lat' dir='ltr'>duos</span> <span class='ocrx_word' id='word_1_101' title='bbox 414 2251 551 2317; x_wconf 88' lang='lat' dir='ltr'>caseos,</span> <span class='ocrx_word' id='word_1_102' title='bbox 579 2230 662 2300; x_wconf 93' lang='lat' dir='ltr'>item</span> <span class='ocrx_word' id='word_1_103' title='bbox 690 2251 753 2319; x_wconf 92' lang='lat' dir='ltr'>pro</span> <span class='ocrx_word' id='word_1_104' title='bbox 777 2227 952 2324; x_wconf 72' lang='lat' dir='ltr'>irapoclomc</span> <span class='ocrx_word' id='word_1_105' title='bbox 980 2229 1129 2302; x_wconf 89' lang='lat' dir='ltr'>medium</span> <span class='ocrx_word' id='word_1_106' title='bbox 1156 2250 1317 2320; x_wconf 78' lang='lat' dir='ltr'>grossum</span> <span class='ocrx_word' id='word_1_107' title='bbox 1345 2230 1389 2300; x_wconf 91' lang='lat' dir='ltr'>de</span> <span class='ocrx_word' id='word_1_108' title='bbox 1415 2230 1532 2318; x_wconf 92' lang='lat' dir='ltr'>laneo,</span> <span class='ocrx_word' id='word_1_109' title='bbox 1561 2230 1644 2300; x_wconf 89' lang='lat' dir='ltr'>item</span> <span class='ocrx_word' id='word_1_110' title='bbox 1671 2252 1736 2320; x_wconf 90' lang='lat' dir='ltr'>pro</span> 
     </span>
    </p>
   </div>
   <div class='ocr_carea' id='block_1_3' title="bbox 178 2350 1847 2444">
    <p class='ocr_par' dir='ltr' id='par_1_3' title="bbox 178 2350 1847 2444">
     <span class='ocr_line' id='line_1_13' title="bbox 178 2350 1847 2444; baseline 0.004 -24"><span class='ocrx_word' id='word_1_111' title='bbox 178 2372 338 2444; x_wconf 76' lang='lat' dir='ltr'>opacum-e</span> <span class='ocrx_word' id='word_1_112' title='bbox 366 2350 471 2421; x_wconf 90' lang='lat' dir='ltr'>etiam</span> <span class='ocrx_word' id='word_1_113' title='bbox 499 2351 647 2422; x_wconf 88' lang='lat' dir='ltr'>medium</span> <span class='ocrx_word' id='word_1_114' title='bbox 675 2372 842 2442; x_wconf 81' lang='lat' dir='ltr'>grossum.</span> <span class='ocrx_word' id='word_1_115' title='bbox 870 2351 1132 2440; x_wconf 84' lang='lat' dir='ltr'>Itemqnilibet</span> <span class='ocrx_word' id='word_1_116' title='bbox 1161 2352 1297 2421; x_wconf 89' lang='lat' dir='ltr'>cmctho</span> <span class='ocrx_word' id='word_1_117' title='bbox 1326 2356 1466 2422; x_wconf 89' lang='lat' dir='ltr'>tenetur</span> <span class='ocrx_word' id='word_1_118' title='bbox 1494 2352 1629 2424; x_wconf 85' lang='lat' dir='ltr'>solvere</span> <span class='ocrx_word' id='word_1_119' title='bbox 1649 2353 1735 2426; x_wconf 91' lang='lat' dir='ltr'>duos</span> <span class='ocrx_word' id='word_1_120' title='bbox 1844 2419 1847 2427; x_wconf 92' lang='lat'>.</span> 
     </span>
    </p>
   </div>
   <div class='ocr_carea' id='block_1_4' title="bbox 141 2469 1851 5830">
    <p class='ocr_par' dir='ltr' id='par_1_4' title="bbox 141 2469 1851 4620">
     <span class='ocr_line' id='line_1_14' title="bbox 179 2469 1731 2562; baseline 0.003 -20"><span class='ocrx_word' id='word_1_121' title='bbox 179 2492 274 2542; x_wconf 88' lang='lat' dir='ltr'>coros</span> <span class='ocrx_word' id='word_1_122' title='bbox 303 2492 444 2562; x_wconf 89' lang='lat' dir='ltr'>avenae,</span> <span class='ocrx_word' id='word_1_123' title='bbox 474 2469 712 2544; x_wconf 77' lang='lat' dir='ltr'>Cracoviensis</span> <span class='ocrx_word' id='word_1_124' title='bbox 731 2493 911 2544; x_wconf 89' lang='lat' dir='ltr'>mensurae</span> <span class='ocrx_word' id='word_1_125' title='bbox 931 2471 1114 2543; x_wconf 89' lang='lat' dir='ltr'>consertae.</span> <span class='ocrx_word' id='word_1_126' title='bbox 1143 2471 1229 2543; x_wconf 91' lang='lat' dir='ltr'>Item</span> <span class='ocrx_word' id='word_1_127' title='bbox 1249 2472 1395 2562; x_wconf 88' lang='lat' dir='ltr'>quilibet</span> <span class='ocrx_word' id='word_1_128' title='bbox 1414 2472 1551 2544; x_wconf 86' lang='lat' dir='ltr'>ametho</span> <span class='ocrx_word' id='word_1_129' title='bbox 1571 2472 1613 2544; x_wconf 90' lang='lat' dir='ltr'>de</span> <span class='ocrx_word' id='word_1_130' title='bbox 1631 2474 1731 2546; x_wconf 89' lang='lat' dir='ltr'>laneo</span> 
     </span>
     <span class='ocr_line' id='line_1_15' title="bbox 178 2591 1736 2683; baseline 0.003 -21"><span class='ocrx_word' id='word_1_131' title='bbox 178 2591 310 2662; x_wconf 86' lang='lat' dir='ltr'>alesta</span> <span class='ocrx_word' id='word_1_132' title='bbox 341 2593 460 2664; x_wconf 79' lang='lat' dir='ltr'>Sancti</span> <span class='ocrx_word' id='word_1_133' title='bbox 488 2593 678 2682; x_wconf 66' lang='lat' dir='ltr'>Michaelis</span> <span class='ocrx_word' id='word_1_134' title='bbox 707 2614 814 2683; x_wconf 90' lang='lat' dir='ltr'>usque</span> <span class='ocrx_word' id='word_1_135' title='bbox 841 2593 885 2664; x_wconf 90' lang='lat' dir='ltr'>ad</span> <span class='ocrx_word' id='word_1_136' title='bbox 912 2593 1038 2663; x_wconf 82' lang='lat' dir='ltr'>festum</span> <span class='ocrx_word' id='word_1_137' title='bbox 1065 2593 1184 2664; x_wconf 87' lang='lat' dir='ltr'>Sancti</span> <span class='ocrx_word' id='word_1_138' title='bbox 1211 2593 1391 2682; x_wconf 80' lang='lat' dir='ltr'>Iohannis,</span> <span class='ocrx_word' id='word_1_139' title='bbox 1409 2598 1551 2664; x_wconf 86' lang='lat' dir='ltr'>tenetur</span> <span class='ocrx_word' id='word_1_140' title='bbox 1570 2601 1642 2673; x_wconf 81' lang='lat' dir='ltr'>tres</span> <span class='ocrx_word' id='word_1_141' title='bbox 1662 2595 1736 2667; x_wconf 87' lang='lat' dir='ltr'>dies</span> 
     </span>
     <span class='ocr_line' id='line_1_16' title="bbox 180 2713 1736 2804; baseline 0.003 -21"><span class='ocrx_word' id='word_1_142' title='bbox 180 2713 338 2785; x_wconf 87' lang='lat' dir='ltr'>laborare</span> <span class='ocrx_word' id='word_1_143' title='bbox 366 2719 484 2784; x_wconf 87' lang='lat' dir='ltr'>aratro</span> <span class='ocrx_word' id='word_1_144' title='bbox 511 2713 654 2804; x_wconf 89' lang='lat' dir='ltr'>proprio</span> <span class='ocrx_word' id='word_1_145' title='bbox 682 2720 742 2785; x_wconf 87' lang='lat' dir='ltr'>ant</span> <span class='ocrx_word' id='word_1_146' title='bbox 769 2736 882 2803; x_wconf 89' lang='lat' dir='ltr'>curru,</span> <span class='ocrx_word' id='word_1_147' title='bbox 911 2737 932 2784; x_wconf 86' lang='lat' dir='ltr'>a</span> <span class='ocrx_word' id='word_1_148' title='bbox 958 2714 1047 2784; x_wconf 86' lang='lat' dir='ltr'>festo</span> <span class='ocrx_word' id='word_1_149' title='bbox 1075 2720 1189 2786; x_wconf 85' lang='lat' dir='ltr'>autem</span> <span class='ocrx_word' id='word_1_150' title='bbox 1209 2715 1325 2787; x_wconf 86' lang='lat' dir='ltr'>Sancti</span> <span class='ocrx_word' id='word_1_151' title='bbox 1344 2713 1525 2804; x_wconf 81' lang='lat' dir='ltr'>Johannis,</span> <span class='ocrx_word' id='word_1_152' title='bbox 1545 2715 1589 2786; x_wconf 92' lang='lat' dir='ltr'>ad</span> <span class='ocrx_word' id='word_1_153' title='bbox 1608 2716 1736 2787; x_wconf 88' lang='lat' dir='ltr'>festum</span> 
     </span>
     <span class='ocr_line' id='line_1_17' title="bbox 180 2833 1734 2928; baseline 0.004 -24"><span class='ocrx_word' id='word_1_154' title='bbox 180 2833 293 2906; x_wconf 86' lang='lat' dir='ltr'>Sancti</span> <span class='ocrx_word' id='word_1_155' title='bbox 323 2835 516 2924; x_wconf 81' lang='lat' dir='ltr'>Michaelis,</span> <span class='ocrx_word' id='word_1_156' title='bbox 545 2837 699 2925; x_wconf 89' lang='lat' dir='ltr'>quolibet</span> <span class='ocrx_word' id='word_1_157' title='bbox 726 2835 781 2908; x_wconf 90' lang='lat' dir='ltr'>die</span> <span class='ocrx_word' id='word_1_158' title='bbox 809 2841 947 2925; x_wconf 89' lang='lat' dir='ltr'>praeter</span> <span class='ocrx_word' id='word_1_159' title='bbox 975 2835 1064 2906; x_wconf 89' lang='lat' dir='ltr'>diem</span> <span class='ocrx_word' id='word_1_160' title='bbox 1093 2836 1237 2907; x_wconf 83' lang='lat' dir='ltr'>Sabbati</span> <span class='ocrx_word' id='word_1_161' title='bbox 1264 2842 1405 2907; x_wconf 91' lang='lat' dir='ltr'>tenetur</span> <span class='ocrx_word' id='word_1_162' title='bbox 1424 2836 1593 2926; x_wconf 85' lang='lat' dir='ltr'>laborare,</span> <span class='ocrx_word' id='word_1_163' title='bbox 1612 2838 1647 2907; x_wconf 94' lang='lat' dir='ltr'>in</span> <span class='ocrx_word' id='word_1_164' title='bbox 1666 2860 1734 2928; x_wconf 89' lang='lat' dir='ltr'>quo</span> 
     </span>
     <span class='ocr_line' id='line_1_18' title="bbox 180 2954 1734 3048; baseline 0.003 -24"><span class='ocrx_word' id='word_1_165' title='bbox 180 2965 289 3026; x_wconf 86' lang='lat' dir='ltr'>tamen</span> <span class='ocrx_word' id='word_1_166' title='bbox 319 2977 409 3027; x_wconf 89' lang='lat' dir='ltr'>nnus</span> <span class='ocrx_word' id='word_1_167' title='bbox 436 2957 538 3028; x_wconf 92' lang='lat' dir='ltr'>homo</span> <span class='ocrx_word' id='word_1_168' title='bbox 566 2954 609 3028; x_wconf 90' lang='lat' dir='ltr'>dc</span> <span class='ocrx_word' id='word_1_169' title='bbox 637 2957 746 3046; x_wconf 88' lang='lat' dir='ltr'>laneo,</span> <span class='ocrx_word' id='word_1_170' title='bbox 774 2957 910 3028; x_wconf 84' lang='lat' dir='ltr'>foenum</span> <span class='ocrx_word' id='word_1_171' title='bbox 938 2956 1131 3045; x_wconf 82' lang='lat' dir='ltr'>colligendo</span> <span class='ocrx_word' id='word_1_172' title='bbox 1159 2962 1298 3028; x_wconf 90' lang='lat' dir='ltr'>tenetur</span> <span class='ocrx_word' id='word_1_173' title='bbox 1325 2957 1502 3046; x_wconf 86' lang='lat' dir='ltr'>laborare,</span> <span class='ocrx_word' id='word_1_174' title='bbox 1531 2957 1580 3028; x_wconf 90' lang='lat' dir='ltr'>ita</span> <span class='ocrx_word' id='word_1_175' title='bbox 1608 2964 1734 3048; x_wconf 87' lang='lat' dir='ltr'>tamen,</span> 
     </span>
     <span class='ocr_line' id='line_1_19' title="bbox 181 3076 1731 3166; baseline 0.004 -20"><span class='ocrx_word' id='word_1_176' title='bbox 181 3076 267 3164; x_wconf 88' lang='lat' dir='ltr'>quod</span> <span class='ocrx_word' id='word_1_177' title='bbox 295 3076 466 3148; x_wconf 87' lang='lat' dir='ltr'>medietas</span> <span class='ocrx_word' id='word_1_178' title='bbox 493 3078 595 3149; x_wconf 85' lang='lat' dir='ltr'>villae</span> <span class='ocrx_word' id='word_1_179' title='bbox 623 3078 766 3166; x_wconf 85' lang='lat' dir='ltr'>laborat,</span> <span class='ocrx_word' id='word_1_180' title='bbox 796 3078 963 3150; x_wconf 83' lang='lat' dir='ltr'>medietas</span> <span class='ocrx_word' id='word_1_181' title='bbox 991 3085 1100 3148; x_wconf 88' lang='lat' dir='ltr'>vacat.</span> <span class='ocrx_word' id='word_1_182' title='bbox 1128 3077 1216 3149; x_wconf 91' lang='lat' dir='ltr'>Item</span> <span class='ocrx_word' id='word_1_183' title='bbox 1243 3079 1374 3149; x_wconf 88' lang='lat' dir='ltr'>iaciunt</span> <span class='ocrx_word' id='word_1_184' title='bbox 1404 3078 1570 3150; x_wconf 87' lang='lat' dir='ltr'>ducturas</span> <span class='ocrx_word' id='word_1_185' title='bbox 1587 3079 1631 3151; x_wconf 90' lang='lat' dir='ltr'>ad</span> <span class='ocrx_word' id='word_1_186' title='bbox 1649 3081 1731 3152; x_wconf 90' lang='lat' dir='ltr'>rati·</span> 
     </span>
     <span class='ocr_line' id='line_1_20' title="bbox 182 3198 1733 3290; baseline 0.004 -24"><span class='ocrx_word' id='word_1_187' title='bbox 182 3217 274 3267; x_wconf 93' lang='lat' dir='ltr'>onem</span> <span class='ocrx_word' id='word_1_188' title='bbox 314 3198 458 3270; x_wconf 84' lang='lat' dir='ltr'>diorum.</span> <span class='ocrx_word' id='word_1_189' title='bbox 500 3200 587 3270; x_wconf 89' lang='lat' dir='ltr'>Item</span> <span class='ocrx_word' id='word_1_190' title='bbox 624 3205 677 3270; x_wconf 85' lang='lat' dir='ltr'>est</span> <span class='ocrx_word' id='word_1_191' title='bbox 712 3201 746 3270; x_wconf 94' lang='lat' dir='ltr'>in</span> <span class='ocrx_word' id='word_1_192' title='bbox 784 3198 902 3270; x_wconf 90' lang='lat' dir='ltr'>eadem</span> <span class='ocrx_word' id='word_1_193' title='bbox 938 3199 1020 3270; x_wconf 86' lang='lat' dir='ltr'>uilla</span> <span class='ocrx_word' id='word_1_194' title='bbox 1055 3201 1203 3273; x_wconf 83' lang='lat' dir='ltr'>taberna</span> <span class='ocrx_word' id='word_1_195' title='bbox 1229 3205 1352 3270; x_wconf 85' lang='lat' dir='ltr'>vocata</span> <span class='ocrx_word' id='word_1_196' title='bbox 1381 3200 1733 3290; x_wconf 74' lang='lat' dir='ltr'>Barycz,&#39;hahcns</span> 
     </span>
     <span class='ocr_line' id='line_1_21' title="bbox 183 3319 1736 3410; baseline 0.006 -22"><span class='ocrx_word' id='word_1_197' title='bbox 183 3338 280 3406; x_wconf 84' lang='lat' dir='ltr'>agros</span> <span class='ocrx_word' id='word_1_198' title='bbox 309 3319 377 3390; x_wconf 90' lang='lat' dir='ltr'>sibi</span> <span class='ocrx_word' id='word_1_199' title='bbox 405 3319 603 3409; x_wconf 87' lang='lat' dir='ltr'>adiunctos,</span> <span class='ocrx_word' id='word_1_200' title='bbox 632 3341 718 3410; x_wconf 77' lang='lat' dir='ltr'>quiae</span> <span class='ocrx_word' id='word_1_201' title='bbox 755 3341 818 3410; x_wconf 91' lang='lat' dir='ltr'>pro</span> <span class='ocrx_word' id='word_1_202' title='bbox 845 3341 959 3392; x_wconf 93' lang='lat' dir='ltr'>annuo</span> <span class='ocrx_word' id='word_1_203' title='bbox 988 3342 1091 3391; x_wconf 88' lang='lat' dir='ltr'>censu</span> <span class='ocrx_word' id='word_1_204' title='bbox 1121 3320 1225 3392; x_wconf 88' lang='lat' dir='ltr'>solvit</span> <span class='ocrx_word' id='word_1_205' title='bbox 1252 3321 1463 3391; x_wconf 87' lang='lat' dir='ltr'>monasterio</span> <span class='ocrx_word' id='word_1_206' title='bbox 1490 3327 1563 3392; x_wconf 91' lang='lat' dir='ltr'>tres</span> <span class='ocrx_word' id='word_1_207' title='bbox 1590 3343 1736 3399; x_wconf 74' lang='lat' dir='ltr'>marcas,</span> 
     </span>
     <span class='ocr_line' id='line_1_22' title="bbox 182 3439 1733 3532; baseline 0.005 -26"><span class='ocrx_word' id='word_1_208' title='bbox 182 3443 214 3507; x_wconf 89' lang='lat' dir='ltr'>et</span> <span class='ocrx_word' id='word_1_209' title='bbox 239 3461 355 3511; x_wconf 82' lang='lat' dir='ltr'>unum·</span> <span class='ocrx_word' id='word_1_210' title='bbox 373 3439 522 3530; x_wconf 83' lang='lat' dir='ltr'>lapidem</span> <span class='ocrx_word' id='word_1_211' title='bbox 550 3442 633 3532; x_wconf 87' lang='lat' dir='ltr'>sepi.</span> <span class='ocrx_word' id='word_1_212' title='bbox 656 3441 747 3512; x_wconf 89' lang='lat' dir='ltr'>&#39;Item</span> <span class='ocrx_word' id='word_1_213' title='bbox 776 3447 857 3512; x_wconf 89' lang='lat' dir='ltr'>sunt</span> <span class='ocrx_word' id='word_1_214' title='bbox 884 3441 919 3512; x_wconf 92' lang='lat' dir='ltr'>in</span> <span class='ocrx_word' id='word_1_215' title='bbox 947 3441 1030 3513; x_wconf 89' lang='lat' dir='ltr'>villa</span> <span class='ocrx_word' id='word_1_216' title='bbox 1058 3440 1214 3531; x_wconf 86' lang='lat' dir='ltr'>praefata</span> <span class='ocrx_word' id='word_1_217' title='bbox 1242 3440 1331 3512; x_wconf 89' lang='lat' dir='ltr'>duae</span> <span class='ocrx_word' id='word_1_218' title='bbox 1358 3441 1584 3531; x_wconf 88' lang='lat' dir='ltr'>hortulaniae,</span> <span class='ocrx_word' id='word_1_219' title='bbox 1603 3445 1733 3514; x_wconf 92' lang='lat' dir='ltr'>hahen-</span> 
     </span>
     <span class='ocr_line' id='line_1_23' title="bbox 182 3561 1736 3652; baseline 0.005 -25"><span class='ocrx_word' id='word_1_220' title='bbox 182 3565 231 3630; x_wconf 87' lang='lat' dir='ltr'>tes</span> <span class='ocrx_word' id='word_1_221' title='bbox 257 3581 372 3650; x_wconf 64' lang='grc'><strong>03000,</strong></span> <span class='ocrx_word' id='word_1_222' title='bbox 400 3569 436 3632; x_wconf 89' lang='grc'>01</span> <span class='ocrx_word' id='word_1_223' title='bbox 463 3562 608 3652; x_wconf 87' lang='lat' dir='ltr'>quilibet</span> <span class='ocrx_word' id='word_1_224' title='bbox 635 3563 839 3634; x_wconf 86' lang='lat' dir='ltr'>hortulanus</span> <span class='ocrx_word' id='word_1_225' title='bbox 868 3562 970 3633; x_wconf 91' lang='lat' dir='ltr'>solvit</span> <span class='ocrx_word' id='word_1_226' title='bbox 997 3583 1061 3652; x_wconf 88' lang='lat' dir='ltr'>pro</span> <span class='ocrx_word' id='word_1_227' title='bbox 1090 3584 1194 3634; x_wconf 86' lang='lat' dir='ltr'>censu</span> <span class='ocrx_word' id='word_1_228' title='bbox 1223 3583 1327 3634; x_wconf 88' lang='lat' dir='ltr'>unum</span> <span class='ocrx_word' id='word_1_229' title='bbox 1355 3561 1524 3634; x_wconf 86' lang='lat' dir='ltr'>fertonem</span> <span class='ocrx_word' id='word_1_230' title='bbox 1544 3571 1580 3634; x_wconf 90' lang='lat' dir='ltr'>et</span> <span class='ocrx_word' id='word_1_231' title='bbox 1599 3564 1736 3636; x_wconf 88' lang='lat' dir='ltr'>laborat</span> 
     </span>
     <span class='ocr_line' id='line_1_24' title="bbox 185 3682 1734 3782; baseline 0.005 -34"><span class='ocrx_word' id='word_1_232' title='bbox 185 3701 282 3750; x_wconf 90' lang='lat' dir='ltr'>onum</span> <span class='ocrx_word' id='word_1_233' title='bbox 320 3682 411 3754; x_wconf 91' lang='lat' dir='ltr'>diem</span> <span class='ocrx_word' id='word_1_234' title='bbox 440 3682 602 3782; x_wconf 86' lang='lat' dir='ltr'>pedester</span> <span class='ocrx_word' id='word_1_235' title='bbox 638 3685 670 3754; x_wconf 93' lang='lat' dir='ltr'>in</span> <span class='ocrx_word' id='word_1_236' title='bbox 701 3684 901 3773; x_wconf 86' lang='lat' dir='ltr'>septimana.</span> <span class='ocrx_word' id='word_1_237' title='bbox 939 3683 1025 3754; x_wconf 92' lang='lat' dir='ltr'>Item</span> <span class='ocrx_word' id='word_1_238' title='bbox 1053 3683 1096 3754; x_wconf 91' lang='lat' dir='ltr'>de</span> <span class='ocrx_word' id='word_1_239' title='bbox 1124 3704 1242 3754; x_wconf 86' lang='lat' dir='ltr'>eorum</span> <span class='ocrx_word' id='word_1_240' title='bbox 1272 3684 1365 3773; x_wconf 78' lang='lat' dir='ltr'>agris</span> <span class='ocrx_word' id='word_1_241' title='bbox 1403 3684 1541 3754; x_wconf 82' lang='lat' dir='ltr'>solvunt</span> <span class='ocrx_word' id='word_1_242' title='bbox 1567 3684 1734 3756; x_wconf 86' lang='lat' dir='ltr'>decimam</span> 
     </span>
     <span class='ocr_line' id='line_1_25' title="bbox 141 3801 1734 3894; baseline 0.006 -27"><span class='ocrx_word' id='word_1_243' title='bbox 141 3843 144 3851; x_wconf 71' lang='lat'>,</span> <span class='ocrx_word' id='word_1_244' title='bbox 187 3801 442 3892; x_wconf 85' lang='lat' dir='ltr'>manipularem,</span> <span class='ocrx_word' id='word_1_245' title='bbox 470 3810 505 3874; x_wconf 89' lang='grc'>01</span> <span class='ocrx_word' id='word_1_246' title='bbox 532 3825 594 3894; x_wconf 90' lang='lat' dir='ltr'>per</span> <span class='ocrx_word' id='word_1_247' title='bbox 622 3807 771 3894; x_wconf 88' lang='lat' dir='ltr'>quatuor</span> <span class='ocrx_word' id='word_1_248' title='bbox 798 3804 937 3893; x_wconf 85' lang='lat' dir='ltr'>iarugas</span> <span class='ocrx_word' id='word_1_249' title='bbox 966 3803 1175 3892; x_wconf 86' lang='lat' dir='ltr'>carrapalem.</span> <span class='ocrx_word' id='word_1_250' title='bbox 1205 3803 1291 3872; x_wconf 89' lang='lat' dir='ltr'>ltem</span> <span class='ocrx_word' id='word_1_251' title='bbox 1315 3810 1387 3874; x_wconf 88' lang='lat' dir='ltr'>tam</span> <span class='ocrx_word' id='word_1_252' title='bbox 1406 3805 1612 3891; x_wconf 87' lang='lat' dir='ltr'>emethones,</span> <span class='ocrx_word' id='word_1_253' title='bbox 1632 3826 1734 3894; x_wconf 89' lang='lat' dir='ltr'>quam</span> 
     </span>
     <span class='ocr_line' id='line_1_26' title="bbox 186 3920 1735 4018; baseline 0.005 -30"><span class='ocrx_word' id='word_1_254' title='bbox 186 3920 383 3995; x_wconf 83' lang='lat' dir='ltr'>tabernator</span> <span class='ocrx_word' id='word_1_255' title='bbox 410 3930 550 3996; x_wconf 92' lang='lat' dir='ltr'>tenetur</span> <span class='ocrx_word' id='word_1_256' title='bbox 578 3925 621 3996; x_wconf 87' lang='lat' dir='ltr'>ad</span> <span class='ocrx_word' id='word_1_257' title='bbox 649 3925 818 4014; x_wconf 90' lang='lat' dir='ltr'>duplicem</span> <span class='ocrx_word' id='word_1_258' title='bbox 846 3922 1024 4018; x_wconf 70' lang='lat' dir='ltr'>pertraham</span> <span class='ocrx_word' id='word_1_259' title='bbox 1051 3923 1260 4013; x_wconf 78' lang='lat' dir='ltr'>hyemalium</span> <span class='ocrx_word' id='word_1_260' title='bbox 1288 3931 1323 3994; x_wconf 89' lang='lat' dir='ltr'>et</span> <span class='ocrx_word' id='word_1_261' title='bbox 1350 3924 1567 3995; x_wconf 82' lang='lat' dir='ltr'>aestivalium</span> <span class='ocrx_word' id='word_1_262' title='bbox 1585 3925 1735 3996; x_wconf 86' lang='lat' dir='ltr'>humen·</span> 
     </span>
     <span class='ocr_line' id='line_1_27' title="bbox 188 4045 1734 4136; baseline 0.006 -29"><span class='ocrx_word' id='word_1_263' title='bbox 188 4049 304 4114; x_wconf 85' lang='lat' dir='ltr'>torum.</span> <span class='ocrx_word' id='word_1_264' title='bbox 332 4045 420 4116; x_wconf 88' lang='lat' dir='ltr'>Item</span> <span class='ocrx_word' id='word_1_265' title='bbox 448 4052 518 4117; x_wconf 89' lang='lat' dir='ltr'>tam</span> <span class='ocrx_word' id='word_1_266' title='bbox 548 4046 790 4133; x_wconf 90' lang='lat' dir='ltr'>cmethonales,</span> <span class='ocrx_word' id='word_1_267' title='bbox 818 4066 919 4135; x_wconf 76' lang='lat' dir='ltr'>quiam</span> <span class='ocrx_word' id='word_1_268' title='bbox 948 4045 1181 4116; x_wconf 85' lang='lat' dir='ltr'>tabernatoris</span> <span class='ocrx_word' id='word_1_269' title='bbox 1209 4050 1245 4126; x_wconf 85' lang='lat' dir='ltr'>et</span> <span class='ocrx_word' id='word_1_270' title='bbox 1272 4045 1534 4116; x_wconf 89' lang='lat' dir='ltr'>hortulanorum</span> <span class='ocrx_word' id='word_1_271' title='bbox 1562 4047 1648 4136; x_wconf 83' lang='lat' dir='ltr'>agri,</span> <span class='ocrx_word' id='word_1_272' title='bbox 1667 4047 1734 4117; x_wconf 87' lang='lat' dir='ltr'>sol-</span> 
     </span>
     <span class='ocr_line' id='line_1_28' title="bbox 190 4145 1798 4258; baseline 0.008 -33"><span class='ocrx_word' id='word_1_273' title='bbox 190 4169 267 4232; x_wconf 83' lang='lat' dir='ltr'>vunt</span> <span class='ocrx_word' id='word_1_274' title='bbox 293 4165 461 4238; x_wconf 89' lang='lat' dir='ltr'>decimam</span> <span class='ocrx_word' id='word_1_275' title='bbox 489 4167 749 4258; x_wconf 89' lang='lat' dir='ltr'>manipularem,</span> <span class='ocrx_word' id='word_1_276' title='bbox 778 4171 812 4237; x_wconf 87' lang='grc'>01</span> <span class='ocrx_word' id='word_1_277' title='bbox 840 4165 969 4236; x_wconf 88' lang='lat' dir='ltr'>ducunt</span> <span class='ocrx_word' id='word_1_278' title='bbox 996 4185 1070 4235; x_wconf 91' lang='lat' dir='ltr'>eam</span> <span class='ocrx_word' id='word_1_279' title='bbox 1099 4165 1250 4255; x_wconf 86' lang='lat' dir='ltr'>propriis</span> <span class='ocrx_word' id='word_1_280' title='bbox 1278 4145 1436 4237; x_wconf 80' lang='lat' dir='ltr'>curribus</span> <span class='ocrx_word' id='word_1_281' title='bbox 1464 4166 1498 4236; x_wconf 92' lang='lat' dir='ltr'>in</span> <span class='ocrx_word' id='word_1_282' title='bbox 1518 4167 1735 4238; x_wconf 87' lang='lat' dir='ltr'>horreum...</span> <span class='ocrx_word' id='word_1_283' title='bbox 1794 4240 1798 4252; x_wconf 67' lang='grc'><strong>,</strong></span> 
     </span>
     <span class='ocr_line' id='line_1_29' title="bbox 189 4277 1734 4377; baseline 0.008 -31"><span class='ocrx_word' id='word_1_284' title='bbox 189 4277 371 4376; x_wconf 91' lang='lat' dir='ltr'>locandum,</span> <span class='ocrx_word' id='word_1_285' title='bbox 401 4295 436 4359; x_wconf 91' lang='lat' dir='ltr'>et</span> <span class='ocrx_word' id='word_1_286' title='bbox 464 4288 560 4363; x_wconf 82' lang='lat' dir='ltr'>valor</span> <span class='ocrx_word' id='word_1_287' title='bbox 588 4289 660 4360; x_wconf 84' lang='lat' dir='ltr'>eius</span> <span class='ocrx_word' id='word_1_288' title='bbox 688 4287 891 4358; x_wconf 87' lang='lat' dir='ltr'>aestimatur</span> <span class='ocrx_word' id='word_1_289' title='bbox 917 4287 961 4358; x_wconf 91' lang='lat' dir='ltr'>ad</span> <span class='ocrx_word' id='word_1_290' title='bbox 990 4307 1220 4358; x_wconf 79' lang='lat' dir='ltr'>sex-marcas.</span> <span class='ocrx_word' id='word_1_291' title='bbox 1261 4287 1349 4358; x_wconf 89' lang='lat' dir='ltr'>Item</span> <span class='ocrx_word' id='word_1_292' title='bbox 1377 4286 1557 4377; x_wconf 88' lang='lat' dir='ltr'>praedium</span> <span class='ocrx_word' id='word_1_293' title='bbox 1582 4295 1734 4360; x_wconf 89' lang='lat' dir='ltr'>nonest</span> 
     </span>
     <span class='ocr_line' id='line_1_30' title="bbox 190 4399 1851 4507; baseline 0.008 -40"><span class='ocrx_word' id='word_1_294' title='bbox 190 4399 250 4489; x_wconf 88' lang='lat' dir='ltr'>ibi,</span> <span class='ocrx_word' id='word_1_295' title='bbox 276 4425 386 4497; x_wconf 90' lang='lat' dir='ltr'>neque</span> <span class='ocrx_word' id='word_1_296' title='bbox 424 4409 664 4481; x_wconf 90' lang='lat' dir='ltr'>molendinum.</span> <span class='ocrx_word' id='word_1_297' title='bbox 705 4409 793 4480; x_wconf 90' lang='lat' dir='ltr'>Item</span> <span class='ocrx_word' id='word_1_298' title='bbox 822 4407 904 4478; x_wconf 88' lang='lat' dir='ltr'>villa</span> <span class='ocrx_word' id='word_1_299' title='bbox 931 4408 1089 4497; x_wconf 85' lang='lat' dir='ltr'>praelata</span> <span class='ocrx_word' id='word_1_300' title='bbox 1116 4409 1267 4507; x_wconf 83' lang='lat' dir='ltr'>confluat</span> <span class='ocrx_word' id='word_1_301' title='bbox 1294 4431 1371 4480; x_wconf 90' lang='lat' dir='ltr'>cum</span> <span class='ocrx_word' id='word_1_302' title='bbox 1400 4407 1491 4480; x_wconf 84' lang='lat' dir='ltr'>villis</span> <span class='ocrx_word' id='word_1_303' title='bbox 1518 4408 1735 4499; x_wconf 80' lang='lat' dir='ltr'>Zagorze,</span> <span class='ocrx_word' id='word_1_304' title='bbox 1845 4455 1851 4472; x_wconf 53' lang='grc' dir='ltr'>ι</span> 
     </span>
     <span class='ocr_line' id='line_1_31' title="bbox 191 4517 1078 4620; baseline 0.011 -32"><span class='ocrx_word' id='word_1_305' title='bbox 191 4517 424 4619; x_wconf 85' lang='lat' dir='ltr'>Zlomirog,</span> <span class='ocrx_word' id='word_1_306' title='bbox 453 4530 825 4620; x_wconf 74' lang='lat' dir='ltr'>Sthanyanthhy,</span> <span class='ocrx_word' id='word_1_307' title='bbox 853 4529 1078 4600; x_wconf 87' lang='lat' dir='ltr'>Zakrzou.</span> 
     </span>
    </p>

    <p class='ocr_par' dir='ltr' id='par_1_5' title="bbox 160 4643 1849 5830">
     <span class='ocr_line' id='line_1_32' title="bbox 285 4643 1736 4750; baseline 0.005 -35"><span class='ocrx_word' id='word_1_308' title='bbox 285 4643 509 4739; x_wconf 81' lang='lat' dir='ltr'>Znomuaos,</span> <span class='ocrx_word' id='word_1_309' title='bbox 546 4652 628 4722; x_wconf 84' lang='lat' dir='ltr'>uilla</span> <span class='ocrx_word' id='word_1_310' title='bbox 664 4652 727 4723; x_wconf 90' lang='lat' dir='ltr'>sub</span> <span class='ocrx_word' id='word_1_311' title='bbox 764 4650 929 4741; x_wconf 87' lang='lat' dir='ltr'>parochia</span> <span class='ocrx_word' id='word_1_312' title='bbox 966 4651 1132 4722; x_wconf 86' lang='lat' dir='ltr'>ecclesiae</span> <span class='ocrx_word' id='word_1_313' title='bbox 1168 4651 1211 4722; x_wconf 91' lang='lat' dir='ltr'>de</span> <span class='ocrx_word' id='word_1_314' title='bbox 1240 4651 1497 4750; x_wconf 87' lang='lat' dir='ltr'>Bodzanou</span> <span class='ocrx_word' id='word_1_315' title='bbox 1524 4653 1611 4742; x_wconf 75' lang='lat' dir='ltr'>sita,</span> <span class='ocrx_word' id='word_1_316' title='bbox 1638 4653 1736 4724; x_wconf 88' lang='lat' dir='ltr'>cuius</span> 
     </span>
     <span class='ocr_line' id='line_1_33' title="bbox 193 4766 1733 4863; baseline 0.007 -31"><span class='ocrx_word' id='word_1_317' title='bbox 193 4766 378 4852; x_wconf 85' lang='lat' dir='ltr'>proprietas</span> <span class='ocrx_word' id='word_1_318' title='bbox 401 4777 435 4840; x_wconf 88' lang='lat' dir='ltr'>et</span> <span class='ocrx_word' id='word_1_319' title='bbox 455 4769 641 4844; x_wconf 82' lang='lat' dir='ltr'>domimum</span> <span class='ocrx_word' id='word_1_320' title='bbox 671 4771 714 4844; x_wconf 86' lang='lat' dir='ltr'>ad</span> <span class='ocrx_word' id='word_1_321' title='bbox 742 4772 988 4844; x_wconf 90' lang='lat' dir='ltr'>monasterium</span> <span class='ocrx_word' id='word_1_322' title='bbox 1018 4773 1330 4844; x_wconf 90' lang='lat' dir='ltr'>sanctimonialium</span> <span class='ocrx_word' id='word_1_323' title='bbox 1357 4773 1393 4843; x_wconf 91' lang='lat' dir='ltr'>in</span> <span class='ocrx_word' id='word_1_324' title='bbox 1421 4772 1733 4863; x_wconf 85' lang='lat' dir='ltr'>Sthanyanth-</span> 
     </span>
     <span class='ocr_line' id='line_1_34' title="bbox 160 4879 1849 4986; baseline 0.005 -30"><span class='ocrx_word' id='word_1_325' title='bbox 160 4920 162 4924; x_wconf 89' lang='grc'><em>·</em></span> <span class='ocrx_word' id='word_1_326' title='bbox 194 4879 242 4971; x_wconf 86' lang='lat' dir='ltr'>ky</span> <span class='ocrx_word' id='word_1_327' title='bbox 268 4889 428 4974; x_wconf 86' lang='lat' dir='ltr'>pertinet.</span> <span class='ocrx_word' id='word_1_328' title='bbox 468 4893 507 4962; x_wconf 94' lang='lat' dir='ltr'>In</span> <span class='ocrx_word' id='word_1_329' title='bbox 535 4915 603 4983; x_wconf 89' lang='lat' dir='ltr'>qua</span> <span class='ocrx_word' id='word_1_330' title='bbox 638 4900 719 4964; x_wconf 88' lang='lat' dir='ltr'>suut</span> <span class='ocrx_word' id='word_1_331' title='bbox 755 4898 886 4984; x_wconf 88' lang='lat' dir='ltr'>septem</span> <span class='ocrx_word' id='word_1_332' title='bbox 923 4894 1014 4964; x_wconf 90' lang='lat' dir='ltr'>lanei</span> <span class='ocrx_word' id='word_1_333' title='bbox 1046 4893 1300 4984; x_wconf 90' lang='lat' dir='ltr'>cmethonales,</span> <span class='ocrx_word' id='word_1_334' title='bbox 1329 4893 1524 4985; x_wconf 87' lang='lat' dir='ltr'>dequibus</span> <span class='ocrx_word' id='word_1_335' title='bbox 1553 4895 1736 4986; x_wconf 86' lang='lat' dir='ltr'>solvuntur</span> <span class='ocrx_word' id='word_1_336' title='bbox 1845 4907 1849 4915; x_wconf 89' lang='grc'><strong>“</strong></span> 
     </span>
     <span class='ocr_line' id='line_1_35' title="bbox 195 5015 1735 5104; baseline 0.008 -31"><span class='ocrx_word' id='word_1_337' title='bbox 195 5021 250 5088; x_wconf 90' lang='lat' dir='ltr'>pro</span> <span class='ocrx_word' id='word_1_338' title='bbox 275 5029 388 5082; x_wconf 91' lang='lat' dir='ltr'>annuo</span> <span class='ocrx_word' id='word_1_339' title='bbox 424 5033 527 5084; x_wconf 89' lang='lat' dir='ltr'>censu</span> <span class='ocrx_word' id='word_1_340' title='bbox 555 5015 815 5104; x_wconf 87' lang='lat' dir='ltr'>quatuordecim</span> <span class='ocrx_word' id='word_1_341' title='bbox 843 5015 967 5103; x_wconf 88' lang='lat' dir='ltr'>scotti,</span> <span class='ocrx_word' id='word_1_342' title='bbox 993 5015 1073 5085; x_wconf 89' lang='lat' dir='ltr'>item</span> <span class='ocrx_word' id='word_1_343' title='bbox 1103 5015 1171 5086; x_wconf 92' lang='lat' dir='ltr'>duo</span> <span class='ocrx_word' id='word_1_344' title='bbox 1202 5036 1369 5104; x_wconf 85' lang='lat' dir='ltr'>capones,</span> <span class='ocrx_word' id='word_1_345' title='bbox 1397 5016 1479 5086; x_wconf 92' lang='lat' dir='ltr'>item</span> <span class='ocrx_word' id='word_1_346' title='bbox 1507 5015 1632 5104; x_wconf 82' lang='lat' dir='ltr'>viginti</span> <span class='ocrx_word' id='word_1_347' title='bbox 1659 5035 1735 5103; x_wconf 90' lang='lat' dir='ltr'>ova,</span> 
     </span>
     <span class='ocr_line' id='line_1_36' title="bbox 195 5122 1761 5231; baseline 0.01 -39"><span class='ocrx_word' id='word_1_348' title='bbox 195 5122 268 5196; x_wconf 88' lang='lat' dir='ltr'>item</span> <span class='ocrx_word' id='word_1_349' title='bbox 295 5131 362 5202; x_wconf 92' lang='lat' dir='ltr'>duo</span> <span class='ocrx_word' id='word_1_350' title='bbox 390 5134 500 5222; x_wconf 89' lang='lat' dir='ltr'>casei;</span> <span class='ocrx_word' id='word_1_351' title='bbox 527 5135 608 5207; x_wconf 86' lang='lat' dir='ltr'>item</span> <span class='ocrx_word' id='word_1_352' title='bbox 635 5157 699 5226; x_wconf 90' lang='lat' dir='ltr'>pro</span> <span class='ocrx_word' id='word_1_353' title='bbox 727 5133 898 5231; x_wconf 75' lang='lat' dir='ltr'>rapodoaoe</span> <span class='ocrx_word' id='word_1_354' title='bbox 924 5133 1064 5207; x_wconf 87' lang='lat' dir='ltr'>solvunt</span> <span class='ocrx_word' id='word_1_355' title='bbox 1091 5136 1242 5208; x_wconf 91' lang='lat' dir='ltr'>medium</span> <span class='ocrx_word' id='word_1_356' title='bbox 1268 5157 1427 5226; x_wconf 81' lang='lat' dir='ltr'>grossum</span> <span class='ocrx_word' id='word_1_357' title='bbox 1446 5135 1489 5205; x_wconf 88' lang='lat' dir='ltr'>de</span> <span class='ocrx_word' id='word_1_358' title='bbox 1507 5135 1627 5223; x_wconf 90' lang='lat' dir='ltr'>laneo;</span> <span class='ocrx_word' id='word_1_359' title='bbox 1648 5134 1735 5208; x_wconf 88' lang='lat' dir='ltr'>item</span> <span class='ocrx_word' id='word_1_360' title='bbox 1756 5216 1761 5226; x_wconf 33' lang='lat'><strong><em>¹</em></strong></span> 
     </span>
     <span class='ocr_line' id='line_1_37' title="bbox 195 5254 1737 5346; baseline 0.009 -32"><span class='ocrx_word' id='word_1_361' title='bbox 195 5263 250 5330; x_wconf 90' lang='lat' dir='ltr'>pro</span> <span class='ocrx_word' id='word_1_362' title='bbox 282 5273 440 5345; x_wconf 78' lang='lat' dir='ltr'>apro-mne</span> <span class='ocrx_word' id='word_1_363' title='bbox 475 5254 580 5326; x_wconf 86' lang='lat' dir='ltr'>etiam</span> <span class='ocrx_word' id='word_1_364' title='bbox 617 5256 765 5329; x_wconf 89' lang='lat' dir='ltr'>medium</span> <span class='ocrx_word' id='word_1_365' title='bbox 801 5277 978 5346; x_wconf 79' lang='lat' dir='ltr'>grossum..</span> <span class='ocrx_word' id='word_1_366' title='bbox 1010 5257 1097 5328; x_wconf 88' lang='lat' dir='ltr'>Item</span> <span class='ocrx_word' id='word_1_367' title='bbox 1132 5255 1174 5326; x_wconf 92' lang='lat' dir='ltr'>de</span> <span class='ocrx_word' id='word_1_368' title='bbox 1211 5257 1310 5326; x_wconf 89' lang='lat' dir='ltr'>laneo</span> <span class='ocrx_word' id='word_1_369' title='bbox 1347 5255 1529 5327; x_wconf 85' lang='lat' dir='ltr'>solvuntur</span> <span class='ocrx_word' id='word_1_370' title='bbox 1568 5255 1636 5326; x_wconf 93' lang='lat' dir='ltr'>duo</span> <span class='ocrx_word' id='word_1_371' title='bbox 1664 5255 1737 5328; x_wconf 83' lang='lat' dir='ltr'>cori</span> 
     </span>
     <span class='ocr_line' id='line_1_38' title="bbox 189 5375 1735 5466; baseline 0.008 -31"><span class='ocrx_word' id='word_1_372' title='bbox 189 5382 312 5442; x_wconf 69' lang='lat' dir='ltr'>:avenae</span> <span class='ocrx_word' id='word_1_373' title='bbox 339 5394 520 5445; x_wconf 89' lang='lat' dir='ltr'>mensurae</span> <span class='ocrx_word' id='word_1_374' title='bbox 548 5375 785 5449; x_wconf 77' lang='lat' dir='ltr'>Granouiensis</span> <span class='ocrx_word' id='word_1_375' title='bbox 814 5376 998 5449; x_wconf 89' lang='lat' dir='ltr'>confertae.</span> <span class='ocrx_word' id='word_1_376' title='bbox 1031 5377 1118 5448; x_wconf 92' lang='lat' dir='ltr'>Item</span> <span class='ocrx_word' id='word_1_377' title='bbox 1146 5378 1345 5448; x_wconf 89' lang='lat' dir='ltr'>cmethones</span> <span class='ocrx_word' id='word_1_378' title='bbox 1372 5377 1415 5447; x_wconf 92' lang='lat' dir='ltr'>de</span> <span class='ocrx_word' id='word_1_379' title='bbox 1442 5376 1542 5447; x_wconf 89' lang='lat' dir='ltr'>laneo</span> <span class='ocrx_word' id='word_1_380' title='bbox 1571 5376 1735 5466; x_wconf 88' lang='lat' dir='ltr'>quolibet,</span> 
     </span>
     <span class='ocr_line' id='line_1_39' title="bbox 197 5487 1735 5601; baseline 0.008 -43"><span class='ocrx_word' id='word_1_381' title='bbox 197 5503 214 5551; x_wconf 72' lang='lat' dir='ltr'>a</span> <span class='ocrx_word' id='word_1_382' title='bbox 236 5487 319 5564; x_wconf 85' lang='grc'><strong>10010</strong></span> <span class='ocrx_word' id='word_1_383' title='bbox 347 5493 462 5566; x_wconf 88' lang='lat' dir='ltr'>Sancti</span> <span class='ocrx_word' id='word_1_384' title='bbox 491 5495 680 5588; x_wconf 85' lang='lat' dir='ltr'>Michaelis,</span> <span class='ocrx_word' id='word_1_385' title='bbox 708 5499 751 5569; x_wconf 92' lang='lat' dir='ltr'>ad</span> <span class='ocrx_word' id='word_1_386' title='bbox 778 5497 1048 5568; x_wconf 85' lang='lat' dir='ltr'>festum·Sancti</span> <span class='ocrx_word' id='word_1_387' title='bbox 1075 5496 1256 5585; x_wconf 80' lang='lat' dir='ltr'>Iohannis,</span> <span class='ocrx_word' id='word_1_388' title='bbox 1275 5503 1437 5601; x_wconf 87' lang='lat' dir='ltr'>tenentur</span> <span class='ocrx_word' id='word_1_389' title='bbox 1456 5502 1528 5567; x_wconf 88' lang='lat' dir='ltr'>tres</span> <span class='ocrx_word' id='word_1_390' title='bbox 1547 5497 1622 5567; x_wconf 90' lang='lat' dir='ltr'>dies</span> <span class='ocrx_word' id='word_1_391' title='bbox 1640 5496 1735 5571; x_wconf 88' lang='lat' dir='ltr'>laho-</span> 
     </span>
     <span class='ocr_line' id='line_1_40' title="bbox 198 5601 1768 5714; baseline 0.004 -34"><span class='ocrx_word' id='word_1_392' title='bbox 198 5608 275 5679; x_wconf 73' lang='grc'><strong>1010</strong></span> <span class='ocrx_word' id='word_1_393' title='bbox 291 5617 431 5704; x_wconf 87' lang='lat' dir='ltr'>proprio</span> <span class='ocrx_word' id='word_1_394' title='bbox 466 5638 570 5688; x_wconf 88' lang='lat' dir='ltr'>curru</span> <span class='ocrx_word' id='word_1_395' title='bbox 606 5623 666 5690; x_wconf 88' lang='lat' dir='ltr'>aut</span> <span class='ocrx_word' id='word_1_396' title='bbox 702 5623 838 5706; x_wconf 90' lang='lat' dir='ltr'>aratro,</span> <span class='ocrx_word' id='word_1_397' title='bbox 867 5640 886 5688; x_wconf 90' lang='lat' dir='ltr'>a</span> <span class='ocrx_word' id='word_1_398' title='bbox 914 5617 1003 5689; x_wconf 89' lang='lat' dir='ltr'>festo</span> <span class='ocrx_word' id='word_1_399' title='bbox 1032 5617 1150 5714; x_wconf 86' lang='lat' dir='ltr'>Sancti</span> <span class='ocrx_word' id='word_1_400' title='bbox 1175 5616 1365 5705; x_wconf 87' lang='lat' dir='ltr'>Johannis,</span> <span class='ocrx_word' id='word_1_401' title='bbox 1392 5615 1436 5688; x_wconf 89' lang='lat' dir='ltr'>ad</span> <span class='ocrx_word' id='word_1_402' title='bbox 1462 5617 1587 5688; x_wconf 88' lang='lat' dir='ltr'>festum</span> <span class='ocrx_word' id='word_1_403' title='bbox 1616 5617 1733 5690; x_wconf 86' lang='lat' dir='ltr'>Sancti</span> <span class='ocrx_word' id='word_1_404' title='bbox 1764 5601 1768 5608; x_wconf 24' lang='lat' dir='ltr'><em>s</em></span> 
     </span>
     <span class='ocr_line' id='line_1_41' title="bbox 198 5721 1736 5830; baseline 0.009 -34"><span class='ocrx_word' id='word_1_405' title='bbox 198 5721 375 5826; x_wconf 85' lang='lat' dir='ltr'>Michaelis,</span> <span class='ocrx_word' id='word_1_406' title='bbox 403 5737 557 5826; x_wconf 86' lang='lat' dir='ltr'>quolibet</span> <span class='ocrx_word' id='word_1_407' title='bbox 586 5739 641 5810; x_wconf 88' lang='lat' dir='ltr'>die</span> <span class='ocrx_word' id='word_1_408' title='bbox 669 5745 830 5814; x_wconf 88' lang='lat' dir='ltr'>tenentur</span> <span class='ocrx_word' id='word_1_409' title='bbox 848 5739 1018 5829; x_wconf 87' lang='lat' dir='ltr'>laborare,</span> <span class='ocrx_word' id='word_1_410' title='bbox 1037 5743 1178 5829; x_wconf 85' lang='lat' dir='ltr'>praeter</span> <span class='ocrx_word' id='word_1_411' title='bbox 1196 5737 1287 5810; x_wconf 88' lang='lat' dir='ltr'>diem</span> <span class='ocrx_word' id='word_1_412' title='bbox 1306 5737 1461 5828; x_wconf 87' lang='lat' dir='ltr'>Sabbati,</span> <span class='ocrx_word' id='word_1_413' title='bbox 1479 5739 1515 5810; x_wconf 95' lang='lat' dir='ltr'>in</span> <span class='ocrx_word' id='word_1_414' title='bbox 1535 5759 1601 5830; x_wconf 91' lang='lat' dir='ltr'>qno</span> <span class='ocrx_word' id='word_1_415' title='bbox 1620 5745 1736 5810; x_wconf 89' lang='lat' dir='ltr'>tamen</span> 
     </span>
    </p>
   </div>
   <div class='ocr_carea' id='block_1_5' title="bbox 0 0 2273 6592">
    <p class='ocr_par' dir='ltr' id='par_1_6' title="bbox 0 0 2273 6592">
     <span class='ocr_line' id='line_1_42' title="bbox 0 0 2273 6592; baseline 0 0"><span class='ocrx_word' id='word_1_416' title='bbox 0 0 2273 6592; x_wconf 95' lang='lat' dir='ltr'> </span> 
     </span>
    </p>
   </div>
  </div>
 </body>
</html>
