4492 6592
491 773 565 848 284

594 979 799 1068 Generosi,
836 979 920 1049 villa
946 962 1010 1049 sub
1037 979 1204 1068 parocbia
1231 979 1398 1050 eeclesiae
1424 979 1468 1049 de
1495 979 1812 1050 Brzesznicza
1839 983 1917 1070 sita
1942 985 2040 1053 euius

488 1103 684 1193 proprietas
711 1107 748 1172 et
774 1101 962 1173 dominium
989 1100 1033 1170 ad
1061 1101 1262 1172 coenobium
1291 1101 1604 1172 sanctimonialium
1646 1103 1681 1171 in
1709 1101 2041 1194 Sthaupathlry

487 1225 639 1313 pertinet
665 1223 767 1312 pleno
795 1223 879 1292 iure.
906 1222 947 1291 In
976 1243 1044 1311 qua
1071 1227 1153 1292 sunt
1180 1228 1258 1292 octo
1285 1242 1361 1291 curn
1380 1223 1493 1292 medio
1519 1221 1612 1292 lanei
1640 1223 1885 1309 emethoualea
1912 1231 1948 1291 et
1966 1227 2043 1312 qui-

486 1345 572 1415 libet
599 1345 704 1414 solvit
731 1365 794 1432 pro
822 1363 925 1414 censu
954 1364 1067 1412 annno
1096 1344 1131 1413 in
1167 1343 1499 1433 Sthanyathlry
1535 1365 1637 1412 unam
1667 1364 1815 1413 marcam
1852 1347 2044 1412 eommunis

486 1466 669 1555 pecuniae,
705 1466 785 1534 item
814 1464 901 1534 duos
929 1464 1056 1552 gallos,
1094 1485 1199 1533 unum
1226 1485 1290 1552 pro
1317 1463 1406 1534 festo
1434 1464 1691 1552 Assumptionis
1719 1464 1865 1552 Mariae,
1893 1469 1929 1532 et
1957 1465 2044 1532 alte-

485 1608 561 1656 rum
589 1607 653 1674 pro
679 1584 768 1656 sesto
796 1584 999 1654 Nativitatis
1027 1583 1177 1672 Christi,
1213 1585 1296 1654 item
1323 1586 1447 1674 viginti
1475 1605 1549 1673 ova,
1577 1587 1659 1654 item
1687 1586 1774 1654 duos
1801 1605 1935 1670 caseos,
1961 1584 2044 1651 item

486 1708 571 1778 duos
600 1727 698 1777 coros
727 1726 866 1792 avenae,
894 1723 1075 1774 mensurae
1100 1705 1314 1775 Boehnensis
1342 1705 1528 1792 confertae
1556 1705 1637 1774 item
1666 1707 1813 1795 quilibet
1841 1705 1981 1774 emetha
2001 1705 2045 1773 de

485 1829 585 1898 laneo
612 1833 752 1897 tenetur
778 1827 920 1915 proprIo
948 1847 1051 1896 curru
1088 1833 1149 1895 aut
1175 1833 1292 1896 aratro
1328 1847 1441 1895 unum·
1460 1826 1551 1896 diem
1577 1827 1739 1897 laborare
1776 1827 1811 1896 in
1839 1827 2046 1914 septimana.

486 1947 574 2018 Item
602 1949 764 2017 ducturas
798 1947 932 2017 iaciunt
959 1947 1003 2016 ad
1030 1947 1200 2016 rationem
1236 1945 1369 2016 dierum
1407 1947 1441 2016 in
1469 1948 1664 2035 septimana
1700 1948 1907 2017 debitorum.
1953 1946 2046 2015 Item

487 2069 633 2158 quilibet
660 2069 795 2143 emetha
832 2069 874 2137 de
900 2068 1001 2138 laneo
1029 2073 1169 2136 tenetur
1202 2087 1267 2156 pro
1295 2066 1466 2160 trapodowe
1492 2074 1528 2136 et
1555 2091 1716 2161 oprowne
1751 2069 1886 2138 solvere
1922 2068 2045 2136 decem

384 2189 388 2197 ’
488 2191 707 2278 quadrantes.
752 2189 837 2258 Item
855 2187 946 2258 ‘sunt
974 2189 1008 2258 in
1036 2163 1155 2258 eadem
1184 2189 1267 2258 villa
1293 2189 1382 2258 duae
1409 2189 1595 2277 tabernae,
1632 2191 1800 2258 habentes
1828 2209 1931 2278 agros
1959 2209 2045 2277 pro

486 2311 591 2399 priua,
619 2317 655 2380 et
676 2325 749 2379 ‘uua
776 2331 893 2379 earum
922 2309 1025 2379 sebit
1062 2316 1212 2398 quatuor
1247 2329 1381 2379 mareas
1417 2317 1454 2379 et
1481 2331 1583 2379 unum
1618 2311 1769 2398 lapidem
1798 2312 1890 2399 sepi,
1928 2310 2045 2379 altera

486 2450 568 2501 varo
597 2431 701 2501 solvit
729 2430 814 2500 duas
842 2449 1031 2518 sexagenas
1058 2435 1094 2499 et
1120 2451 1226 2500 unum
1254 2429 1400 2518 lapidem
1430 2431 1513 2518 sepi.
1540 2430 1628 2500 Item
1647 2437 1728 2501 sunt
1755 2432 1789 2500 in
1818 2432 1937 2500 eadem
1958 2429 2046 2500 villa

486 2553 637 2640 qulnque
665 2551 900 2638 hortulaniae,
942 2556 1091 2640 quatuor
1118 2551 1258 2621 solvunt
1284 2571 1347 2640 per
1374 2573 1497 2621 novem
1525 2558 1656 2621 scottos
1685 2574 1748 2640 pro
1776 2573 1890 2640 censu,
1917 2553 2046 2641 quinta

485 2691 568 2742 vero
602 2672 706 2742 solvit
738 2689 845 2742 unum
881 2671 1049 2741 fertonem
1078 2677 1113 2740 et
1140 2671 1315 2760 quaelibet
1351 2678 1489 2742 tenetur
1517 2673 1552 2741 in
1580 2675 1775 2761 septimana
1811 2695 1914 2743 unum
1948 2672 2045 2741 diem

485 2793 647 2881 pedester
674 2794 842 2863 laborare.
869 2793 956 2861 Item
977 2797 1030 2861 est
1049 2793 1083 2860 iu
1103 2792 1221 2862 eadem
1248 2793 1331 2862 villa
1358 2793 1507 2882 aliquale
1533 2793 1713 2882 praedium
1741 2794 1948 2881 coenobIale
1977 2792 2044 2861 sed

485 2933 641 3002 parvum,
669 2913 711 2983 de
739 2935 806 3002 quo
835 2913 982 2983 solvitur
1009 2913 1142 2982 decima
1170 2914 1394 3002 manipularis
1423 2915 1456 2982 in
1482 2911 1689 3008 ponithaoom
1716 2914 1933 3002 praebendae
1952 2912 2045 2983 Gra-

487 3035 637 3104 eoviensi
664 3033 886 3124 Lyazowska.
914 3033 1000 3102 Item
1029 3053 1147 3102 omues
1172 3035 1246 3120 agri
1275 3035 1503 3120 amethonum,
1531 3036 1792 3105 tabernatorum
1821 3043 1857 3105 et
1884 3034 2046 3105 hortula-

486 3174 628 3242 norum,¹
646 3153 785 3222 solvunt
812 3153 979 3222 decimam
1009 3153 1256 3242 maquularem
1281 3155 1503 3242 praebendae
1530 3153 1753 3225 Gracorieusi
1780 3162 1817 3224 et
1844 3157 1914 3224 eius
1933 3175 2046 3225 cano

485 3272 572 3360 nico,
601 3293 687 3361 qaae
715 3279 859 3342 vocatur
886 3271 1087 3360 Lazowslra,
1115 3279 1151 3342 et
1177 3281 1341 3344 tenentur
1367 3295 1441 3343 eam
1461 3276 1659 3344 emethones
1687 3282 1723 3345 et
1750 3263 1882 3346 incolae
1909 3274 2045 3345 ducere

485 3394 637 3482 propriis
673 3393 831 3462 curribus
868 3394 902 3461 in
931 3393 1112 3481 horreum,
1148 3396 1361 3464 acunumiae
1396 3395 1598 3484 locandum,
1635 3403 1671 3465 et
1698 3397 1838 3496 solvunt
1870 3397 2045 3466 decimam

485 3513 684 3603 canapalem
713 3534 776 3607 per
803 3519 951 3603 quatuor
980 3515 1125 3603 ierugaa
1154 3521 1188 3584 et
1216 3515 1313 3586 valo'r
1340 3517 1415 3585 eius
1443 3520 1649 3586 aestimatur
1677 3518 1720 3587 ad
1748 3518 1865 3588 decem
1892 3537 2044 3588 marcas.

364 3669 373 3698 1
483 3633 572 3704 item
600 3634 768 3724 plebanus
809 3633 851 3704 de
879 3634 1192 3704 Brzesznicza
1226 3642 1263 3706 et
1298 3638 1372 3707 eius
1408 3638 1550 3706 ecelesia
1589 3645 1668 3726 post
1703 3645 1836 3726 partem
1873 3655 2042 3726 agrorum

483 3755 586 3824 unius
613 3755 848 3826 tabernatoris
877 3755 977 3824 villae
1005 3754 1193 3846 praelatae,
1222 3758 1280 3845 qui
1307 3757 1436 3827 dicitur
1462 3757 1705 3828 Miksebar
1732 3768 1767 3828 et
1795 3767 1873 3848 post
1899 3767 2042 3848 partem

484 3876 629 3948 duorum
658 3877 932 3965 hortalsnorum‚
960 3877 1017 3966 qui
1045 3876 1113 3947 illis
1141 3897 1183 3947 ex
1211 3879 1305 3966 agris
1333 3878 1567 3967 praedialibus
1593 3879 1746 3950 adiuncti
1774 3887 1862 3968 suut
1889 3882 2044 3969 percipit

485 4000 583 4068 annis
619 3999 763 4088 singulis
800 3998 967 4068 decimam
1004 3999 1252 4087 manipularem
1281 4021 1344 4088 pro
1371 4018 1425 4088 aa,
1462 4008 1498 4070 et
1525 4001 1623 4071 valor
1658 4002 1733 4071 eius
1761 4003 1966 4071 aestimatur
1995 4003 2043 4072 ad

484 4139 586 4190 unam
615 4139 774 4190 marcam.
803 4119 889 4188 Item
913 4117 1094 4212 poscebam
1122 4126 1304 4209 utramque
1330 4127 1495 4190 tenentur
1520 4121 1674 4210 implere.
1711 4123 1797 4192 Item
1827 4123 1909 4194 villa
1935 4143 2040 4211 prae
2077 4145 2081 4150 ·

412 4289 417 4296 -
482 4239 989 4328 iataeonfinateuinoppido
1028 4240 1242 4329 Bochnya
1277 4240 1810 4318 etcumvillisGorzlrou,
1848 4243 2040 4314 Brzesz-
2142 4263 2144 4314 1

386 4407 394 4418 ·
484 4361 632 4450 nieza,
660 4362 853 4450 Lyaszy,
883 4360 1138 4430 Orzcczow.

589 4481 774 4571 OanoseZ,
816 4481 898 4550 vllla
926 4482 989 4551 sub
1011 4482 1181 4570 ¹parocbia
1207 4481 1373 4552 ecelesiae
1401 4484 1436 4552 in
1464 4483 1695 4576 Brzeszye
1723 4485 1801 4574 sita,
1829 4486 1928 4555 cuius
1957 4506 2039 4574 pro-

484 4602 616 4689 prietas
643 4608 679 4671 et
705 4602 890 4671 dominIum
919 4601 962 4670 ad
990 4603 1270 4673 sanctimoniales
1296 4603 1340 4672 de
1367 4602 1695 4694 Stbauyantky
1721 4608 1883 4695 pertinet,
1910 4607 1951 4675 In
1972 4627 2039 4696 qua

484 4730 566 4792 sunt
594 4729 671 4793 octo
700 4721 928 4812 hortulauiae,
956 4741 1044 4810 quae
1072 4743 1190 4792 ornnes
1218 4724 1414 4793 summatim
1442 4724 1580 4794 solvunt
1606 4746 1671 4814 pro
1695 4735 1799 4796 een'su
1827 4748 1943 4797 annuo
1963 4748 2040 4798 eoe-

484 4845 588 4916 uobIo
615 4851 687 4913 tres
714 4863 847 4912 mareas
884 4844 1072 4912 eoinmunis
1109 4845 1285 4932 pecuniae.
1330 4844 1420 4914 Item
1444 4851 1609 4915 tenentur
1644 4867 1785 4919 currere
1814 4855 1849 4917 et
1878 4849 1932 4917 ire
1960 4869 2039 4918 eum

483 4967 605 5054 literis,
634 4983 848 5054 quocumque
876 4969 910 5031 et
939 4945 1220 5052 quotiescumque
1238 4965 1451 5053 mittuntur,
1489 4967 1522 5035 in
1552 4968 1702 5055 propriis
1731 4970 1902 5056 expensis.
1949 4970 2036 5038 Item

484 5089 622 5158 solvunt
648 5107 808 5179 oprrofwae
835 5084 939 5152 semel
969 5086 1003 5152 in
1032 5105 1131 5173 anno,
1159 5105 1221 5173 per
1248 5085 1398 5155 medium
1425 5107 1594 5175 grossum.
1622 5087 1707 5158 Itern
1732 5097 1896 5159 tenentur
1915 5113 2038 5182 porco·

482 5205 561 5276 bana
588 5207 693 5277 semel
720 5208 755 5276 in
783 5225 903 5293 messe,
932 5205 1107 5294 quaelibet
1133 5206 1334 5276 hortulanis
1360 5227 1424 5295 per
1450 5207 1536 5277 duas
1564 5228 1749 5299 personae,
1777 5211 1812 5279 in
1841 5211 2037 5299 duplicibus
2074 5213 2078 5218 ’

482 5328 664 5398 frumentis
692 5327 890 5399 vernalibus
919 5333 954 5396 et
981 5327 1205 5416 hyemalibus.
1250 5328 1338 5398 Item
1375 5335 1457 5399 sunt
1484 5330 1665 5399 ln'eadem
1695 5332 1777 5402 villa
1803 5333 1957 5422 quinque
1984 5343 2037 5403 ta-

483 5449 619 5534 bernae,
648 5450 814 5519 habentes
842 5469 945 5536 agros
973 5450 1142 5537 proprius,
1170 5455 1206 5519 et
1233 5449 1407 5538 quaelibet
1433 5447 1537 5520 solvit
1564 5471 1628 5539 pro
1656 5472 1760 5522 censu
1788 5473 1904 5522 annuo
1932 5475 2035 5524 unam

483 5587 559 5638 eum
587 5570 700 5639 media
726 5589 875 5639 marcam
904 5577 940 5640 et
967 5589 1072 5639 unum
1099 5570 1249 5659 lapidem
1278 5573 1360 5659 sepi
1388 5571 1474 5641 Item
1503 5578 1584 5640 suut
1610 5573 1678 5642 duo
1697 5573 1903 5663 molendiua,
1932 5596 2036 5644 unum

482 5707 591 5780 prope
618 5691 767 5778 curiam,
801 5690 845 5760 de
873 5709 940 5779 quo
969 5689 1152 5761 solvuntur
1178 5697 1368 5780 metretae;
1403 5692 1499 5762 aliud
1526 5693 1561 5761 in
1589 5687 1689 5782 ulla,
1721 5695 1858 5784 dequo
1887 5697 2036 5768 solvitur
