4492 6592
1017 2005 1542 2144 cracoviensis

506 2238 626 2375 Ordo
652 2297 701 2374 et
733 2291 881 2394 raitpio
913 2290 1106 2370 Fratrum
1139 2292 1411 2374 eremitarum
1445 2257 1561 2372 beati
1593 2292 1829 2414 Augustini,
1863 2297 1905 2374 iri
1937 2295 2051 2377 dieo

967 2448 1058 2527 cesi
1091 2451 1137 2526 et
1170 2447 1277 2526 urbe
1308 2445 1599 2528 cracoviensi.

607 2669 874 2742 Kaziruirus
901 2667 1140 2740 Secundus
1167 2667 1333 2740 Poloniae
1359 2689 1439 2758 rex,
1466 2668 1609 2742 fundata
1636 2670 1778 2742 ciuitate
1805 2655 2055 2746 Oasimiri'a

504 2799 610 2864 etex
638 2811 701 2861 sno
728 2789 866 2861 nomine
892 2789 1084 2880 appellata,
1110 2789 1309 2860 vastitatem
1341 2789 1416 2860 eius
1442 2795 1479 2859 et
1505 2789 1771 2879 infrequentiam
1799 2794 1911 2863 sacris
1938 2795 2056 2865 saitem

497 2913 643 3006 ,templis
676 2918 717 2984 et
750 2911 835 2983 iocis
870 2910 1096 3001 impleturos,
1127 2910 1375 2982 monasterium
1401 2909 1547 2982 fratrum
1576 2913 1819 3002 eremitarum,
1847 2916 2055 3006 subregulo

412 3116 418 3122 ,
505 3036 607 3107 Beati
633 3033 831 3124 Augustini,
857 3032 923 3103 sub
949 3035 1158 3122 paupertate
1175 3037 1212 3102 et
1229 3031 1452 3104 mendicitate
1472 3032 1670 3121 viventium,
1688 3053 1780 3104 anno
1798 3035 1940 3106 Domini
1964 3038 2054 3109 1363

503 3159 540 3230 iu
566 3157 625 3228 die
648 3154 766 3227 Sancti
794 3152 940 3224 Martini
965 3154 1138 3254 episcopi,
1166 3153 1201 3226 iu
1228 3151 1385 3242 praefato
1411 3153 1539 3244 oppido
1566 3153 1821 3245 Gasimiriensi,
1849 3155 1935 3228 dato
1962 3166 2055 3230 nota-

504 3279 567 3350 bili
600 3277 717 3368 spatio
751 3280 788 3346 et
822 3295 886 3365 pro
922 3275 1134 3346 monasterio
1171 3279 1208 3346 et
1242 3293 1306 3364 pro
1335 3273 1483 3366 templo,
1509 3273 1650 3366 fundat,
1678 3297 1874 3368 novumque
1902 3279 2054 3352 ordinem

503 3400 671 3472 iratribus
697 3417 741 3470 ex
768 3395 918 3485 Praga
943 3394 1091 3485 praefati
1118 3395 1250 3468 ordinis
1277 3395 1463 3485 arcersitis,
1490 3395 1582 3485 apud
1609 3417 1752 3486 ragnum
1772 3417 1871 3470 sunm
1892 3397 2053 3472 Poloniae

502 3519 633 3594 fundat
660 3517 841 3608 Templum
867 3517 1011 3606 iusuper
1036 3515 1129 3587 altae
1155 3521 1192 3587 et
1219 3515 1384 3606 pulchrae
1411 3517 1646 3608 habitudinis,
1671 3523 1707 3589 et
1732 3525 1862 3590 tectum
1890 3541 1933 3591 ex
1964 3527 2054 3592 cocto

501 3643 612 3716 latere
637 3638 836 3712 Jasszlro
863 3637 906 3709 de
932 3635 1162 3709 Meistbin
1189 3637 1400 3710 castellanus
1419 3635 1668 3729 cracoviensis,
1687 3639 1851 3712 dedomo
1870 3641 2052 3730 Leiira,

501 3764 596 3846 datis
619 3761 786 3834 trecentis
812 3759 937 3832 marcis
967 3757 1132 3848 fabricat,
1157 3759 1193 3830 in
1221 3779 1288 3849 quo
1315 3757 1443 3832 batum
1470 3759 1603 3831 ordinis
1637 3759 1787 3850 praeisti
1813 3767 1850 3833 et
1876 3781 1953 3834 nem
1981 3783 2053 3834 exe

485 3891 692 3978 onerentur
717 3881 881 3970 divium,
907 3885 945 3952 et
968 3880 1074 3954 boras
1100 3880 1285 3952 canonicos
1311 3885 1381 3952 tam
1409 3880 1603 3970 diuturnas,
1630 3901 1733 3971 quam
1761 3887 1953 3954 nocturnas
1977 3903 2051 3980 per·

500 4011 675 4095 sonarent,
701 4001 856 4094 illudque
882 3999 1012 4074 Boutae
1039 3999 1178 4091 Virgini
1206 3999 1415 4073 Gatberinae
1429 4001 1599 4078 ⁴intitulat
1624 4011 1662 4073 et
1688 4001 1834 4074 dedicat
1862 4001 1964 4092 Quod
1984 4005 2050 4094 qui·

499 4131 577 4201 dem
594 4125 779 4218 'tempium
815 4124 959 4214 eiusque
992 4123 1237 4194 monasterium
1275 4121 1310 4192 iu
1339 4141 1502 4212 processu
1517 4129 1723 4212 temporum
1750 4130 1787 4194 et
1814 4123 1970 4214 dierum,
1996 4145 2051 4215 per

499 4251 725 4326 fratrem...
751 4245 848 4317 de..
867 4297 875 4314 .
894 4299 902 4314 .
929 4237 1014 4316 dicti
1041 4243 1244 4316 monosterii
1272 4243 1433 4334 priorem,
1460 4243 1674 4316 notabilibus
1701 4241 1843 4316 fabricis
1869 4265 2049 4334 murorum,

499 4393 588 4464 qnae
615 4369 722 4441 etiam
748 4367 784 4437 in
812 4365 1085 4456 praesentiarum
1112 4369 1311 4454 cernuntur,
1338 4361 1404 4435 fuit
1431 4363 1647 4454 adornatum,
1674 4364 1734 4436 sed
1762 4385 1843 4436 aere
1861 4367 2001 4468 ,casuali
2018 4375 2049 4436 et

500 4487 937 4566 alieno...Gnerosius
963 4485 1054 4557 euim
1073 4483 1116 4556 de
1134 4483 1406 4576 Dalouycze
1433 4485 1705 4556 succcmerarius
1723 4483 1975 4576 cracoviensis
1993 4487 2047 4557 nri·

498 4615 549 4686 ies
571 4611 697 4684 nobilis
723 4609 767 4681 de
794 4607 896 4679 domo
922 4613 959 4678 et
984 4605 1115 4678 familia
1133 4605 1444 4697 Strzegomya,
1470 4605 1674 4678 thesaurum
1701 4613 1857 4678 suomet
1884 4608 2046 4696 clenodia,

498 4734 679 4828 pecuniam
698 4748 834 4822 quoque
860 4733 896 4800 et
913 4727 1015 4799 alam
1034 4725 1186 4798 nobilem
1212 4725 1469 4817 supellectilem,
1496 4747 1561 4817 per
1587 4725 1905 4800 Guilbelmum
1933 4729 2045 4800 ducem

498 4855 675 4943 Austriae,
701 4851 760 4943 qui
786 4851 822 4921 in
849 4868 966 4939 rogem
993 4846 1159 4921 Poloniae
1186 4855 1324 4919 mortuo
1351 4847 1592 4919 Lcuovico
1611 4847 1777 4920 Poloniae
1796 4856 1832 4919 et
1850 4847 2044 4941 Hungunae

497 4998 581 5070 rege
608 4980 807 5064 assumptus
831 4969 956 5060 fuerat,
983 4975 1019 5041 et
1045 4971 1100 5040 cui
1127 4968 1395 5040 Ludovicus
1422 4969 1496 5060 ipse
1523 4967 1688 5042 Poloniae
1706 4975 1742 5042 et
1760 4968 1964 5061 Hungariae
1981 4991 2043 5057 res,
2148 5033 2150 5040 .

497 5101 603 5172 filiam
641 5115 738 5168 suam
773 5091 1018 5182 Hedvigim
1055 5091 1222 5162 minorem
1258 5096 1361 5178 natu,
1389 5091 1424 5160 in
1461 5095 1657 5161 consortem
1685 5093 1806 5164 vivens
1833 5092 1948 5164 adbuc
1975 5113 2041 5164 cum

497 5243 605 5313 regno
631 5217 797 5290 Poloniae
823 5212 1028 5302 tradiderat,
1055 5218 1092 5283 et
1118 5232 1196 5282 curu
1224 5231 1293 5302 qua
1320 5209 1622 5283 Guilhelmus
1649 5213 1724 5302 ipse
1743 5212 1812 5284 dux
1832 5212 2042 5286 Austriaein

497 5339 725 5415 Gracoria
751 5337 873 5418 diebus
900 5333 1114 5426 quindecim,
1141 5332 1341 5423 priusquam
1367 5329 1390 5403 J
1401 5331 1555 5422 agello
1591 5331 1661 5404 dns
1688 5331 1897 5408 Litbvaniae
1925 5335 1969 5406 ad
1994 5353 2041 5404 re·

424 5459 431 5472 '
498 5463 648 5555 gendum
675 5479 820 5552 regnum
847 5455 1013 5528 Poloniae
1039 5454 1229 5526 accersitus
1255 5451 1379 5542 furerat,
1398 5453 1701 5524 matrimonialiter
1718 5455 1912 5546 habitabat,
1931 5457 1995 5527 sibi
2011 5459 2042 5524 et
2149 5495 2150 5502 κ

471 5639 476 5646 .
498 5585 579 5656 fidei
605 5603 689 5655 suae
716 5577 895 5666 creditum,
922 5577 1001 5648 aliis
1018 5576 1122 5646 etiam
1147 5573 1400 5646 conditionibus
1420 5580 1667 5665 congregatum
1685 5581 1722 5648 et
1739 5578 1945 5667 quaesitum,
1964 5577 2041 5648 dno·

498 5706 564 5776 bus
590 5705 671 5774 tiliis
697 5699 958 5772 minorennibus
980 5701 1022 5770 et
1043 5695 1281 5786 impuberibus
1300 5695 1563 5768 distractionem
1580 5695 1674 5766 illius
1692 5697 1825 5768 veritus
1843 5697 2039 5788 praesertim
