4492 6592
474 755 521 826 32

472 965 565 1036 inter
591 953 860 1036 Graeculam
887 970 923 1034 et
941 963 1234 1036 Oasiniriam
1262 963 1421 1036 civitates
1439 964 1655 1053 existentem,
1679 970 1881 1035 construere
1909 966 2028 1036 incoe-
2157 974 2160 985 ’

470 1090 579 1175 perat,
607 1105 628 1154 a
647 1105 714 1174 quo
732 1085 901 1155 remansit
927 1068 1078 1155 nondum
1097 1083 1268 1175 perlecta,
1295 1092 1471 1156 uteorum
1490 1085 1641 1174 propriis
1668 1086 1773 1156 rebus
1800 1092 1837 1158 et
1854 1087 2029 1175 expensiS,

342 1192 343 1195 ¹
471 1211 576 1297 atque
603 1205 834 1298 iuvaminibus
862 1210 898 1276 et
917 1205 1056 1276 auxiliis
1082 1206 1252 1278 bonorum
1274 1207 1470 1295 hominum,
1497 1207 1641 1276 eandem
1660 1205 1798 1276 domum
1816 1208 2029 1297 hospitalem

472 1327 611 1417 operari
638 1333 675 1398 et
701 1327 855 1398 construi
883 1325 1014 1398 faciant
1041 1333 1076 1398 et
1094 1327 1293 1417 perficiant,
1320 1327 1575 1418 perfectamque
1601 1334 1727 1417 regant
1753 1329 1828 1398 iure
1855 1334 2031 1418 perpetuo

428 1474 432 1480 ·
473 1454 509 1519 et
534 1448 731 1537 gubernent
758 1448 824 1538 ipsi
852 1453 888 1519 et
915 1448 1000 1519 ordo
1028 1449 1234 1538 eorundem,
1261 1449 1304 1520 ad
1332 1449 1537 1539 utilitatem,
1564 1449 1853 1520 sustentationem
1878 1455 1917 1528 et
1933 1450 2030 1520 rebr-

326 1661 330 1668 .
470 1569 565 1660 glum
600 1589 792 1660 pauperum
828 1574 863 1640 et
890 1569 1125 1659 infirmorum,
1161 1569 1349 1642 secundum
1383 1570 1516 1660 gratias
1551 1575 1589 1642 ct
1623 1569 1858 1660 indulgentias
1894 1571 2030 1642 domini

473 1689 649 1762 Urbani
677 1709 802 1780 papae,
829 1711 894 1780 pro
921 1690 1042 1792 eadem
1070 1690 1171 1762 domo
1202 1691 1369 1780 hospitali
1396 1691 1509 1764 datas,
1524 1696 1562 1761 et
1587 1711 1783 1781 concessas,
1818 1692 2031 1781 recipientes

473 1810 611 1902 eosdem
648 1811 684 1880 in
712 1811 844 1902 regiam
869 1812 1121 1902 protectionem
1148 1819 1186 1883 et
1213 1811 1464 1901 defensionem,
1501 1813 1536 1882 in
1563 1812 1764 1902 praedictae
1795 1813 1917 1883 domus
1944 1834 2030 1902 ope-

473 1933 629 2022 ratione,
657 1913 913 2004 constructione
940 1937 1044 2022 atque
1070 1933 1332 2023 gubernatione.
1364 1933 1533 2004 Volumus
1560 1933 1675 2022 etiam,
1703 1933 1795 2024 qnod
1822 1934 2031 2025 quicumque

471 2055 584 2144 borno,
613 2073 861 2144 quamcumque
887 2072 970 2143 rem,
990 2074 1051 2124 seu
1078 2053 1123 2124 ad
1142 2074 1228 2144 opus
1254 2054 1347 2126 illius
1374 2054 1496 2125 domus
1522 2054 1715 2150 hospitalis,
1742 2055 1798 2126 vel
1824 2055 1869 2126 ad
1888 2040 2028 2127 sustenss

473 2176 640 2247 tationem
668 2194 857 2264 pauperum
871 2152 921 2246 ,et
947 2174 1181 2264 infirmorum,
1216 2180 1361 2269 propter
1386 2175 1498 2250 Deum
1530 2175 1726 2248 illi-domui
1751 2175 1916 2266 hospitali
1942 2175 2031 2248 dare
2105 2241 2113 2255 ,

472 2296 529 2366 vel
555 2295 683 2384 largire
710 2294 877 2384 voluerit,
913 2295 1057 2366 liberam
1085 2296 1213 2367 babeat
1239 2295 1344 2367 dandi
1369 2302 1416 2371 ‚et
1442 2295 1584 2386 legendi
1609 2294 1820 2368 facultatem.
1836 2335 1844 2344 ·
1860 2298 1900 2367 ln
1927 2297 2048 2368 cuius-

475 2417 527 2487 rei
553 2416 788 2487 testimonium
815 2399 1017 2507 praesentes
1036 2417 1166 2488 eisdem
1192 2437 1311 2492 eorum
1330 2417 1444 2488 ordini
1462 2417 1620 2489 dedimus
1637 2417 1759 2489 literas
1785 2419 2032 2509 privilegiales,

477 2536 661 2627 pendentis
688 2537 793 2628 sigilli
820 2537 932 2610 nostri
951 2537 1140 2608 munimine
1166 2538 1363 2609 roboratas.
1406 2538 1533 2608 Datum
1552 2536 1818 2629 Gracoviae,
1845 2540 1881 2610 in
1908 2539 2032 2630 vigilia

476 2657 683 2730 uncinatis
711 2657 829 2730 saneti
855 2657 1027 2730 ronanus
1054 2637 1237 2748 baptistae
1264 2642 1355 2730 anna
1382 2659 1522 2731 nomm
1552 2659 1660 2731 aare.
1846 2657 1850 2662 ·

580 2885 886 2968 monasterium
929 2885 1112 2966 Sanctae
1158 2887 1359 2991 lledvipis
1403 2889 1442 2966 in
1482 2888 1781 2968 S.tradornia
1821 2904 1927 2974 situm
1973 2911 2031 2975 est

473 3022 570 3094 iuxta
587 3020 729 3092 lluuium
746 3021 945 3110 Vislam,
964 3025 1000 3091 et
1017 3019 1061 3090 de
1078 3041 1187 3111 prope
1206 3027 1345 3110 pontem
1363 3022 1525 3112 regalem,
1544 3023 1711 3094 eundo-in
1731 3022 2029 3096 Gasimiriam

345 3203 353 3210 ,
474 3143 516 3214 de
543 3141 792 3232 Cracovia,
824 3142 1022 3232 contiguum
1050 3147 1087 3213 et
1113 3163 1304 3214 connexum
1332 3143 1500 3214 ecclesiae
1527 3144 1660 3214 Beatae
1686 3143 1855 3234 Hedv'igis
1881 3151 2031 3235 aparte

473 3263 704 3352 meridionali,
732 3263 858 3354 partim
877 3269 997 3353 petra,
1020 3264 1150 3353 partim
1173 3263 1284 3335 latere
1306 3285 1333 3334 a
1355 3285 1439 3354 rege
1466 3263 1665 3336 Casimiro
1692 3264 1912 3372 fabricatum,
1941 3266 2030 3337 alias

474 3383 628 3456 cilicinas
654 3385 787 3456 babens
813 3365 965 3475 ligneas,
1002 3369 1105 3456 cellas
1133 3391 1249 3456 autem
1285 3391 1321 3457 et
1337 3386 1579 3458 ,habitationes
1604 3385 1753 3458 fratrum
1783 3387 1955 3458 murales?
1987 3387 2030 3458 In

324 3569 329 3578 .
475 3527 542 3595 quo
578 3511 722 3596 propter
754 3505 943 3577 exilitatem
978 3511 1209 3596 proventuum
1254 3508 1481 3596 monasterii,
1509 3509 1729 3599 praepositus
1765 3526 1841 3579 cum
1877 3511 2028 3600 quatuor

473 3626 641 3698 fratribus
667 3626 905 3698 tantummodo
932 3628 1110 3700 cousuevit
1145 3628 1305 3699 babitare
1340 3633 1376 3699 et
1402 3649 1476 3700 rem
1504 3629 1655 3712 diuinam
1683 3650 1804 3720 agere,
1841 3651 2029 3721 curamque

474 3749 678 3836 animarum,
717 3748 775 3838 qui
804 3748 839 3818 in
867 3747 1032 3838 hospitali
1059 3747 1209 3838 degunt,
1240 3769 1438 3838 procurare.
1482 3745 1664 3839 Hospitale
1700 3756 1816 3821 autem
1852 3751 1897 3843 ad
1924 3751 2028 3821 aliam

472 3878 609 3960 partem
645 3870 952 3960 septentrionalem
988 3891 1109 3942 uersus
1146 3870 1417 3942 Gracoviarn
1453 3871 1559 3943 situm
1585 3877 1656 3961 est,
1690 3871 1855 3943 eeclesiae
1882 3871 2031 3944 Sanctae

473 3991 706 4082 Hedvigisin
733 3991 845 4064 medio
873 3992 1021 4082 positae,
1053 3993 1252 4083 contiguum
1280 3998 1315 4063 et
1333 3993 1580 4082 continuatum,
1599 4013 1642 4063 ex
1660 3998 1759 4063 muro
1786 3993 1892 4064 etiam
1909 3973 2032 4065 ¹fabre·
2100 3992 2107 4022 “

471 4111 621 4202 lactum,
656 4113 789 4186 habens
816 4115 922 4185 etiam
950 4114 1036 4185 alias
1064 4113 1220 4186 officinas
1251 4115 1383 4203 ligneas
1410 4120 1448 4186 et
1474 4114 1718 4185 coemeterimn
1746 4115 1790 4184 ad
1819 4093 2033 4204 sepulturam

474 4239 701 4306 mortuorum.
1318 4243 1324 4249 '

576 4351 809 4442 Jueouroze,
845 4353 928 4423 villa
963 4354 1028 4424 sub
1054 4352 1221 4443 parochia
1255 4354 1298 4425 de
1335 4353 1368 4426 S.
1391 4354 1523 4428 Jacobo
1558 4357 1595 4426 in
1623 4355 1894 4446 (lesi-miria,
1932 4357 2031 4428 cuins

471 4473 667 4564 proprietas
686 4474 730 4544 ad
748 4471 998 4546 monasterium
1010 4449 1164 4546 (Sanctae
1192 4475 1362 4566 Hedvigis
1388 4477 1423 4546 in
1439 4467 1680 4549 'Stradomia'
1703 4474 1865 4568 pertinet.
1900 4479 1941 4549 Iu
1961 4500 2031 4569 qua

471 4615 539 4665 non
559 4599 641 4666 sunt
658 4595 749 4666 lanei
768 4595 1026 4684 ametbonales,l
1045 4598 1418 4688 propter-paucitatem
1436 4619 1598 4689 agrorum
1618 4605 1654 4670 et
1671 4600 1901 4680 baereditatis
1920 4620 2030 4690 angu-

471 4717 571 4805 stias,
599 4715 660 4787 sed
679 4722 761 4788 sunt
779 4722 912 4806 septem
940 4717 1180 4807 hortulaniae,
1207 4724 1243 4790 et
1261 4720 1438 4809 quaelibet
1454 4721 1565 4791 habet
1580 4742 1685 4811 agros
1703 4727 1743 4793 et·
1758 4721 1864 4801 solvit
1881 4721 2031 4812 quilibet

474 4859 539 4928 pro
558 4857 663 4916 censu
681 4839 754 4910 tres
773 4835 934 4909 latonas.
961 4837 1050 4909 Item
1069 4839 1216 4928 quilibet
1233 4840 1439 4912 hortulanus
1457 4842 1596 4915 laborat
1614 4863 1674 4914 seu
1694 4843 1769 4914 dies
1786 4844 1822 4914 in
1841 4864 1931 4914 anno
1951 4864 2032 4933 pro-

472 4960 550 5051 prio
570 4980 674 5030 curru
693 4963 754 5030 aut
772 4963 901 5049 aratro,
920 4959 1004 5030 item
1023 4981 1103 5050 ova,
1126 4961 1210 5031 item
1227 4961 1357 5052 gallon,
1375 4963 1459 5034 item
1477 4983 1611 5052 caseos3
1638 4966 1721 5035 item
1739 4987 1855 5060 033qu
1873 4965 2031 5036 non‘sol-

472 5087 573 5170 runt,
591 5101 703 5172 neque
719 5077 904 5174 poscebant
932 5081 1101 5152 laborant.
1139 5082 1245 5154 item·
1261 5104 1329 5154 non
1357 5091 1412 5155 est
1438 5085 1475 5155 in
1494 5084 1615 5156 eadem
1642 5085 1725 5156 villa
1742 5086 1894 5176 piscina,
1920 5107 2038 5176 neque
2081 5164 2083 5167 ,
2124 5107 2128 5112 ·

469 5203 711 5276 molendinum.
737 5202 826 5274 Item
841 5207 896 5274 est·
912 5202 948 5272 in
967 5203 1086 5302 eadem
1101 5203 1184 5274 villa
1202 5204 1382 5294 praedium
1401 5207 1614 5297 coenobiale,
1632 5206 1676 5277 de
1689 5209 1786 5278 cuius
1804 5207 1899 5298 agris
1917 5208 2023 5279 solvi-

475 5330 534 5394 tur
552 5324 685 5416 decimo
704 5323 928 5414 manipularis
946 5324 982 5394 in
1000 5324 1222 5416 Drogynya
1239 5327 1405 5397 ecclesiae
1422 5329 1632 5417 parochiali3
1660 5329 1795 5400 ratione
1815 5330 1911 5401 cuius
1929 5351 2031 5420 prae-

469 5445 604 5534 positus
618 5445 765 5517 Sanctae
781 5445 949 5536 Hedvigis
964 5467 1028 5536 pro
1042 5451 1207 5537 ternpore,
1225 5449 1332 5519 babet
1345 5449 1399 5520 ius
1408 5450 1620 5538 patronatus
1635 5449 1834 5522 conferendi
1848 5452 2029 5523 ecclesiam

470 5565 703 5656 parochialem
738 5569 774 5638 in
811 5567 1076 5659 Drogynya‚
1114 5589 1178 5658 per
1210 5568 1375 5642 alteratas
1412 5560 1603 5643 vacationis
1641 5571 1754 5660 vices,
1790 5592 1868 5642 curn
1904 5571 2032 5644 abbate

471 5684 709 5777 Ozirziciensi,
737 5689 833 5760 cuius
861 5695 915 5760 est
932 5690 1130 5780 proprietas
1158 5678 1262 5761 villae
1288 5691 1508 5783 Drogynp
1522 5695 1561 5762 a'
1591 5693 1678 5764 Item
1706 5712 1825 5764 omnes
1852 5692 2032 5770 hortulani
