4492 6592
541 1940 653 2082 Loca
685 1999 847 2086 ordinic
880 1971 1090 2084 btinormn
1123 2003 1178 2084 ds
1212 2002 1494 2090 Obseruantia

574 2217 1116 2406 onnoovmusrs
1146 2269 1439 2406 curuos

95 2709 96 2714 Ἰ
340 2612 426 2708 Cum
454 2634 554 2686 sacra
588 2615 689 2688 Beati
724 2617 901 2689 Francisci
928 2619 1069 2708 religio,
1096 2620 1132 2690 in
1159 2617 1328 2690 fervorem
1361 2619 1574 2708 devotionis,
1611 2640 1712 2710 quam
1740 2619 1791 2690 illi

95 2791 99 2835 ἵ
226 2732 367 2804 Beatus
394 2735 600 2808 Franciscus
628 2738 806 2809 insederat
832 2739 1058 2829 lentesceret,
1095 2740 1148 2812 vel
1177 2744 1216 2811 ut
1242 2741 1359 2812 verius
1396 2740 1507 2810 dicam
1540 2739 1790 2829 languesceret,

228 2860 372 2929 ettam
400 2856 435 2925 in
462 2859 724 2928 conversatione
752 2867 787 2930 et
815 2860 905 2948 vita,
941 2881 1042 2950 quam
1071 2861 1105 2930 in
1134 2861 1255 2932 habitu
1283 2866 1319 2932 et
1345 2861 1517 2950 moribus,
1554 2861 1587 2931 in
1617 2861 1791 2950 regionem

94 3036 98 3081 3
228 2973 529 3048 dissimilitudinis
557 2980 610 3048 sui
628 2979 786 3068 primarii
806 2981 1019 3052 institutoris
1038 3001 1189 3072 suaeque
1207 2979 1432 3072 professionis
1451 2987 1486 3052 et
1504 2980 1644 3070 regulae
1673 2981 1788 3062 diver·
1848 2965 1858 2984 ⁸

227 3095 356 3185 tisset,
391 3095 571 3188 fastusque
598 3099 791 3170 mundanos
818 3107 855 3172 et
881 3102 1078 3174 saeculares
1105 3109 1318 3190 sectaretur,
1349 3101 1533 3172 suscitavit
1557 3101 1728 3172 Dominus
1752 3102 1789 3172 in

96 3281 101 3313 ἶ
228 3214 359 3288 diebus
386 3225 424 3288 et
450 3224 588 3289 aetatae
616 3227 738 3292 nostra
771 3223 882 3292 virum
911 3222 953 3292 de
981 3222 1198 3294 Senarum
1231 3223 1372 3308 civitpte
1399 3227 1514 3294 ortum
1542 3221 1790 3294 Berucrdi·
1842 3211 1844 3214 ’
1894 3286 1899 3304 ,

228 3357 333 3408 uum
364 3339 515 3429 nomine,
551 3343 609 3430 qui
636 3341 839 3433 religionem
867 3345 976 3433 ipsam
1003 3343 1199 3433 professus,
1226 3343 1455 3416 sanctimonia
1481 3343 1583 3432 vitae,
1610 3349 1647 3414 et
1674 3343 1790 3432 signo·
1884 3327 1919 3422 ⁸,

94 3539 99 3551 ,
228 3477 309 3528 rum
347 3479 388 3528 ac
423 3460 661 3551 prodigiorum
698 3463 946 3553 stupendorurn
983 3465 1019 3534 in
1048 3466 1121 3535 rita
1148 3465 1373 3552 claresceret;
1405 3465 1459 3534 oui
1487 3442 1592 3534 etiem
1621 3462 1789 3540 Dominus

95 3565 103 3652 J
202 3577 382 3659 ,alterum
420 3583 531 3652 virum
568 3603 679 3672 aequa
714 3585 900 3655 sanctitate
940 3590 976 3655 et
1009 3585 1179 3675 prodigiis
1213 3583 1420 3673 fulgentem,
1456 3582 1478 3653 J
1489 3583 1708 3654 ohannem
1746 3585 1789 3654 de

202 3695 511 3815 ‘Capistrano
537 3724 665 3792 genere
692 3703 975 3795 Neapolitanum,
1010 3712 1047 3776 et
1072 3705 1255 3776 nobilitate
1283 3704 1412 3776 clarum
1441 3703 1612 3793 adiunxit,
1641 3723 1786 3793 quorum
1852 3749 1853 3756 κ

229 3822 511 3913 praedicatione,
538 3826 701 3896 continua
728 3827 819 3915 vita,
855 3826 1014 3898 doctrina
1049 3832 1086 3896 et
1111 3825 1280 3916 prodigiis
1316 3826 1426 3896 omnis
1462 3823 1581 3912 Italia,
1618 3843 1787 3914 omneque

95 4015 102 4023 „
230 3963 377 4033 regnum
405 3943 692 4036 Neapolitanum,
719 3967 907 4037 omnesque
934 4001 1074 4017 ......
1101 3956 1138 4018 et
1156 3946 1294 4018 Siciliae
1320 3945 1480 4036 regiones
1508 3943 1594 4015 adeo
1622 3943 1788 4016 claresce-

221 4063 336 4153 bant,
371 4062 636 4156 fulgebantnue,
672 4075 712 4138 ut
738 4090 806 4139 non
844 4089 942 4140 secus
978 4069 1056 4138 illos
1090 4070 1127 4138 in
1161 4068 1252 4157 vita,
1288 4086 1389 4156 quam
1427 4067 1548 4136 beatos
1585 4072 1621 4138 et
1648 4071 1788 4136 sanctos

95 4178 96 4183 ’
230 4192 460 4256 veneraretur
503 4195 540 4258 et
576 4188 739 4259 colerent.
799 4187 1046 4262 offerebantur
1090 4187 1216 4260 Sancto
1262 4186 1590 4258 Bernhardino
1635 4186 1671 4256 in
1716 4185 1789 4258 vita

94 4379 102 4412 ἲ
231 4306 385 4396 quinque
418 4307 583 4380 ecclesiae
619 4307 854 4401 cathedrales,
892 4310 1053 4383 videlicet
1075 4305 1267 4400 'Senonum
1301 4309 1470 4380 Perusina
1505 4313 1541 4380 et
1568 4302 1787 4395 Urbinen‘sis,

95 4417 101 4511 f
232 4446 352 4498 omnes
378 4434 496 4500 tomen
523 4451 591 4500 non
620 4451 718 4502 secus
745 4429 850 4522 atque
877 4433 974 4504 virus
1000 4452 1148 4522 perosus
1175 4437 1211 4504 et
1229 4435 1435 4521 aspernatus
1460 4430 1497 4499 in
1516 4426 1787 4519 profundissima

95 4543 97 4547 ’
233 4555 441 4639 paupertate
468 4551 575 4622 vitam
603 4551 747 4642 ducens,
774 4560 811 4624 et
829 4554 920 4651 diem
938 4555 1061 4626 mortis
1079 4574 1162 4626 suae
1182 4553 1425 4644 approximare
1443 4553 1597 4623 sentiens
1624 4569 1666 4622 ex
1686 4547 1786 4624 Senis

233 4667 302 4739 iam
330 4690 433 4760 aeger
450 4680 496 4767 ¹et
514 4673 698 4764 languidus
717 4673 928 4746 Senensibus
946 4695 990 4747 ue
1008 4677 1191 4767 quicquam
1219 4674 1487 4748 dehortantibus
1510 4678 1545 4742 et
1563 4671 1787 4744 declamanti-

233 4788 317 4881 bus,
344 4793 379 4862 in
398 4813 543 4882 regnum
562 4793 727 4885 Neapolis
754 4797 832 4885 ivit,
859 4801 896 4867 et
912 4795 1046 4870 duobus
1073 4796 1241 4868 fratribus
1268 4795 1381 4867 latera
1407 4795 1482 4866 eius
1510 4793 1786 4864 sustentantibus

235 4911 271 4980 in
289 4913 584 5005 Aquilegiam
612 4918 791 5006 pervenit,
819 4917 959 5007 illicque
975 4918 1011 4988 in
1030 4917 1151 5007 vigilia
1168 4916 1392 4988 Ascensionis
1409 4914 1550 4986 Domini
1578 4913 1668 4984 diem
1689 4912 1785 5000 obiit,

161 5112 169 5123 .
234 5037 332 5106 tauto
367 5036 613 5108 miraculorum
640 5057 765 5109 acervo
801 5039 836 5108 in
864 5039 938 5109 vite
973 5045 1009 5109 et
1035 5045 1116 5127 post
1142 5043 1288 5108 mortem
1325 5055 1527 5124 coruscans,
1564 5039 1603 5104 ut
1637 5033 1785 5124 septimo

236 5161 313 5242 post
331 5155 422 5227 diem
441 5157 495 5227 sui
513 5158 628 5229 obitus
646 5178 751 5259 anno,
778 5158 944 5233 Romae
972 5181 993 5230 a
1019 5157 1218 5232 Nicolao
1244 5177 1335 5248 papa
1361 5155 1547 5245 Quinto,
1574 5153 1783 5226 Johanne
1883 5151 1886 5158 ’

237 5272 278 5344 de
304 5275 586 5366 Capistrano
613 5280 740 5350 comite
767 5300 830 5350 suo
857 5287 894 5350 ct
920 5281 1014 5351 socio
1040 5279 1239 5369 individuo,
1263 5277 1560 5361 ¹canonisationem
1588 5297 1684 5347 suam
1713 5296 1784 5346 om·

226 5397 334 5470 ‘nibus
370 5399 502 5472 viribus
538 5400 763 5491 sollicitante,
797 5401 916 5472 indie
948 5401 1153 5473 Natiuitatis
1189 5401 1337 5472 Sanctae
1364 5397 1500 5470 Mariae
1527 5417 1617 5470 anno
1644 5397 1783 5472 Domini

241 5519 336 5592 1440
364 5575 505 5592 ......
531 5523 804 5598 canonisaretur.
843 5521 930 5594 Post
965 5523 1062 5594 ouius
1090 5523 1382 5596 canonisatiouem
1419 5527 1454 5590 et
1481 5527 1627 5596 mortem
1655 5519 1786 5590 Beatus

119 5693 127 5708 ,
237 5641 341 5718 irater
367 5643 391 5716 J
400 5644 604 5715 ohannes
630 5645 672 5714 de
690 5643 971 5736 Capistrano
997 5646 1111 5716 socius
1130 5665 1212 5716 suus
1231 5663 1354 5732 parum
1372 5643 1501 5714 ducens
1517 5641 1650 5732 Italiae,
1668 5639 1787 5732 Napu·
