4492 6592
521 748 596 820 310

519 953 668 1026 Michael
696 955 739 1026 de
766 954 980 1046 (lzyszow
1016 956 1226 1029 castellanus
1253 956 1546 1030 Sandomiriensis
1572 964 1609 1031 et
1635 961 1742 1032 castri
1768 957 2066 1034 Zawicbostb

518 1077 731 1164 tenutarius,
756 1076 883 1149 nobilis
918 1075 961 1146 de
997 1077 1098 1148 domo
1134 1077 1373 1148 Polukoza
1407 1077 1574 1150 fabricam
1609 1081 1776 1152 ecclesiae
1802 1087 1839 1152 et
1866 1084 2067 1154 monasterii

517 1198 812 1272 Zawichostb
840 1217 861 1266 a
888 1195 1044 1267 Tartaris
1071 1203 1107 1268 et
1133 1198 1293 1269 barbaris
1320 1197 1449 1268 dudum
1477 1206 1559 1270 aute
1585 1206 1744 1274 exustum
1770 1201 1893 1291 diruit,
1918 1208 1956 1274 et
1981 1203 2067 1291 lapi·

517 1321 579 1394 des
606 1325 710 1416 atque
745 1318 873 1388 lateres
908 1317 1043 1388 dirutos
1070 1318 1104 1387 in
1134 1316 1348 1407 Ozyszow
1375 1318 1519 1390 deduxit
1544 1325 1581 1390 et
1606 1327 1724 1392 castro
1751 1342 1814 1392 suo
1841 1321 2067 1412 Gzyszow,

517 1441 608 1531 quod
634 1447 718 1511 tnnc
743 1437 981 1509 fabricabatur
1007 1439 1162 1508 inseruit.
1190 1437 1309 1527 Quod,
1335 1458 1411 1508 oum
1439 1438 1716 1515 Vladislaus
1742 1463 1804 1512 rex
1832 1440 2002 1514 Poloniae
2027 1463 2067 1513 ex

516 1559 703 1633 Lithv'auia
729 1559 861 1630 babens
887 1563 969 1628 tnnc
995 1577 1110 1628 secum
1133 1558 1169 1628 in
1188 1557 1351 1629 comitiva
1368 1556 1605 1642 Alexandrum
1623 1559 1878 1634 Vitandum
1906 1582 2067 1650 maguum

516 1682 637 1753 ducem
673 1679 879 1752 Litbvaniae
915 1697 1076 1748 reversus
1112 1675 1331 1766 offendisset,
1357 1678 1476 1749 dolore
1503 1680 1610 1752 nimio
1636 1681 1884 1772 exacerbatus,
1912 1679 2067 1753 furorem

515 1822 614 1874 suum
641 1803 677 1872 in
704 1798 909 1870 Michaelem
945 1798 1164 1868 coacervarit
1199 1802 1236 1868 et
1262 1798 1448 1887 sponsione
1475 1799 1588 1888 rigida
1614 1800 1726 1890 ipsum
1753 1801 1798 1872 ad
1824 1801 2068 1891 reparandum,

515 1931 601 2014 qu'ae
629 1920 812 1993 demolitus
839 1923 934 2006 erat,
962 1918 1139 2008 obligavit.
1178 1916 1325 2007 Sponsio
1351 1923 1468 1990 tamen
1496 1919 1565 2009 illa,
1593 1921 1687 2010 regis
1714 1921 1767 1991 ira
1793 1921 2068 2012 conquiescente,
2142 1927 2144 1932 ’

514 2064 583 2113 non
611 2041 676 2113 fuit
703 2040 853 2130 impletu,
880 2044 916 2108 et
942 2036 1079 2108 divinae
1107 2037 1253 2108 iniuriae
1280 2038 1367 2109 ultio
1392 2038 1668 2110 dissimulatione
1686 2041 1859 2130 neglecta3
1877 2041 1941 2112 sed
1960 2062 2064 2130 quum
2142 2020 2144 2027 ’

516 2163 587 2233 illic
614 2181 749 2252 qnoque
784 2160 880 2230 locus
907 2177 1027 2248 parum
1054 2163 1151 2228 tutus
1178 2177 1242 2246 pro
1269 2158 1588 2230 sanctimonialibus
1615 2159 1812 2249 videretur,
1839 2163 1875 2233 iu
1903 2160 2066 2233 Gracc
2142 2165 2144 2260 ἐ

498 2285 632 2353 =viam
659 2281 737 2352 illas
763 2278 952 2366 transtulit,
979 2283 1015 2348 et
1042 2277 1222 2348 ecclesium
1248 2276 1281 2348 S.
1309 2277 1469 2349 Andreae
1488 2284 1588 2350 extm
1606 2280 1784 2352 ciuitatem
1801 2287 1888 2352 tunc
1907 2282 2067 2370 positam

420 2389 423 2398 ’
513 2411 551 2474 et
585 2402 696 2474 locum
733 2420 796 2490 pro
832 2397 1060 2487 monasterio,
1097 2398 1134 2468 in
1171 2417 1239 2486 quo
1274 2403 1310 2467 et
1345 2398 1512 2470 hactenus
1548 2400 1743 2472 consistunt
1769 2401 1838 2470 illis
1865 2401 2066 2491 assignarit

513 2521 797 2596 Helizabetb
833 2519 981 2608 deniqne
1008 2516 1168 2590 Caroli
1194 2516 1394 2607 Hungariae
1420 2506 1683 2610 regis'relicta,
1709 2526 1746 2592 et
1772 2542 1873 2594 soror
1898 2542 2063 2611 germana
2142 2515 2144 2594 ᾗ

512 2643 732 2715 Gasimiri
759 2639 959 2712 Secundi
985 2637 1153 2709 Polouiae
1178 2638 1281 2728 regis,
1308 2638 1390 2710 dnm
1417 2637 1582 2711 Poloniae
1608 2660 1753 2730 regnum
1778 2662 1822 2712 ex
1840 2643 2061 2714 concessione

512 2763 575 2836 filii
601 2764 655 2836 sui
681 2761 907 2832 Ludovici
934 2758 1135 2848 Hungariae
1161 2764 1198 2828 et
1224 2756 1389 2829 Poloniae
1415 2759 1529 2850 regia,
1555 2761 1615 2850 qui
1641 2759 1872 2833 Gasimiro
1899 2763 1937 2833 in
1964 2761 2064 2833 Polo

512 2886 590 2964 uiae
617 2903 724 2974 regno
752 2885 975 2968 successerat,
1002 2879 1038 2948 iu
1065 2897 1130 2950 sua
1155 2879 1363 2949 consisteret
1388 2864 1529 2968 ditione,
1555 2879 1624 2951 dno
1651 2881 1824 2971 virginum
1842 2883 2062 2970 monasteria

512 3004 674 3076 videlicet
709 3000 827 3073 Sancti
863 2999 1023 3070 Andreae
1059 2999 1095 3068 in
1122 2996 1350 3069 Gracovia
1375 3003 1411 3068 et
1446 2998 1684 3101 Antiquae
1709 2992 2062 3091 Sande'ca'aliena

512 3125 594 3195 dote
621 3122 767 3212 amplius
803 3119 984 3206 dotatnra,
1012 3137 1132 3189 omnes
1167 3117 1319 3190 decimas
1345 3118 1580 3208 manipulares
1605 3126 1643 3190 et
1669 3121 1868 3209 pecuniales
1895 3123 1931 3192 in
1958 3124 2061 3194 terri-

511 3243 603 3314 torio
630 3239 857 3314 Sandeczensi
884 3239 1131 3327 consistentes,
1157 3243 1194 3308 et
1220 3237 1265 3308 ad
1291 3257 1443 3310 mensam
1470 3239 1702 3329 episcopalem
1729 3237 1964 3331 pertinentes,
1992 3243 2062 3313 vio

512 3363 624 3432 lenter
650 3365 803 3450 occupat,
831 3363 867 3430 et
894 3377 952 3429 eas
971 3356 1272 3428 Bodzanthae
1298 3358 1460 3446 episcopo
1478 3364 1562 3430 tunc
1579 3358 1800 3432 Gracoviensi
1818 3381 1881 3451 per
1899 3362 2061 3434 iniuriam
2141 3380 2142 3439 i

512 3481 664 3570 ablatas,
693 3481 783 3550 inter
814 3477 971 3568 praefata
997 3476 1115 3549 Sancti
1142 3477 1304 3548 Andreae
1339 3485 1376 3549 et
1402 3479 1641 3568 Antiquae
1667 3479 1873 3552 Sandecz
1900 3483 2062 3572 partitur,
2141 3500 2142 3583 ,

511 3623 601 3673 auno
628 3601 766 3674 Domini
798 3600 895 3670 1300
924 3599 1001 3689 (sic)
1029 3617 1175 3688 quarum
1198 3599 1455 3670 restitutionem
1473 3599 1554 3670 dum
1572 3599 1851 3672 Bodzantba
1876 3603 2060 3694 episcopus
2141 3610 2142 3617 ’

508 3727 545 3792 et
570 3721 850 3811 interpellatione
886 3719 1033 3790 honesta
1068 3718 1208 3809 erigere
1243 3739 1313 3790 non
1341 3721 1477 3808 poss'et,
1504 3719 1548 3790 ad
1575 3719 1906 3792 Innocentium
1933 3743 2056 3814 papan
2140 3724 2141 3735 ’

510 3843 691 3914 Sextum
717 3841 841 3912 babuit
868 3857 1064 3927 recursum,
1091 3858 1298 3927 causamque
1325 3837 1348 3909 J
1357 3839 1555 3910 olendae
1590 3838 1710 3914 Sancti
1738 3841 1900 3914 Andreae
1927 3850 1965 3914 et
1991 3843 2058 3914 Af·

509 3963 609 4034 frae
646 3962 880 4052 Antiquae
921 3958 1129 4030 Sandecz
1168 3958 1355 4030 abbatissis
1391 3979 1432 4028 ac
1467 3979 1585 4030 earum
1622 3961 1869 4051 conventibus,
1903 3964 1941 4034 in
1976 3965 2059 4036 urbe

509 4083 552 4154 de
570 4083 680 4172 spolio
707 4081 901 4170 committit,
928 4073 979 4150 et'
992 4097 1107 4150 coram
1136 4077 1408 4150 Bernhardo
1435 4079 1696 4170 archiepiscopo
1714 4079 1946 4171 Neapolitano
1963 4084 2057 4156 audi·

506 4209 593 4292 tore,
620 4203 663 4276 de
690 4207 836 4292 utroque
864 4199 1029 4270 coenobio
1056 4219 1119 4288 per
1146 4199 1353 4270 sententiam
1380 4198 1594 4272 definitivam
1620 4199 1729 4272 refert
1746 4203 1966 4292 sententiam,
1982 4204 2053 4276 fue·

508 4329 657 4414 runtque
683 4321 880 4396 abbatissae
907 4324 944 4390 et
971 4318 1251 4390 sanctimoniales
1278 4317 1456 4409 praefatae
1482 4321 1639 4392 censuris
1664 4319 1877 4410 Apostolicis
1903 4329 2056 4413 tempore

506 4465 576 4515 non
602 4462 719 4532 parvo,
746 4440 856 4512 donee
882 4440 925 4511 de
952 4439 1044 4510 omni
1072 4436 1323 4526 satisfacerent,
1351 4439 1684 4528 excommunicatam
1711 4446 1748 4510 et
1765 4443 1923 4530 quamvis
1942 4444 2055 4533 plures

506 4563 609 4634 villae
636 4567 672 4634 et
698 4567 887 4653 proventus
914 4559 1025 4631 eidem
1053 4558 1266 4630 monasterio
1292 4559 1329 4628 in
1356 4558 1471 4630 dotem
1490 4560 1699 4650 assignatae,
1717 4561 1905 4634 distractae
1921 4569 1961 4634 et
1977 4564 2055 4634 alie

506 4689 611 4754 name
637 4684 718 4771 sint,
744 4701 808 4752 nos
834 4687 949 4752 mmen
978 4679 1180 4768 ampliorem
1207 4677 1454 4750 alienationem
1479 4701 1544 4770 pro
1580 4681 1719 4752 modulo
1753 4682 1906 4754 bumauo
1932 4687 2051 4756 restri-

395 4875 397 4882 ,
506 4803 606 4894 cturi,
633 4801 798 4893 reliquias
825 4799 1040 4890 oppidorum,
1067 4799 1226 4871 villarum
1252 4805 1290 4870 et
1315 4799 1519 4872 introituum
1538 4801 1574 4870 iu
1592 4802 1766 4890 praesenti
1783 4810 1943 4892 regestro
1960 4825 2055 4876 cura·

508 4927 619 4998 vimus
646 4927 823 4995 annotare.

609 5045 877 5131 Zawrcuosrn,
904 5018 1067 5130 oppidum
1095 5039 1132 5110 in
1149 5046 1247 5110 terra
1263 5039 1535 5112 Sandomiriensi
1561 5046 1597 5112 et
1614 5043 1713 5114 iuxta
1738 5041 1916 5114 Vislam
1943 5047 2053 5134 sitnm,

501 5169 633 5240 babens
659 5167 754 5236 intra
788 5183 825 5234 se
852 5161 938 5232 duas
973 5159 1189 5250 parochiales
1224 5160 1343 5233 ambas
1378 5166 1548 5249 muratas,
1583 5181 1687 5234 unam
1722 5160 1872 5235 Sanctae
1907 5164 2050 5254 Manae,

384 5281 391 5296 ⁸
504 5289 600 5360 cuius
627 5285 811 5358 canonicus
838 5280 1128 5354 Sandomiriensis
1154 5279 1197 5350 de
1214 5279 1413 5368 praebenda
1439 5279 1640 5353 Koniocslra
1666 5281 1789 5357 unicus
1816 5289 1872 5355 est
1898 5286 2050 5372 collator,

503 5409 649 5480 alteram
684 5405 832 5478 Sanctae
868 5401 1069 5490 Trinitatis,
1105 5400 1203 5475 cuius
1238 5399 1501 5472 archidiaconus
1537 5400 1816 5506 Zaricbostensis
1851 5405 1975 5478 unicus
2002 5410 2051 5478 est

504 5527 659 5616 collator,
677 5526 721 5598 ad
739 5524 989 5615 proprietatem
1007 5520 1210 5592 monasterii
1228 5517 1346 5592 Sancti
1363 5519 1526 5592 Andreae
1543 5523 1738 5612 pertinens,
1755 5523 1923 5596 donatum
1939 5527 2047 5598 eidem

505 5647 670 5718 menobio
705 5665 769 5735 per
804 5642 1071 5714 Boleslanm
1105 5639 1324 5712 Pndicum
1357 5640 1490 5712 ducem.
1529 5640 1571 5712 lu
1606 5663 1675 5732 quo
1709 5649 1792 5717 sunt
1821 5645 2050 5736 qmdragiuta
