4492 6592
504 714 603 812 soa„
652 772 659 789 ,

506 921 550 993 de
586 921 660 993 suis
695 918 981 1010 principatibus„
1004 919 1040 990 in
1079 918 1357 1011 supplementum
1393 920 1614 1009 monasterii,
1651 920 1766 1011 aliqua
1799 922 1897 993 bona
1930 928 1964 993 et
1993 924 2044 997 nl·

506 1045 578 1133 las,
614 1050 652 1113 et
681 1040 773 1132 qnod
802 1020 866 1132 eqo
893 1040 1053 1112 omnibus
1082 1039 1183 1113 donis
1210 1041 1322 1111 maius
1350 1046 1491 1131 reputo,
1526 1042 1684 1113 omnibus
1720 1043 1812 1113 villis
1841 1042 2045 1117 haereditati

506 1166 572 1239 bus
610 1171 647 1235 et
673 1163 774 1235 bonis
810 1164 843 1233 in
872 1162 1121 1235 monasterinm
1157 1161 1456 1253 Wanohoczense,
1492 1168 1527 1235 et
1554 1184 1576 1235 a
1602 1185 1640 1235 se
1675 1170 1711 1235 et
1732 1165 1782 1236 ab
1810 1164 1892 1235 aliis
1922 1165 2045 1258 collata

360 1286 364 1297 '
507 1287 644 1377 plenam
671 1285 869 1356 libertatem
898 1307 920 1355 a
947 1284 1094 1375 singulis
1120 1284 1295 1374 oneribus,
1321 1284 1473 1375 tributis,
1501 1284 1615 1374 datiis,
1641 1284 1934 1375 expeditionibus
1959 1307 2046 1377 auga

503 1408 580 1479 -riis
606 1414 643 1478 et
669 1406 919 1497 praeangariis,
946 1405 1112 1496 collectis,
1140 1406 1314 1497 suffragiis
1341 1412 1377 1477 et
1399 1406 1671 1501 quibuscumque
1697 1406 1775 1479 aliis
1801 1406 2047 1481 contribution—

507 1531 582 1619 bns,
610 1527 798 1600 ordinariis
824 1532 861 1597 et
887 1510 1261 1616 extraordinariam
1288 1533 1385 1599 certa
1412 1528 1558 1599 scientia
1584 1528 1677 1599 circa
1704 1528 1964 1599 innovationem
1978 1528 2047 1600 -lnn-
2121 1468 2124 1593 l

510 1649 671 1740 dationis,
699 1647 899 1721 contulisse.
926 1647 1019 1736 Quas
1038 1647 1175 1739 quidem
1195 1647 1400 1721 donationes
1418 1654 1455 1719 et
1472 1647 1668 1741 donatores,
1686 1648 1785 1720 circa·
1797 1647 2047 1739 descriptionem

510 1771 614 1859 villae
650 1767 853 1860 cuinslibet,
890 1791 933 1841 ne
969 1770 1025 1839 cui
1060 1790 1228 1859 praesens
1264 1769 1439 1861 scriptura
1473 1769 1517 1841 ad
1553 1768 1834 1843 incredulitatem
1871 1770 2049 1861 scrupulum

510 1898 659 1983 moreat,
686 1891 884 1965 curabimus
910 1895 1091 1963 annotare.
1786 1912 1789 1926 ·
2122 1866 2124 1933 l

536 2214 539 2219 ,
617 2134 872 2209 Monosterinm
899 2135 935 2207 in
962 2134 1328 2225 Wanchoc'zslro,
1364 2135 1408 2209 ad
1435 2137 1579 2211 fluvium
1603 2137 1840 2231 Kamyona
1876 2138 1977 2212 sitnm
2000 2145 2049 2229 est,
2122 2088 2124 2177 l

514 2259 559 2331 ab
586 2257 713 2351 oppido
742 2256 1085 2331 Wanchoozsko
1120 2258 1238 2350 aliqua
1273 2258 1441 2331 distantia
1475 2259 1696 2359 distinctum,
1722 2266 1759 2332 et
1785 2267 1997 2353 separatum,
2021 2269 2049 2334 et
2122 2242 2124 2375 l

514 2383 595 2455 alba
621 2382 827 2455 IabrIcatum
853 2388 965 2472 petra,
992 2381 1091 2453 cnins
1116 2381 1232 2453 etlam·
1251 2381 1377 2473 cellae,
1418 2381 1602 2455 refectoria
1629 2390 1665 2455 et
1690 2384 1780 2457 aliae
1806 2383 1965 2457 officinae
1988 2405 2049 2457 coo
2122 2424 2124 2487 4

514 2503 689 2594 nobiales,
724 2503 853 2593 partim
879 2524 923 2575 ex
949 2509 1069 2593 petra,
1104 2504 1233 2594 partim
1251 2526 1303 2576 ex
1332 2510 1429 2577 cocto
1463 2504 1574 2577 latere
1610 2512 1769 2577 muratae
1804 2512 1890 2577 sunt
1920 2508 2050 2577 serieet
2122 2522 2124 2565 l

514 2625 616 2697 modo
642 2624 773 2715 humili,
801 2630 837 2695 et
862 2624 1048 2716 pleraeque
1075 2625 1182 2696 etiam
1200 2630 1282 2697 sunt
1299 2624 1541 2723 testudinans,
1568 2632 1604 2697 et
1630 2609 1743 2698 omnis
1768 2626 1905 2699 fabrica
1929 2626 2049 2697 muralis
2122 2626 2124 2691 l

513 2745 663 2839 praefati
688 2745 892 2819 monasterii
928 2764 1034 2836 opere
1060 2745 1179 2817 italico
1215 2746 1379 2836 perlecta
1407 2746 1543 2818 est-A
1571 2746 1749 2838 primaeva
1774 2748 1870 2821 enim
1897 2748 1967 2819 eius
1989 2747 2049 2817 fm-

362 2944 365 2948 ,
514 2868 655 2941 datione
690 2874 727 2939 et
761 2866 958 2956 dotatione,
998 2888 1102 2957 quam
1143 2865 1328 2939 Gedeon
1368 2868 1550 2959 episcopus
1565 2878 1568 2883 '
1586 2856 1828 2947 Crotoniensis
1864 2868 1909 2941 de
1942 2868 2049 2941 fanilla
2123 2852 2124 2907 3

516 2988 800 3078 Griiiouum,
826 2988 863 3059 in
889 2986 996 3061 nouo
1023 2987 1193 3061 bonorum
1220 2983 1468 3080 episcopalium
1494 2989 1675 3084 hrndasae,
1716 2996 1753 3062 et
1779 2989 1824 3063 de
1853 2990 1951 3062 honis
1974 3010 2048 3060 men-
2123 3010 2124 3073 ᾗ

475 3152 479 3161 -
516 3133 575 3182 sae
602 3110 810 3201 episcopalis
837 3108 1078 3183 cracoviensis
1112 3110 1222 3183 scitur
1248 3109 1407 3200 dotasse,
1443 3090 1512 3183 non
1538 3111 1599 3183 alii
1626 3132 1729 3203 quarn
1761 3110 1805 3183 de
1831 3132 1959 3202 genere
1982 3109 2048 3181 italo

515 3233 706 3304 fratres'et
731 3230 891 3303 monachi
917 3230 1140 3327 habitabant,
1178 3232 1244 3305 sibi
1277 3231 1423 3307 invicem
1460 3232 1702 3323 succedentes,
1738 3254 1849 3325 usque
1876 3230 1920 3305 ad
1945 3252 2047 3303 annon
2123 3242 2124 3247 ’

518 3352 658 3425 Domini
689 3353 798 3444 1420,
837 3374 941 3443 quum
969 3350 1091 3425 Poloni
1118 3352 1173 3425 rel
1200 3354 1412 3444 nesciebant,
1440 3354 1493 3445 vel
1521 3354 1687 3429 nolebant
1713 3374 1892 3430 manmena
1918 3352 2047 3425 habitan

520 3482 556 3549 et
582 3474 739 3547 ordinem
778 3474 1033 3565 monachalem,
1072 3474 1295 3549 observantia
1334 3476 1426 3549 enim
1467 3468 1655 3567 mgularis'
1679 3477 1877 3569 apparebat
1911 3474 1976 3547 iIIIs
2000 3473 2064 3544 dil·

520 3597 620 3671 licilis
647 3604 683 3669 et
710 3595 809 3686 dnra;
835 3596 926 3669 unde
952 3596 989 3668 in
1016 3596 1154 3689 signum
1180 3598 1292 3689 huius,
1320 3597 1436 3689 plures
1470 3598 1578 3671 libros
1605 3598 1755 3671 italosa
1780 3598 1947 3672 fratribus
1971 3594 2047 3669 Italis
2123 3596 2124 3599 ’

518 3719 563 3792 ad
590 3718 839 3791 monasterium
866 3719 1075 3810 importatos
1102 3718 1267 3810 reperies.
1544 3815 1547 3823 Ι

607 3840 795 3933 ‘Oppidum
823 3838 1189 3935 Wanchoczsko,
1224 3841 1356 3914 hahens
1383 3842 1419 3913 in
1447 3862 1485 3913 se
1511 3840 1745 3932 parochialem
1782 3841 1958 3929 ecclesiam
1982 3838 2046 3910 San·

519 3969 596 4035 ctae
623 3961 848 4052 Helizabeth,
884 3962 982 4035 iuxta
1008 3960 1149 4035 flurium
1176 3960 1410 4054 Kamyona
1444 3963 1570 4053 situm,
1597 3984 1660 4053 per
1686 3960 1945 4035 Gedeonem
1980 3958 2046 4031 alia
2122 4010 2124 4019 Α

519 4070 711 4159 Getlram
738 4084 936 4176 eplacopum
973 4083 1256 4174 tirasonensem,
1292 4105 1334 4157 ex
1363 4085 1578 4175 proprietate
1604 4090 1641 4157 et
1667 4084 1821 4158 dominio
1859 4086 2047 4175 episcopan

404 4204 408 4212 ’
519 4206 761 4294 Crotoniensis
787 4204 962 4279 donatum.
988 4205 1028 4277 In
1056 4227 1124 4297 quo
1153 4226 1221 4279 nou
1249 4212 1331 4279 suut
1356 4205 1466 4297 aliqui
1492 4206 1579 4279 certi
1593 4206 1699 4282 lanei
1725 4206 1979 4298 oppidanorum,
2001 4198 2046 4275 sed

520 4329 636 4421 pecias
662 4348 836 4419 agrorum,
862 4333 899 4399 et
925 4326 1114 4401 secundnm
1141 4327 1370 4419 quantitatem
1398 4346 1582 4420 agrorum,
1609 4328 1748 4407 solvunt
1774 4348 1924 4417 censum,
1948 4330 1979 4397 et
1999 4321 2046 4393 ali-

521 4450 580 4541 qui
606 4449 747 4521 solvunt
772 4469 837 4539 pro
863 4469 969 4521 ceusu
996 4469 1060 4540 per
1085 4448 1233 4523 mediam
1260 4456 1421 4539 marcam,
1448 4448 1556 4540 aliqui
1583 4470 1647 4546 per
1673 4438 1854 4540 fertonem,
1882 4446 1978 4537 aliqui
1999 4460 2046 4533 per

521 4570 638 4643 decem
664 4591 815 4662 grossos,
842 4570 953 4666 aliqui
976 4592 1039 4662 per
1067 4590 1128 4643 sex
1147 4590 1307 4662 grossos.
1333 4570 1421 4643 Item
1449 4576 1504 4643 est
1530 4571 1565 4643 in
1593 4570 1713 4645 eodem
1741 4571 1871 4663 oppido
1897 4565 2044 4662 praediun

521 4692 731 4782 coenobiale,
757 4692 800 4763 de
827 4692 924 4765 cuins
950 4693 1045 4784 agris
1071 4693 1319 4765 monasterium
1332 4764 1335 4769 ,
1348 4714 1412 4783 pro
1431 4714 1468 4765 se
1487 4693 1581 4765 toIIIt
1598 4692 1775 4765 decimam.
1802 4692 1891 4765 Item
1909 4690 1948 4763 de
1964 4703 2045 4760 censu

522 4814 732 4907 proveniunt
758 4793 968 4886 monasterio
995 4834 1056 4887 sor
1083 4834 1220 4889 marcae
1247 4821 1284 4888 et
1311 4834 1371 4887 sex
1398 4814 1526 4907 grossi,
1553 4815 1637 4887 item
1654 4814 1880 4919 vultra-haec,
1907 4811 2044 4885 advocato

522 4958 593 5011 nna
618 4958 736 5010 marca
762 4936 831 5008 dno
857 4937 980 5026 grossi.
1024 4936 1113 5008 Item
1141 4936 1185 5009 de
1212 4938 1308 5037 agris
1343 4936 1594 5027 oppidanorum
1631 4936 1765 5009 decima
1790 4930 2043 5027 manipulariset

523 5060 701 5152 canapalis
728 5058 886 5148 solvitur,
912 5064 949 5129 et
975 5052 1180 5135 conducitur
1206 5068 1270 5150 pro
1297 5056 1805 5149 monasterioWanchoczensi,
1831 5064 1869 5130 et
1886 5054 1974 5129 calm
1988 5048 2043 5121 eius

522 5178 728 5254 aestimatur
755 5180 800 5253 ad
826 5179 1009 5283 duodecim
1036 5185 1180 5253 marcas.
1207 5180 1294 5253 Item
1314 5186 1396 5254 sunt
1422 5179 1518 5253 iuxta
1536 5180 1783 5259 monasterium
1810 5178 1897 5253 duae
1921 5172 2043 5268 piscinae

523 5305 643 5394 sona,
671 5305 706 5377 a
733 5303 872 5375 numine
899 5302 1151 5395 samona,
1183 5284 1347 5375 amasae
1375 5324 1438 5394 per
1466 5301 1646 5375 namnum
1675 5301 1819 5391 Rziga
1844 5290 2040 5384 muman

470 5404 481 5421 ¹
525 5401 670 5517 qnardln
706 5448 775 5498 una
810 5424 1043 5497 molendinum
1078 5424 1225 5517 honum,
1261 5424 1304 5497 de
1332 5446 1400 5517 qno
1427 5406 1596 5497 metretae
1622 5423 1833 5497 hraseorum
1870 5430 1904 5497 et
1928 5418 2041 5505 fffruguffl
2079 5422 2080 5425 ’

525 5548 654 5619 dantur
680 5546 901 5620 monasterio.
935 5546 1024 5619 Item
1052 5552 1134 5621 sunt
1160 5546 1354 5619 aliaetres‘
1378 5546 1531 5637 placinae
1558 5545 1761 5619 monasterii
1788 5536 2040 5625 iuxta‘Wolya'

526 5667 615 5739 Item
642 5668 678 5739 in
706 5668 826 5742 eodem
853 5668 981 5760 oppido
1009 5674 1064 5743 est
1090 5668 1292 5777 advocatla,
1328 5675 1416 5763 quae
1443 5668 1549 5741 habet
1575 5667 1662 5741 duos
1689 5666 1809 5771 laneos
1835 5680 1989 5758 agrorum,
2010 5652 2041 5725 (lt
