4492 6592
1667 782 1768 866 211¹

190 996 384 1102 conducunt
410 997 580 1070 decimam
605 997 856 1088 manipularem
884 1002 919 1068 et
945 997 1162 1088 canapalem,
1191 1016 1259 1088 pro
1284 1000 1483 1089 praebenda
1510 999 1742 1091 cracoviensi,

191 1119 281 1190 dicta
316 1118 536 1209 Tbopolska,
564 1123 600 1189 et
628 1121 834 1190 aestimatur
870 1119 913 1189 ad
941 1118 1090 1190 sedecim
1117 1140 1261 1190 marcas.
1297 1119 1386 1191 Item
1413 1121 1645 1192 molendinum
1673 1145 1742 1193 non

190 1244 256 1329 est,
285 1234 348 1310 sed
384 1240 518 1331 piscina
554 1261 623 1310 uua
653 1241 715 1310 est.
757 1238 916 1311 Continet
943 1259 1019 1310 cum
1048 1237 1349 1329 Goszczicze,
1377 1239 1743 1338 Krzyszowicze,

191 1359 583 1450 Scaepanouicze,
611 1359 961 1450 MarszouyecZ,
988 1360 1290 1453 Irubor'zycza
1317 1367 1354 1433 et
1381 1354 1648 1454 eiusWolya,
1668 1366 1743 1435 ubi-

191 1499 253 1571 que
279 1477 429 1576 apazdy.
491 1535 494 1546 .

290 1599 485 1693 Gnaeum,
513 1603 596 1674 villa
623 1603 687 1673 sub
714 1603 880 1693 parocbia
907 1603 950 1674 de
977 1599 1306 1675 Poborowicze
1333 1601 1410 1695 sita,
1429 1605 1525 1677 ouius
1546 1607 1743 1696 proprietas

190 1721 252 1791 etsi
279 1721 381 1810 prius
417 1721 632 1793 solummodo
668 1743 732 1813 pro
744 1725 753 1766 1'
768 1723 955 1795 medietate
992 1724 1113 1795 maiori
1151 1725 1195 1795 ad
1217 1726 1479 1796 monasterium
1517 1727 1743 1799 Thincziense

189 1842 388 1931 pertinebat
415 1855 456 1914 en
485 1845 646 1945 antiquo,
666 1845 833 1916 minorem
860 1851 976 1917 tamen
1005 1845 1224 1917 medietatem
1253 1846 1338 1935 eius,
1356 1847 1463 1917 salvis
1482 1847 1616 1919 duobus
1635 1849 1744 1918 laneis

191 1963 356 2034 nobilium
394 1963 437 2036 de
472 1963 647 2056 Sarbye
684 1972 720 2037 et
746 1967 892 2038 taberna
919 1987 987 2038 una
1013 1967 1152 2058 plebani
1180 1968 1223 2038 de
1250 1965 1485 2058 qulicze,
1513 1968 1744 2040 Matthias

190 2083 294 2154 ebbae
323 2085 542 2158 Tlunciensis
571 2098 663 2158 auno
688 2087 827 2158 Domini
859 2089 967 2161 1474.
986 2089 1028 2160 de
1056 2101 1226 2161 consensu
1253 2087 1476 2160 Gasimiri
1504 2089 1660 2160 Tertii
1678 2087 1745 2159 Po-

190 2205 301 2274 louiae
328 2207 432 2296 regis,
449 2195 526 2297 'pro
552 2205 816 2297 quadringentis
845 2209 1095 2300 quinquaginta
1122 2211 1249 2281 marcis
1271 2209 1363 2300 apud
1389 2209 1599 2282 Dobeslaum
1620 2209 1746 2281 Obar-

190 2326 367 2417 uinsky
395 2327 544 2400 nolnlem
573 2327 616 2398 de
644 2329 747 2400 domo
768 2320 775 2399 .’
791 2345 801 2399 ’.
822 2385 829 2399 .
849 2386 882 2400 ..
910 2331 1044 2402 coemit.
1083 2331 1123 2401 In
1153 2326 1221 2421 qua
1248 2336 1329 2402 suut
1355 2336 1427 2402 tres
1454 2332 1625 2402 militares
1652 2331 1744 2401 lanei
1859 2417 1865 2422 .
1913 2301 1950 2361 j

190 2447 434 2538 ametbonales,
462 2455 498 2519 et
524 2468 613 2522 unus
639 2469 703 2540 pro
731 2468 835 2522 censu
864 2451 968 2524 solvit
995 2471 1097 2524 unam
1117 2439 1280 2544 marcam,
1299 2453 1387 2524 alius
1406 2475 1509 2524 uuam
1529 2438 1744 2544 sexagenam,

121 2631 125 2638 .
190 2567 312 2638 tertius
349 2587 454 2640 unam
491 2589 641 2643 marcam
679 2590 754 2643 cum
783 2573 932 2644 sedecim
960 2575 1099 2664 scottia,
1127 2575 1210 2645 item
1238 2594 1304 2645 ova
1330 2573 1494 2665 triginta,
1524 2574 1605 2644 item
1632 2573 1743 2664 gallos

191 2689 283 2779 duos,
312 2691 397 2762 item
425 2711 543 2764 caseos
570 2691 677 2782 duos3
706 2695 789 2765 item
812 2695 954 2767 laborat
982 2695 1128 2786 quilibet
1154 2717 1259 2768 uuum
1287 2695 1377 2767 diem
1397 2697 1431 2766 in
1451 2695 1645 2786 septimana
1663 2715 1743 2784 pro-

192 2811 268 2899 prio
292 2831 409 2901 curru,
436 2813 518 2883 item
541 2811 725 2906 poroobom
751 2815 912 2887 laborare
940 2821 1123 2908 utramque
1151 2821 1316 2888 tenentur
1343 2836 1462 2886 omnes
1481 2815 1613 2885 incolae
1632 2815 1744 2904 villae,

193 2939 228 3002 et
252 2935 392 3004 ratione
420 2955 579 3028 oprowoc
605 2941 745 3006 tenetur
772 2935 917 3026 quilibet
934 2931 1093 3008 'medium
1121 2957 1280 3026 grossum
1307 2935 1442 3005 solvere
1460 2935 1565 3004 semel
1584 2935 1620 3004 in
1639 2956 1745 3023 auno;

196 3053 274 3123 item
304 3069 454 3125 avenam
481 3056 567 3127 alias
595 3075 702 3150 oasepa
729 3057 810 3127 item
839 3057 932 3128 inter
950 3057 1074 3138 rubeta
1092 3055 1175 3127 villa
1192 3049 1351 3145 praefata
1367 3053 1475 3124 babet
1491 3061 1625 3144 partem
1644 3055 1746 3125 unius

160 3183 164 3190 “
193 3174 326 3265 montis,
356 3176 415 3266 qui
443 3175 571 3269 dicitur
598 3175 918 3267 Maszlowslsy.
945 3173 1033 3246 item
1061 3173 1239 3264 praedium
1267 3173 1316 3243 ibi
1343 3173 1542 3244 coenobiale
1569 3180 1679 3264 retae,
1702 3175 1745 3245 de

109 3357 110 3360 ,
193 3315 256 3384 quo
284 3295 454 3367 decimam
482 3297 730 3388 manipularem
758 3295 1006 3367 monasterium
1033 3293 1159 3385 recipit
1176 3295 1240 3385 pro
1259 3315 1316 3383 se,
1343 3293 1424 3365 item
1444 3293 1536 3366 aliud
1556 3296 1764 3386 praedium,
1830 3386 1832 3391 Ι

194 3415 280 3506 quod
307 3415 377 3488 mit
404 3417 561 3508 militare,
588 3417 631 3489 de
659 3438 726 3508 quo
754 3395 1140 3506 decima'manipularis
1154 3413 1315 3492 ,solvitur
1342 3415 1508 3486 ecclesiae
1528 3415 1561 3486 in
1581 3415 1746 3490 Racze-

109 3581 110 3586 =
195 3538 431 3610 abowicze.
458 3538 546 3609 Item
573 3537 663 3608 lanei
695 3537 777 3607 olim
804 3535 983 3625 militares,
1014 3539 1050 3607 et
1084 3535 1261 3606 hortulani
1293 3535 1374 3607 olim
1406 3536 1584 3626 militares,
1608 3538 1746 3608 solvunt

109 3669 111 3676 ’
194 3658 360 3730 decimam
388 3659 635 3748 manipularem
663 3657 828 3728 ecclesiae
855 3655 890 3728 iu
917 3654 1313 3746 Raczechowicze,
1340 3657 1439 3727 valor
1457 3677 1581 3728 novem
1599 3677 1745 3727 marcae.
1841 3657 1844 3665 “

197 3779 275 3849 item
304 3781 452 3850 taberna
479 3799 548 3849 una
575 3777 712 3850 abbatis
740 3777 872 3849 habeus
898 3795 1020 3867 agros,
1048 3783 1083 3848 et
1110 3776 1214 3848 solvit
1240 3781 1313 3846 tres
1340 3796 1482 3848 marcas.
1509 3753 1597 3847 Item
1624 3777 1745 3847 bortu-

197 3901 302 3974 laniae
331 3907 482 4007 quatuor
508 3901 588 3970 olim
616 3899 795 3988 militares,
821 3897 988 3969 babentes
1016 3918 1129 3988 agros,
1156 3902 1192 3968 et
1211 3895 1386 3988 quaelibet
1403 3897 1507 3968 solvit
1525 3917 1585 3967 sex
1604 3916 1745 3987 grossos

109 4111 110 4114 Ἴ
197 4024 360 4092 etenum
397 4021 485 4092 diem
513 4021 651 4092 laborat
677 4021 712 4091 iu
740 4019 942 4110 septimana.
978 4017 1066 4090 Item
1093 4017 1324 4089 molendinum
1354 4038 1422 4088 non
1450 4022 1512 4088 est.
1539 4017 1626 4088 item
1653 4017 1746 4087 lanei
1814 4078 1831 4096 0.

109 4237 110 4246 ἵ
197 4149 229 4211 et
255 4143 334 4230 agri·
359 4143 590 4216 emetltonum
606 4147 641 4212 et
668 4141 944 4212 nmtutaniarum
979 4139 1181 4211 monasterii
1208 4139 1360 4229 antiqui,
1388 4137 1528 4210 solvunt
1554 4128 1590 4209 et
1617 4137 1745 4208 condu-

198 4269 274 4333 cunt
299 4264 468 4334 decimum
495 4263 744 4352 manipularem
772 4261 937 4332 ecclesiae
964 4258 999 4331 iu
1026 4253 1273 4352 igolomya.
1299 4259 1387 4330 Item
1407 4266 1488 4330 sunt
1506 4259 1555 4329 ibi
1574 4279 1634 4330 sex
1653 4258 1745 4329 lanei

199 4385 428 4456 cmetbonales
455 4385 589 4475 antiqui
616 4383 826 4474 monasterii,
853 4387 889 4454 et
915 4381 1019 4454 solvit
1046 4381 1201 4474 quilibet,
1228 4381 1314 4451 nihil
1332 4379 1523 4452 laborando
1542 4381 1610 4450 nisi
1622 4401 1746 4475 powe-

199 4501 289 4607 duro,
315 4511 390 4576 tres
424 4521 559 4578 marcas
595 4505 708 4576 minus
744 4509 823 4575 octo
857 4503 998 4594 grossis.
1032 4503 1119 4574 Item
1148 4506 1229 4573 sunt
1255 4502 1316 4572 alii
1342 4507 1507 4592 quatuor,
1536 4507 1572 4572 et
1599 4501 1745 4592 quilibet

199 4627 297 4698 soluit
333 4642 437 4708 unam
472 4643 623 4710 marcam
659 4645 736 4696 curu
771 4628 850 4695 octo
886 4624 1007 4696 scottis
1043 4628 1079 4695 et
1104 4623 1192 4694 duos
1219 4623 1293 4694 dies
1320 4623 1355 4693 in
1383 4624 1576 4713 septimana
1602 4623 1745 4713 proprio

200 4766 298 4818 curru
325 4745 473 4838 laborat,
499 4748 585 4818 item
612 4765 678 4818 ova
704 4739 858 4836 triginta,
876 4745 987 4835 gallos
1007 4743 1102 4836 duos,
1123 4764 1242 4816 caseos
1261 4800 1268 4814 .
1288 4799 1322 4814 ..
1348 4725 1533 4846 Payaub
1560 4749 1657 4815 tenet
1676 4763 1746 4814 me-

202 4867 289 4939 dium
307 4869 399 4940 lanei
418 4869 584 4960 autiquae
606 4867 722 4938 curiae
749 4866 791 4937 de
819 4887 887 4958 quo
914 4867 1019 4938 solvit
1037 4921 1044 4936 .
1064 4921 1071 4935 .
1090 4921 1097 4936 .
1117 4863 1276 4937 Confluat
1294 4885 1370 4936 curn
1388 4863 1554 4956 Rudno,
1573 4863 1746 4955 Zydow,

204 4987 411 5081 Szarbye,
436 4989 672 5082 Wyrzbno,
700 4985 864 5059 Gorka.

255 5123 258 5128 “
298 5107 646 5200 Wuoazrnourtczn,
673 5107 757 5179 villa
783 5109 848 5181 sub
875 5107 1039 5198 parochia
1066 5107 1109 5178 de
1137 5103 1293 5178 Gorlra
1320 5105 1397 5195 sita,
1425 5105 1522 5176 cuius
1549 5103 1746 5194 proprietas

206 5230 245 5302 ad
270 5232 512 5302 monasterium
541 5222 746 5301 Thiucieirse
774 5229 936 5320 pertinet.
975 5227 1015 5298 Iu
1044 5248 1111 5318 qua
1138 5234 1219 5299 sunt
1247 5247 1306 5297 sex
1334 5226 1425 5296 lanei
1453 5224 1684 5295 ametbonales
1711 5230 1747 5294 et

206 5351 345 5440 quibbed
370 5353 474 5424 solvit
499 5373 563 5442 pro
590 5371 694 5422 censu
722 5357 794 5422 tres
823 5368 954 5421 marcas
982 5357 1017 5419 et
1045 5369 1105 5418 sex
1132 5367 1281 5438 grossos,
1310 5348 1393 5418 item
1421 5345 1566 5446 quilibet
1584 5345 1627 5414 de
1645 5345 1746 5414 laneo

206 5476 336 5544 tenetur
361 5473 396 5544 in
423 5473 566 5565 praedio
594 5471 786 5544 coenobiali
813 5470 939 5542 ibidem
968 5469 1162 5559 quindecim
1190 5488 1291 5538 arare
1319 5467 1441 5556 sulcos,
1461 5467 1626 5556 aspicere,
1640 5467 1748 5535 semi-

120 5611 123 5616 ·
208 5611 301 5683 nare,
327 5601 456 5665 metere
484 5599 520 5664 et
547 5591 750 5683 disponere3
787 5593 869 5661 item
896 5583 1129 5680 praeterhac
1156 5587 1302 5677 quilibet
1327 5592 1467 5657 tenetur
1494 5586 1644 5676 quinque
1671 5586 1745 5656 dies

112 5807 116 5814 ¹
208 5713 241 5792 in
272 5735 359 5787 auno
394 5716 535 5806 proprio
572 5735 676 5784 curru
711 5719 772 5784 aut
807 5715 925 5783 aratro
960 5711 1142 5797 laborare3
1177 5709 1260 5776 item
1297 5708 1341 5778 ad
1373 5713 1447 5778 tres
1474 5705 1643 5803 poraobaa
1669 5728 1748 5778 cum
