4492 6592
1645 868 1751 941 aaa

194 1083 407 1136 marcarum·
423 1065 612 1138 communis
638 1065 804 1156 pecuniae
831 1067 1022 1140 baccatum.
1067 1065 1156 1159 Agri
1182 1074 1219 1140 et
1244 1069 1337 1142 lanei
1364 1070 1636 1162 oppidanorum,
1657 1075 1753 1147 'item

190 1189 491 1273 suburbanorum,
528 1185 610 1257 item
637 1186 816 1276 maedium
843 1188 993 1278 regium,
1020 1189 1064 1260 de
1091 1189 1221 1300 quibos
1244 1176 1403 1263 omnibus
1431 1191 1582 1266 solvitur
1608 1199 1645 1266 et
1669 1215 1751 1276 cone
1887 1269 1891 1278 ,
1955 1176 1959 1184 ’

193 1310 334 1384 ducitur
362 1307 496 1380 decima
523 1308 747 1399 manipularis
776 1300 842 1398 pro
865 1309 1011 1381 ecclesia
1037 1315 1073 1380 et
1099 1309 1247 1400 plebano
1272 1300 1315 1383 'iu
1343 1311 1572 1405 Osszyelr,
1608 1322 1752 1407 excepto

192 1451 314 1520 campo
354 1427 662 1520 Osszyeczek,
704 1429 746 1502 de
782 1449 859 1530 quo
877 1429 1069 1502 decimatur
1105 1453 1169 1521 pro
1198 1433 1408 1505 monasterio
1447 1434 1593 1507 Sanctae
1631 1433 1753 1510 Crucis

193 1551 326 1625 Calvi
371 1549 563 1640 Montis,
599 1551 800 1642 canapalem
827 1558 944 1624 autem
971 1551 1139 1624 decianam
1167 1574 1210 1626 ex
1237 1555 1383 1646 antiqua
1408 1557 1656 1630 consuetudine
1680 1577 1752 1631 uon

193 1673 342 1754 solvunt.
357 1703 360 1710 ¹
374 1694 485 1765 neque
513 1667 686 1764 oppidani,
714 1693 823 1764 neque
852 1673 1053 1746 suburbani.

238 1920 445 2002 Decimae
479 1921 774 2026 manipulares,
808 1943 863 2000 ex
896 1919 1069 2023 antiquo
1101 1921 1153 2001 ad
1188 1924 1490 2004 monasterium
1522 1924 1706 2006 Sanctae
1776 2010 1779 2014 A

493 2053 502 2064 ’
701 2058 905 2140 ὈνυοΙι
939 2055 1256 2162 pertinentem·
1684 2049 1688 2054 ’

302 2283 636 2370 Baaczuuowrczu,
663 2279 773 2372 Slup
792 2280 918 2352 Nora
944 2280 1221 2372 etAntiqua,
1242 2281 1484 2372 Boleszin,
1510 2281 1756 2374 Mylauorr·

199 2403 481 2493 skaWolya,
508 2397 1017 2492 Zakrzow,Gosszcza,
1037 2401 1607 2495 Basszowycze,Glodno,
1637 2404 1756 2498 Mye-

200 2524 436 2618 dzrryeda,
472 2524 793 2626 Myroczycze,
830 2523 1129 2614 Krasszlrow,
1161 2523 1333 2613 Jezow,
1360 2523 1522 2616 Wolya
1552 2525 1755 2598 Bostcw·
1855 2527 1860 2534 ’

202 2649 299 2737 slra,
336 2644 565 2737 Osszyelr,
602 2645 906 2737 Wylamycze,
934 2644 1225 2718 Worowicze.
1268 2645 1382 2737 Supra
1418 2647 1567 2737 scriptas
1604 2647 1755 2720 melmae

202 2767 452 2858 manipulares,
475 2767 525 2840 ad
551 2767 799 2838 monasterium
827 2765 973 2838 Sanctae
1000 2764 1120 2838 crucis
1148 2765 1281 2838 (ialvi
1312 2766 1490 2862 Montis
1527 2767 1755 2860 pertinentes,
1895 2779 1908 2810 -’

164 2939 167 2952 .
204 2891 237 2962 iu
263 2889 356 2960 villis
385 2888 587 2960 monasterii
614 2889 852 2977 consistentes,
881 2889 947 2958 mm
976 2887 1222 2978 descripsimus
1239 2888 1276 2959 in
1295 2888 1381 2960 locis
1406 2888 1490 2977 suis,
1516 2896 1554 2961 et
1571 2889 1651 2962 ideo
1677 2876 1777 2962 illas'

205 3033 270 3084 non
298 3011 478 3108 iteramus.
1771 3005 1776 3013 '

303 3131 581 3222 Sczurranuow,
623 3131 705 3202 villa
732 3131 795 3204 sub
823 3130 989 3221 parocbia
1015 3130 1185 3202 ecclesiae
1220 3129 1264 3202 de
1291 3130 1496 3223 Wylkow
1532 3132 1620 3222 sita,
1658 3133 1757 3206 cuius

207 3255 400 3348 proprietas
428 3253 472 3324 ad
500 3253 667 3324 haeredes
699 3251 886 3341 Jacobum,
921 3251 1132 3324 stanislaum
1158 3259 1197 3324 et
1223 3251 1405 3326 Nicolaum
1439 3250 1774 3346 Obote'ezslry,

207 3377 334 3449 nobdes
363 3375 407 3448 de
434 3376 540 3446 armis
568 3375 722 3446 Nabra
748 3374 908 3465 pertinet.
945 3374 985 3445 lu
1013 3395 1081 3465 qua
1107 3379 1190 3446 sunt
1217 3379 1366 3465 qumuor
1392 3374 1492 3447 lanei·
1508 3375 1767 3466 cmetbonales,

208 3498 246 3570 de
272 3499 399 3588 quibus
427 3497 585 3568 omnibus
612 3496 762 3568 solvitur·
788 3501 824 3567 et
850 3495 1055 3572 conducitur
1091 3517 1155 3586 pro
1181 3497 1393 3571 monastario
1421 3495 1555 3568 Calvi
1580 3493 1781 3569 Montis

210 3619 350 3692 Sanctae
379 3619 517 3708 Crucis,
545 3618 642 3690 errius
671 3617 768 3690 valor
795 3617 1000 3706 aestimatur
1026 3617 1070 3688 ad
1098 3624 1172 3690 tres
1198 3637 1354 3706 maroas;
1379 3618 1464 3689 item
1490 3618 1647 3708 taberna,
1673 3616 1757 3690 item

209 3741 390 3830 hortulani,
417 3739 499 3822 item
527 3739 705 3830 praedium
733 3743 788 3812 est
807 3739 856 3812 ibi
874 3738 1022 3827 unicum,
1050 3737 1143 3829 qnod
1169 3738 1276 3810 solvit
1302 3738 1470 3813 deducam
1497 3737 1782 3830 manipularem

305 3861 663 3950 Jnuuocruowrczu,
691 3860 773 3930 villa
791 3860 855 3932 sub
874 3859 1038 3950 parochia
1059 3859 1224 3931 ecclesiae
1251 3858 1294 3930 de
1321 3857 1526 3931 Obotecz
1552 3859 1632 3947 sita,
1659 3860 1757 3932 cuius

211 3987 399 4074 proprietas
427 3982 471 4056 ad
499 3981 755 4054 serenissimum
784 3979 949 4054 Polouiue
974 3999 1091 4070 regem
1126 3980 1288 4069 pertinet
1332 3979 1374 4050 ln
1401 4001 1470 4070 qua
1496 3985 1579 4050 sunt
1608 3983 1758 4070 quatuor

211 4125 280 4176 cum
307 4106 420 4178 medio
449 4101 539 4176 lanei
567 4102 817 4191 emethonales,
844 4101 887 4172 de
916 4101 1040 4192 quibus
1067 4101 1226 4174 omuibus
1262 4101 1411 4172 solvitur
1437 4100 1571 4173 decima
1597 4100 1785 4192 manipli-⁴

212 4224 288 4297 laris
314 4233 351 4298 et
377 4226 581 4300 conducitur
607 4245 671 4316 pro
690 4225 817 4298 abbate
845 4228 884 4294 et
899 4227 1070 4295 conventu
1097 4221 1230 4294 Calvi
1256 4221 1433 4294 Montis
1459 4219 1607 4294 Sanctae
1625 4219 1756 4313 cruam,

212 4351 243 4416 et
266 4348 362 4452 ralor
398 4348 473 4420 eius
509 4346 713 4418 aestimatur
735 4345 793 4418 ad
820 4349 893 4418 tres
930 4364 1092 4432 marcas,
1121 4343 1205 4416 item
1231 4345 1416 4433 tabernae,
1451 4343 1536 4416 item
1567 4342 1756 4435 hortulani,

214 4466 289 4540 item
315 4468 519 4561 praedium·
1490 4465 1495 4474 ’
1777 4463 1784 4489 ²

308 4590 694 4679 Szwruscuuuuuczu,
731 4587 814 4660 villa
840 4589 904 4660 sub
932 4587 1168 4679 parochiale
1196 4585 1501 4678 Ozyepyelow
1537 4586 1625 4677 sita,
1660 4588 1757 4660 cuius

216 4713 402 4802 proprietas
437 4712 482 4783 ad
509 4711 765 4784 serenissimum
793 4709 957 4782 Poloniae
984 4731 1099 4800 regem
1128 4709 1290 4800 pertinet
1335 4707 1375 4780 ln
1404 4727 1472 4798 qua
1498 4713 1581 4780 suut
1606 4703 1784 4800 quinque*

217 4829 297 4904 lanei
323 4832 576 4923 emetbonales,
613 4832 655 4903 de
683 4831 807 4922 quibus
835 4831 983 4904 solvitur
1010 4838 1058 4902 et·
1072 4830 1277 4902 conducitur
1309 4829 1445 4902 decima
1469 4829 1695 4920 manipularis
1720 4835 1758 4900 et

218 4955 381 5044 cunapulie
408 4976 472 5045 pro
499 4953 710 5025 monasterio
738 4951 884 5024 Sanctae
912 4951 1041 5042 Crucis,
1069 4959 1106 5024 et
1133 4952 1232 5023 valor
1258 4951 1334 5023 eius
1351 4951 1557 5023 aestimatur
1574 4950 1619 5021 ad
1636 4949 1784 5024 decen

153 5099 157 5106 ·
219 5091 358 5164 marcam
384 5075 427 5146 de
454 5081 554 5146 sexto
582 5081 697 5146 autem
725 5074 835 5163 laneo,
863 5074 945 5144 item
973 5061 1128 5162 taberna
1142 5075 1239 5144 item
1266 5072 1474 5160 hortulania,
1500 5071 1585 5142 item
1612 5069 1756 5160 praedio

220 5211 292 5283 uno,
330 5196 523 5280 decimatur
559 5196 723 5267 ecclesiae
759 5196 795 5266 in
831 5195 1012 5284 Solecz,
1052 5200 1088 5268 et
1115 5194 1214 5266 valor
1249 5194 1323 5270 eins
1359 5192 1565 5264 aestimatur
1598 5190 1644 5264 ad
1670 5190 1784 5263 duas

221 5331 350 5389 raucas.
1634 5374 1646 5394 ,

312 5435 548 5524 Suburbium
578 5443 785 5531 utrumque
815 5433 1067 5522 lublinen003
1094 5435 1238 5517 itcmeu
1256 5439 1388 5525 septem
1416 5432 1526 5502 laneis
1553 5432 1612 5523 qui
1630 5451 1757 5505 rocan'·
1784 5437 1787 5442 “

222 5554 270 5624 tur
293 5556 646 5650 Pyeczowskye,
676 5565 710 5630 et
738 5557 780 5630 de
808 5558 885 5629 aliis
912 5562 1045 5648 septem
1073 5576 1151 5626 cum
1177 5554 1291 5626 medio
1317 5554 1465 5625 aliorum
1492 5547 1618 5625 civium
1636 5551 1757 5626 Lubli·

223 5677 372 5770 uensium,
400 5680 477 5750 sitis
495 5685 575 5770 post
594 5680 693 5769 mam,
713 5699 801 5771 quae
820 5677 916 5750 ducit
935 5678 970 5748 in
997 5677 1020 5748 J
1028 5676 1325 5748 akubcwicze
1351 5674 1618 5767 (louyuslry,
1645 5675 1772 5766 perci·'
1788 5678 1799 5725 ’-
1922 5756 1927 5766 ,

223 5791 267 5877 pit
278 5795 437 5872 decimam
451 5799 700 5890 manipularem
719 5798 967 5870 monasterium
981 5797 1130 5869 Sanctae
1148 5795 1278 5886 Crucis,
1297 5800 1334 5867 et
1347 5795 1445 5890 valor
1458 5795 1533 5868 eius
1551 5796 1757 5868 aestimatur
