4492 6592
1674 778 1748 850 279
1823 827 1827 833 »

297 959 608 1072 Lrnsszoczrczn,
635 981 718 1056 villa
745 984 810 1056 sub
835 983 1001 1073 parochia
1027 983 1193 1054 ecclesiae
1219 983 1263 1054 dc
1289 979 1412 1054 Gora
1436 984 1516 1073 sita,
1542 983 1641 1057 cuius
1668 985 1752 1057 hae-

199 1125 253 1176 res
279 1103 475 1176 StanIslaus
510 1104 789 1176 Lubomirsk
799 1126 822 1195 y
857 1104 982 1176 nobilis
1019 1104 1062 1175 de
1089 1104 1191 1176 domo
1219 1109 1256 1175 et
1281 1103 1413 1176 familia
1438 1105 1684 1185 Druszina.
1710 1106 1749 1176 Iu

200 1245 263 1315 qua
288 1230 373 1296 sunt
408 1225 499 1296 lanei
526 1225 777 1315 cmetbonales‚
804 1225 910 1298 etde
937 1226 1095 1298 omnibus
1123 1225 1270 1298 solvitur
1297 1225 1431 1298 decima
1456 1204 1684 1318 manipularis
1712 1235 1749 1300 et

199 1345 372 1436 canapulis
398 1367 462 1436 pro
488 1346 698 1418 monasterio
734 1325 1065 1436 Saeczechovieusi,
1080 1352 1116 1418 ct
1142 1346 1240 1418 valor
1267 1347 1342 1420 eius
1368 1347 1574 1420 aestimatur
1600 1349 1644 1420 ad
1663 1404 1670 1418 .
1689 1404 1697 1420 .
1716 1403 1751 1418 ..

199 1485 338 1538 marcas.
366 1467 455 1540 Item
481 1467 637 1540 taberna.
663 1467 750 1540 ltam
777 1467 963 1542 hortulani.
990 1467 1078 1540 Item
1105 1467 1287 1558 praedium
1313 1473 1368 1541 est
1385 1468 1436 1540 ibi
1453 1469 1602 1560 unicum,
1620 1469 1664 1542 de
1682 1491 1750 1560 quo

200 1587 345 1660 solvitur
373 1587 507 1660 decima
532 1588 768 1679 manipularis.

298 1707 592 1799 Wrunowrsun,
618 1709 704 1782 villa
730 1710 863 1782 babens
890 1710 1123 1801 parochialem
1151 1711 1330 1803 ecclesiam
1356 1711 1392 1782 in
1420 1729 1458 1782 se
1485 1711 1598 1783 sitam.
1625 1712 1665 1783 In
1684 1732 1752 1803 qua

199 1833 276 1902 sunt
300 1829 395 1902 lanei
422 1831 667 1920 cmethonales,
695 1835 730 1902 et
756 1831 799 1902 de
826 1832 985 1903 omnibus
1012 1831 1161 1904 solvitur
1183 1835 1219 1903 et
1236 1831 1440 1904 conducitur
1456 1835 1750 1924 pro'monasterio

199 1949 507 2041 Saeczccboviensi,
534 1956 571 2022 et
595 1952 694 2024 valor
720 1951 795 2024 eius
822 1953 1026 2026 aestimatur
1051 1952 1096 2024 ad
1115 2007 1123 2023 .
1142 2007 1150 2024 .
1168 2007 1176 2022 .
1193 1973 1338 2025 marcas.
1364 1953 1455 2026 Item
1479 1954 1637 2026 taberna
1662 1954 1752 2026 Item

199 2071 382 2146 hortulani.
409 2072 496 2146 Item
523 2072 714 2164 praedium.
1199 2066 1203 2074 '

805 2352 808 2358 ’
864 2337 1087 2418 Melllllcla.

299 2558 389 2632 Item
416 2558 664 2662 monasterinm
691 2557 1000 2646 Szec'zechoviense
1034 2562 1070 2630 et
1095 2579 1139 2630 ox
1166 2559 1318 2649 propriis
1344 2559 1436 2631 villis
1462 2561 1531 2632 iam
1558 2559 1752 2652 descriptis,

195 2699 299 2771 ‚apum
325 2680 482 2754 alvearia
507 2680 728 2770 habentibus,
755 2686 861 2752 etex
888 2679 1141 2752 circumvicinis
1167 2680 1245 2752 aliis
1271 2681 1548 2754 haereditatibus
1567 2702 1630 2754 seu
1647 2682 1750 2771 uillis,

200 2803 232 2873 in
258 2802 376 2893 sylvis,
403 2802 528 2892 barris,
555 2802 755 2874 nemoribus
782 2806 818 2873 et
845 2801 1000 2891 saltibus,
1029 2802 1074 2872 ad
1100 2802 1348 2874 monasterium
1375 2801 1687 2877 Szeczechoriense
1712 2809 1750 2875 et

203 2923 271 3012 elus
297 2923 549 3014 proprietatem
576 2923 843 3014 pertinentibus,
869 2921 1043 2994 mellificis
1069 2923 1286 3012 tenentibus,
1312 2924 1421 2996 habet
1446 2924 1490 2996 de
1516 2925 1618 2996 melle
1644 2925 1752 2997 crudo

152 3023 154 3028 ⁵
200 3044 366 3118 notabiles
394 3045 508 3118 (latias
535 3049 571 3118 ot
588 3045 824 3134 obventiones,
851 3044 951 3116 iuxta
977 3044 1208 3134 quantitatem
1226 3043 1470 3136 alveariorum,
1487 3051 1523 3118 et
1541 3047 1753 3136 proveniunt
1816 3065 1821 3078 ·

202 3165 241 3238 de
265 3165 367 3238 melle
395 3165 502 3240 crudo
530 3166 790 3257 qulnquaginta,
817 3165 1004 3255 aliquando
1031 3165 1215 3257 sexaquta
1241 3186 1362 3238 urnae.

274 3687 541 3771 Ooanoblum
573 3691 958 3770 sanctimonialium
1000 3689 1172 3770 OrdinIs
1203 3691 1347 3771 Sanctl
1382 3690 1600 3771 Benedicti
1635 3691 1674 3768 ln

750 3909 1203 3993 S‘I‘HANYATHKY.

300 4137 510 4210 Monasterii
537 4136 856 4208 Sanctimonialium
884 4136 920 4207 in
947 4135 1281 4226 Stbanyatbky
1299 4132 1557 4208 ,Oracoriensis
1584 4135 1754 4207 dioecesis

206 4257 330 4332 ordinis
358 4257 476 4330 Sancti
503 4258 684 4330 Benedicti
711 4257 905 4348 primarius*
924 4256 991 4330 fuit
1017 4257 1198 4347 fundator,
1225 4259 1347 4335 auctor
1374 4260 1410 4328 et
1435 4255 1584 4356 doctor,
1612 4257 1666 4328 vir
1692 4279 1754 4328 uo-

205 4378 278 4450 bilis
303 4386 342 4452 et
367 4380 514 4470 insignis
541 4401 655 4453 comes
682 4379 841 4452 Clemens
868 4380 911 4452 de
938 4380 1145 4452 Russcza
1179 4378 1393 4451 castellanus
1419 4377 1670 4468 Gracoviensis,
1711 4399 1754 4450 ex
1886 4359 1892 4376 ⁸
1998 4427 2003 4434 -

207 4503 362 4591 prosapia
390 4502 482 4592 apud
509 4501 659 4574 Polonos
685 4502 866 4592 spectabili
894 4499 1163 4574 Griflonum
1197 4500 1326 4572 ducens
1351 4519 1480 4590 genus,
1520 4520 1609 4590 quae
1628 4500 1754 4573 album

206 4622 371 4711 gryphum
398 4624 434 4694 in
461 4624 620 4696 coccineo
656 4643 778 4713 campo
813 4622 926 4694 defert
953 4643 1016 4713 pro
1044 4623 1192 4714 insigni,
1227 4623 1339 4694 Deum
1367 4621 1469 4694 valde
1510 4642 1630 4694 amans
1656 4628 1693 4693 et
1719 4622 1754 4693 iu

208 4741 330 4814 cultum
357 4743 434 4814 eius
460 4742 631 4834 fervidus,
652 4745 704 4842 in
730 4745 885 4816 membra
912 4765 1048 4836 quoque
1075 4745 1188 4835 illius,
1216 4763 1345 4834 egenos
1365 4742 1543 4835 videlicet,
1570 4743 1756 4834 orphanos,

210 4864 368 4955 pupillos,
404 4864 528 4938 viduas
555 4870 591 4937 et
617 4866 791 4955 quaslibet
817 4866 1034 4938 miserabiles
1060 4885 1229 4956 personas
1256 4865 1403 4937 caritate
1429 4864 1596 4954 diffusus3
1620 4865 1693 4955 ,qui
1719 4869 1756 4936 et

209 4983 313 5058 landis
338 4985 479 5060 divinae
505 4992 755 5077 procuraturus
783 4987 1055 5078 amplitudinem,
1082 4995 1118 5060 et
1145 4987 1341 5078 virginibus
1368 5006 1409 5058 ac
1434 4986 1593 5058 foeminis
1619 4985 1755 5056 devotis

209 5105 384 5199 reilgiosis,
412 5127 453 5179 ac
479 5107 646 5182 coelibem
673 5109 781 5180 vitam
809 5107 945 5199 ducere,
972 5109 1105 5199 solique
1123 5109 1234 5181 amori
1262 5108 1381 5198 sponsi
1407 5107 1542 5180 aeterni
1565 5125 1649 5196 prae
1675 5104 1756 5176 liliis

210 5225 378 5311 homiuum
405 5229 563 5320 speciosi,
590 5229 791 5320 inhaerere,
818 5249 895 5302 esse
923 5249 1059 5322 quoque
1086 5234 1203 5302 mente
1229 5234 1265 5300 et
1292 5248 1438 5318 corpore
1464 5231 1603 5300 mactas
1639 5230 1755 5298 aestu-

212 5349 341 5424 antibus
368 5351 583 5441 provisurus,
609 5351 647 5422 in
670 5349 779 5423 tundo
796 5351 998 5442 patrimonii
1025 5352 1089 5441 sui,
1116 5357 1153 5422 et
1170 5350 1249 5422 rico
1266 5348 1443 5440 appellato
1470 5347 1755 5439 Stbauyath-

213 5467 262 5558 ky
287 5470 331 5542 ad
356 5475 548 5546 torrentem
575 5469 826 5563 Strumyen
853 5471 994 5560 dictum,
1021 5470 1160 5543 nonnisi
1181 5470 1296 5544 tribus
1313 5468 1520 5540 milliaribus
1546 5488 1568 5540 a
1593 5466 1755 5541 Graco·
1879 5540 1890 5550 ,
1964 5471 1972 5478 ’

213 5589 280 5660 ria
304 5590 456 5670 demuto
483 5593 572 5684 sito,
607 5593 798 5666 claustrum
824 5591 1140 5664 sanctimonialium
1166 5611 1257 5662 auno
1283 5589 1428 5667 Domini
1455 5590 1502 5661 12
1522 5641 1663 5660 ......
1689 5589 1755 5662 sub

214 5711 407 5798 pondtcatu
426 5767 621 5788 ........
648 5712 802 5806 eptacopi
828 5711 1067 5788 bracariensis
1093 5709 1236 5802 fundat,
1274 5715 1409 5784 ettam
1435 5709 1627 5802 ecclesiam,
1652 5729 1756 5803 quam
