4492 6592
456 741 477 810 2

456 945 634 1017 lareribus
661 944 732 1034 usi,
760 945 926 1034 plurimas
952 945 1029 1016 loco
1056 943 1125 1032 illi,
1157 930 1194 1015 et
1220 943 1383 1014 universo
1410 944 1524 1014 ordini
1551 944 1726 1034 praefato,
1753 965 1817 1034 per
1843 946 2009 1018 universa

456 1067 598 1139 climata
623 1065 742 1136 mundi
768 1063 910 1154 diffuso,
938 1064 1160 1136 contulerunt
1186 1063 1439 1154 indulgentias,
1475 1064 1675 1154 libertates,
1710 1066 1946 1156 exemptiones
1972 1071 2009 1138 et

456 1187 709 1276 immunitates,
737 1205 824 1275 quae
851 1207 920 1256 non
947 1185 1049 1274 alibi,
1086 1205 1190 1276 quam
1216 1184 1252 1254 in
1279 1183 1355 1256 loco
1381 1183 1539 1275 praefato
1566 1185 1785 1276 originaliter
1811 1187 1876 1260 sub
1902 1186 2022 1274 bullis,

456 1306 656 1400 apostolicis
692 1306 929 1396 continentur,
966 1305 1098 1378 ordinis
1125 1311 1162 1378 et
1187 1305 1257 1377 loci
1283 1305 1523 1378 excellentiam
1550 1313 1587 1378 et
1613 1308 1892 1399 praerogatiuam
1919 1312 2008 1379 utte

456 1430 638 1502 stantibus.
683 1426 807 1519 Coepit
832 1431 947 1499 autem
975 1427 1060 1500 ordo
1096 1427 1172 1518 ipse
1199 1426 1347 1517 primum
1379 1426 1472 1516 apud
1498 1427 1849 1518 Hyerosolimitanam
1876 1428 2007 1519 urbem,
2083 1483 2088 1498 .

456 1552 539 1624 dum
566 1554 681 1622 ortum
700 1553 737 1621 et
772 1547 992 1638 sepulchrum
1016 1547 1151 1638 Christi
1177 1547 1348 1638 duplicem
1370 1546 1649 1620 Christianorum
1674 1554 1823 1639 portum,
1850 1549 1910 1640 qui
1928 1549 2017 1620 hac.

376 1672 380 1682 '
456 1679 560 1745 tenus
577 1691 648 1743 non
666 1671 741 1743 sine
758 1669 890 1740 saeculi
916 1669 1028 1770 nostri
1047 1669 1229 1740 etaetatis
1255 1668 1398 1740 crimine
1424 1674 1461 1740 et
1486 1668 1654 1742 dedecore
1680 1675 1859 1760 perpetuo,
1885 1690 2010 1742 canum

456 1777 623 1864 calcatur*
636 1790 801 1881 pedibus,
828 1809 946 1880 reges,
974 1787 1167 1880 principes,
1194 1788 1379 1879 optimates
1405 1795 1442 1860 et
1466 1788 1596 1861 milites
1621 1795 1783 1862 tenerent
1809 1790 2009 1880 christiani,

457 1920 494 1988 et
520 1911 768 2003 amplissimam
795 1909 867 1980 illic
884 1929 947 2000 pro
966 1929 1008 1980 ea
1025 1913 1231 2000 tempestate
1248 1909 1381 1980 habens
1408 1908 1534 2000 dotem,
1560 1910 1733 2001 hospitale
1759 1911 1832 1983 illic
1857 1910 2011 2008 habebat

458 2035 612 2126 insigne,
648 2033 684 2104 in
711 2052 779 2122 quo
806 2035 841 2102 et
867 2029 995 2102 milites
1031 2035 1375 2121 propugnatoresque
1410 2029 1491 2101 fidei
1522 2037 1559 2103 et
1584 2031 1763 2123 religionis
1798 2032 2009 2104 christianae

458 2157 675 2244 habitabant,
703 2159 739 2225 et
756 2137 931 2244 peregrini
950 2171 992 2222 ex
1010 2151 1253 2222 transmarinis
1279 2151 1438 2241 partibus
1457 2152 1501 2224 ad
1520 2151 1754 2226 defensionem
1779 2158 1897 2226 terrae
1924 2153 2011 2225 San-

459 2283 538 2351 ctae
564 2274 796 2363 advcnientes,
823 2293 899 2344 eum
927 2273 1057 2362 pietate
1083 2272 1386 2363 recolligebantur,
1412 2272 1449 2344 in
1476 2295 1544 2364 quo
1562 2279 1599 2346 et
1616 2275 1816 2365 patriarcha
1832 2275 1869 2346 in
1887 2273 2011 2346 ordine

459 2398 580 2472 eodem
606 2396 802 2468 habebatur
819 2415 883 2484 pro
902 2393 1025 2483 eapite,
1053 2393 1170 2465 multis
1196 2392 1420 2466 facultatibus
1447 2394 1658 2485 Apostolicis
1685 2389 1867 2486 suffultus,
1885 2400 1924 2468 et
1939 2393 2012 2467 lra-

458 2527 531 2594 tres
558 2517 698 2609 plurimi
724 2535 788 2606 pro
807 2514 981 2606 membris,
1008 2515 1101 2586 inter
1129 2535 1215 2606 quos
1242 2514 1347 2587 etiam
1373 2515 1530 2588 nonnulli
1556 2516 1684 2588 milites
1709 2517 1746 2588 in
1773 2515 2010 2589 defensionem

458 2640 610 2714 civitatis
637 2643 673 2710 et
699 2642 816 2709 terrae
851 2634 998 2717 Sanctae
1032 2633 1250 2708 fovebantur.
1290 2633 1421 2708 Verum
1447 2657 1525 2708 cum
1551 2637 1772 2728 exigentibus
1798 2636 2011 2710 facinoribus

460 2760 729 2834 christianorum
765 2755 887 2827 civitas
923 2754 1052 2846 inclyta
1087 2755 1394 2847 Hyerusalem
1430 2763 1466 2828 et
1495 2758 1573 2830 loca
1599 2779 1700 2830 sacra
1736 2779 1801 2850 per
1826 2757 2010 2850 Agerenos

462 2887 567 2974 capta
592 2879 698 2970 foret,
739 2883 776 2950 et
801 2877 986 2986 harbaries
1014 2877 1180 2967 spurcitie
1206 2876 1365 2963 foedata,
1400 2879 1716 2970 monasteriumque
1743 2877 1940 2970 praefatum
1966 2880 2011 2952 ab

460 3002 632 3094 Agoranis
668 3019 738 3070 una
763 3019 841 3070 cum
868 2997 1164 3070 inhabitatoribus
1198 3004 1236 3070 et
1261 2998 1435 3088 lapidibus
1469 3001 1660 3072 sanctuarii
1690 3000 1852 3090 deletum,
1878 3021 2013 3073 summa

370 3121 374 3128 '
460 3131 498 3197 et
524 3127 647 3194 vertex
673 3118 806 3192 ordinis
832 3115 983 3209 praefati
1009 3118 1057 3220 in„
1072 3118 1333 3210 Myoehoviensi
1368 3121 1586 3225 monasterio,
1606 3121 1730 3194 relicta
1754 3121 1941 3212 remansit,
1975 3128 2013 3194 et

461 3245 498 3316 in
523 3243 615 3314 hanc
641 3237 732 3312 diem
758 3236 877 3310 lavore
904 3237 1022 3310 divino
1049 3245 1262 3330 perseverat,
1290 3239 1345 3311 cui
1370 3241 1478 3313 etiam
1504 3217 1621 3314 omnia
1636 3243 1852 3315 monasteria
1877 3241 2012 3314 ordinis

461 3361 609 3455 praelati
644 3361 680 3433 in
707 3357 890 3448 Poloniae,
926 3357 1128 3449 Hungariae
1154 3364 1192 3431 et
1217 3360 1405 3433 Bohemiae
1439 3363 1558 3452 regnis
1593 3363 1820 3436 consistentia
1854 3364 2012 3453 subsunt,

461 3487 587 3576 parent
614 3486 651 3553 et
676 3480 860 3570 obediunt,
887 3499 909 3550 a
935 3479 1134 3571 praeposito
1161 3479 1422 3571 Myechoriensi
1457 3483 1674 3572 provisiones
1700 3490 1737 3556 et
1762 3484 2012 3575 institutiones,

462 3603 775 3693 destitutionesque
815 3602 969 3674 locorum
995 3605 1033 3673 et
1058 3601 1269 3674 charismata
1294 3601 1496 3693 suscipiunt
1540 3603 1647 3677 Guins
1682 3605 1821 3697 quidem
1847 3605 2013 3698 Myecho

461 3725 591 3800 niensis
617 3722 820 3795 monasterii
847 3723 981 3812 primes
998 3727 1036 3793 et
1052 3722 1254 3812 principalis
1279 3721 1348 3794 luit
1370 3721 1542 3814 fundator,
1569 3725 1709 3798 nobilis,
1722 3731 1760 3799 et
1784 3726 1932 3822 iu'gnis
1958 3748 2013 3799 sa-

461 3852 563 3937 trape
589 3851 626 3917 et
651 3843 750 3916 miles
785 3842 959 3915 Jaksze
993 3841 1037 3914 de
1071 3841 1305 3933 Myeehosr
1340 3864 1383 3916 cx
1409 3843 1574 3917 Poloniae
1598 3846 1708 3921 'onas
1743 3861 1872 3939 regno,
1906 3853 1943 3920 et
1968 3848 2020 3919 de¹

461 3965 626 4058 prosapia
650 3963 759 4037 nobili
777 3962 943 4037 Poloniae
969 3963 1117 4036 militnm
1145 3963 1314 4054 originem
1340 3963 1479 4038 ducens.
1506 3965 2010 4059 dormituritionem

460 4094 497 4160 et
522 4086 661 4178 generis
686 4085 801 4176 fuerit,
828 4091 865 4156 et
890 4105 933 4157 ex
959 4105 1028 4176 qua
1054 4085 1238 4157 nobilitate
1263 4087 1417 4176 genitus,
1452 4087 1534 4159 licet
1560 4087 1717 4160 nonnulli
1743 4089 1841 4162 illum
1867 4096 2011 4182 propter

459 4229 584 4280 nomen
611 4206 635 4278 J
643 4207 785 4276 aksze
816 4205 859 4277 de
887 4203 1150 4276 Griflonum
1185 4204 1287 4278 domo
1314 4225 1423 4296 genus
1449 4209 1618 4298 traxisse,
1654 4228 1718 4300 per
1744 4211 1854 4283 solans
1889 4212 2006 4286 conie-

460 4335 605 4416 cturam,
631 4325 810 4419 fallibilem
835 4331 951 4396 tamen
970 4331 1006 4396 et
1022 4330 1171 4415 munem,
1198 4346 1274 4398 cum
1292 4333 1330 4398 et
1346 4327 1383 4398 in
1401 4328 1479 4400 aliis
1497 4328 1658 4404 domibus
1682 4335 1721 4404 et
1745 4329 1888 4406 familiis
1912 4334 2012 4423 regni

460 4447 625 4521 Poloniae
652 4446 688 4518 id
714 4447 827 4536 ipsum
855 4465 990 4536 quoque
1017 4446 1215 4536 reperiatur
1245 4467 1388 4537 nomen,
1424 4455 1603 4540 asserant,
1638 4452 1810 4525 mmrtum
1834 4451 2010 4526 habemus.

462 4567 497 4640 Is
524 4569 642 4657 itaque
669 4565 692 4638 J
702 4567 845 4638 aksza
879 4565 978 4638 miles
1005 4565 1202 4656 polonicus,
1229 4586 1307 4638 curn
1332 4569 1470 4659 etipse
1497 4589 1574 4642 cum
1602 4573 1749 4644 eastern
1775 4572 1947 4648 mdltibus
1974 4578 2011 4645 et

463 4687 779 4780 propugnatoribus
815 4687 1047 4777 orthodoxis,
1072 4688 1109 4758 in
1137 4687 1370 4760 defensionem
1398 4689 1528 4762 Terrae
1554 4690 1703 4765 Sanctae
1738 4691 2012 4785 Hyerosoli-

462 4829 572 4880 mam
599 4807 806 4898 advenisset,
834 4809 898 4879 sub
924 4785 1094 4898 tempere,
1117 4831 1185 4900 quo
1210 4810 1372 4882 militiam
1397 4832 1494 4882 suam
1522 4833 1599 4884 eum
1626 4813 1705 4884 aliis
1730 4813 1897 4888 Poloniae
1923 4816 2013 4888 mili·

343 4989 348 4996 .
461 4931 557 5004 tibus
584 4929 655 5001 illic
682 4929 846 5018 exercuit,
873 4928 1041 5018 mandem
1068 4928 1288 5003 devotionem
1315 4931 1359 5003 ad
1386 4933 1542 5004 ordinem
1569 4939 1606 5005 et
1632 4935 1836 5027 religIonem
1861 4935 2011 5010 tratrem

386 5085 389 5092 ⁴
461 5051 634 5126 Dominiei
657 5050 838 5142 Sepulchri
864 5049 1174 5141 Hyerosolimitani
1196 5072 1239 5123 es
1257 5053 1481 5125 conversione
1507 5053 1682 5146 diuturna,
1709 5063 1746 5128 et
1772 5077 1816 5128 ex
1842 5057 1918 5130 rita
1941 5058 2012 5132 lra-

459 5175 554 5246 ¹trum
580 5171 744 5263 religiose
771 5171 863 5261 apud
890 5171 1198 5262 Hyerusalem
1224 5177 1311 5261 acta,
1338 5175 1506 5264 concepit,
1533 5174 1614 5246 dum
1632 5179 1836 5251 monasterii
1863 5179 2013 5270 praelati

462 5293 773 5384 Hyerosolimitani
800 5292 910 5364 frater
927 5291 1121 5365 Monachus
1147 5287 1296 5383 nomine,
1323 5292 1414 5365 foret
1440 5295 1649 5385 patriarcba.
1676 5297 1743 5387 Qui
1769 5300 1805 5369 in
1832 5299 2012 5373 Poloniam

461 5433 641 5505 tenemus,
676 5415 838 5488 ardorem
864 5413 1059 5486 devotionis
1086 5414 1278 5504 effundens,
1315 5412 1495 5488 Obristnm
1521 5418 1720 5507 patrimonii
1746 5422 1801 5492 sui
1826 5421 2012 5494 haeredem

461 5533 666 5625 relicturus,
700 5537 737 5607 in
764 5537 906 5628 villagio
933 5536 1117 5633 principali
1144 5537 1345 5627 patrimonii
1370 5538 1425 5610 sni
1451 5538 1703 5631 Myechorr‚
1738 5542 1832 5632 quod
1858 5564 1950 5616 nune
1976 5546 2010 5615 in

326 5749 328 5756 y
463 5653 668 5746 populosum
704 5656 867 5747 oppidum
902 5657 1058 5732 videmus
1094 5658 1309 5750 excrevisse,
1344 5658 1389 5732 do
1423 5679 1593 5734 consensa
1627 5665 1664 5732 et
1689 5664 1832 5752 speciali
1867 5665 2013 5737 scientia
