4492 6592
1617 845 1621 850 .
1668 791 1740 861 367

196 1016 235 1064 ex
263 992 452 1064 donatione
478 991 501 1063 J
511 993 709 1064 ohannis
736 992 987 1082 archiepiscopi
1005 991 1220 1067 Gneznensis
1240 993 1285 1064 ad
1302 993 1548 1066 monasterium
1566 993 1744 1081 Andrzeo-

195 1097 307 1186 dense
335 1114 497 1202 pertinet.
524 1113 565 1184 In
592 1135 660 1203 qua
687 1117 768 1184 snut
794 1113 886 1184 lanei
912 1114 1157 1202 emethonales,
1184 1119 1221 1184 et
1248 1113 1352 1185 solvit
1379 1113 1549 1203 quilibet.
1570 1169 1577 1184 .
1597 1169 1632 1204 .‚
1659 1117 1743 1186 item

195 1256 266 1323 ova,
292 1235 379 1304 item
405 1235 527 1324 gallos,
554 1238 636 1306 item
664 1255 802 1336 naseos3
837 1233 921 1305 item
949 1235 1058 1323 labor,
1085 1235 1169 1306 item
1195 1231 1349 1329 powabo,
1376 1235 1460 1305 item
1486 1257 1633 1331 oaazpep,
1660 1236 1743 1307 item

194 1355 369 1443 tabernae,
396 1354 478 1425 item
506 1353 692 1445 hortulani,
719 1355 802 1427 item
829 1355 1018 1446 praedium,
1045 1355 1129 1426 item
1147 1354 1389 1426 molendinum.
1416 1355 1502 1426 Item
1530 1377 1650 1428 omnes
1667 1357 1744 1446 agri

194 1474 292 1547 villae
320 1475 461 1546 solvunt
487 1483 523 1546 et
549 1476 747 1548 eonduount
774 1475 940 1548 decimam
968 1475 1220 1567 manipularem
1244 1482 1282 1579 et
1308 1475 1508 1567 oanapalem
1529 1497 1599 1568 pro

185 1595 352 1680 ,Confluat
379 1617 456 1666 oum
476 1650 590 1666 .....
739 1605 744 1612 “

294 1715 557 1807 Τοοννοοκονν,
584 1716 668 1788 villa
696 1718 760 1788 sub
787 1717 954 1808 parochia
981 1717 1023 1789 de
1045 1771 1212 1787 .......
1239 1717 1319 1808 sita,
1355 1717 1453 1789 onius
1479 1718 1675 1808 proprietas
1700 1695 1744 1792 er

195 1836 380 1928 donatione
407 1837 658 1928 archiepiscopi
686 1835 900 1937 Gneznensis
927 1838 971 1908 ad
1000 1839 1251 1914 monasterium
1277 1837 1558 1914 Andrzeovieuse
1584 1840 1746 1929 pertinet.
1876 1881 1882 1892 .

194 1959 230 2030 In
258 1979 327 2048 qua
355 1963 442 2054 suno,
464 1957 556 2029 lanei
582 1958 827 2048 nmetbonales‚
854 1961 890 2030 et
917 1958 1065 2050 quilibet
1090 1959 1196 2030 solvit
1214 2014 1229 2028 ..
1240 2011 1410 2047 .......
1447 1959 1532 2030 item
1558 1980 1634 2048 ova,
1662 1961 1746 2032 item
1846 2045 1850 2054 ἱ

195 2078 310 2169 gallos,
338 2079 424 2149 item
451 2099 591 2167 caseos3
626 2079 708 2150 item
722 2079 846 2170 labor,
874 2079 956 2150 item
978 2077 1145 2174 powubu,
1172 2080 1255 2150 item
1282 2101 1431 2174 oaazyep,
1458 2081 1542 2152 item
1569 2061 1747 2172 tabernae,

197 2201 275 2271 item
302 2199 501 2290 hortulani,
537 2200 620 2270 item
648 2199 845 2290 praedium,
881 2199 966 2272 item
993 2200 1236 2273 molendinum.
1281 2201 1368 2272 Item
1395 2221 1515 2277 omnes
1540 2201 1617 2292 agri
1643 2201 1748 2273 villae

196 2321 331 2407 solvunt
357 2325 394 2391 et
422 2320 618 2392 eondnonnt
653 2319 822 2392 decimam
858 2311 1104 2412 manipular'em
1144 2327 1183 2393 et
1208 2321 1409 2422 oanapalem
1445 2342 1509 2411 pro
1536 2323 1747 2394 monasterio

197 2441 476 2533 Andrzeoviensi,
504 2447 540 2513 et
558 2441 656 2514 valor
683 2441 758 2512 eius
778 2442 982 2513 aestimatur
1009 2442 1055 2513 ad
1074 2497 1190 2512 .....
1216 2438 1313 2514 Haeo
1339 2442 1474 2514 decima
1498 2441 1748 2548 luerat-quon·

197 2563 271 2633 dam
298 2563 444 2654 uapitudi
471 2561 720 2650 Graeoviensia
748 2563 808 2650 sed
836 2559 977 2654 recepta
1004 2563 1087 2636 villa
1112 2561 1403 2666 Grambolow
1431 2563 1527 2635 dedit
1553 2563 1647 2636 illam
1674 2553 1748 2636 moss

198 2685 355 2756 neoterio·
376 2703 454 2756 cum
472 2684 556 2755 villa
582 2689 618 2755 et
645 2684 779 2756 decima
805 2683 1123 2774 Nauarzioze‚
1151 2705 1240 2775 quae
1267 2685 1372 2757 etiam
1399 2690 1477 2756 erat
1502 2684 1646 2775 capituli
1663 2683 1748 2758 Ora-

198 2805 374 2878 ooriensis.
402 2803 563 2888 Gonfiuat
590 2825 667 2877 oum
741 2859 747 2875 .
766 2823 774 2876 2
793 2847 815 2875 .·
949 2903 953 2911 Ι
1548 2817 1552 2821 ’

297 2927 444 3018 Brenn,
471 2927 555 2999 villa
582 2927 646 2998 sub
673 2926 838 3018 parocbia
858 2925 907 2998 de
926 2973 960 3000 ..
979 2979 1014 2997 ..
1040 2927 1118 3016 sita,
1146 2927 1244 2998 ouius
1270 2927 1466 3018 proprietas
1492 2947 1535 2999 ex
1561 2927 1748 3001 donatione

184 3046 425 3128 ¹Jobannis
460 3045 674 3120 Gneznensis
702 3046 952 3138 arehiepiseopi
980 3047 1030 3146 ad·
1051 3049 1300 3121 monasterium
1327 3047 1608 3120 Andrzeoviense
1641 3036 1749 3138 perti-

142 3153 146 3158 ’
199 3157 262 3240 net.
287 3169 328 3239 In
357 3189 427 3259 qua
454 3174 535 3240 sunt
560 3168 652 3240 lanei
679 3168 924 3259 nmetbonales,
952 3171 988 3240 et
1016 3169 1120 3240 solvit
1146 3169 1293 3260 quilibet
1310 3223 1424 3260 .....
1429 3215 1433 3221 -
1450 3169 1536 3241 item
1561 3190 1638 3260 ova,
1664 3171 1748 3242 item

198 3289 311 3379 gallos,
338 3291 423 3360 item
450 3310 590 3390 caseos,
623 3289 707 3361 item
734 3290 853 3379 labor,
890 3291 973 3361 item
1000 3289 1161 3385 powoba,
1188 3291 1272 3362 item
1299 3313 1454 3386 oaazyep,
1481 3291 1566 3362 item
1592 3291 1749 3382 taberna,

199 3411 276 3482 item
303 3410 500 3500 hortulani,
536 3411 632 3482 item‘
649 3411 847 3501 praedium,
884 3407 968 3483 item
996 3411 1239 3485 molendinum.
1277 3401 1371 3483 ltem
1398 3433 1518 3484 omnes
1543 3412 1620 3502 agri
1646 3411 1749 3483 villae

200 3533 332 3604 solumt
359 3538 397 3603 et
423 3531 620 3604 conducunt
647 3532 815 3604 decimam
841 3532 1093 3623 manipularem
1120 3538 1157 3604 et
1183 3533 1384 3628 oanapalem
1411 3554 1476 3624 pro
1495 3588 1609 3604 .....
1635 3532 1750 3637 {lond-

201 3659 257 3724 nat
282 3675 361 3726 enm
381 3709 495 3724 .....
543 3687 563 3708 ··
1562 3643 1566 3647 ’

253 3775 256 3780 ’
299 3775 484 3865 anznm,
511 3773 594 3846 villa
620 3775 684 3848 sub
711 3775 878 3866 parochia
905 3775 948 3846 de
968 3829 974 3844 .
1048 3829 1082 3844 ..
1110 3775 1199 3864 sita,
1226 3774 1323 3844 ouius
1350 3774 1546 3864 proprietas
1572 3795 1615 3845 ex
1642 3773 1750 3846 dona-

201 3895 289 3967 tione
315 3895 339 3968 J
349 3896 549 3981 obannis
586 3893 800 3969 Gneznensis
837 3895 1088 3985 archiepiscopi
1124 3894 1169 3966 ad
1195 3895 1444 3967 monasterium
1469 3894 1751 3967 Andrzeoviense
1794 3922 1798 3927 ⁴
1844 3897 1851 3904 “

202 4018 358 4106 pomnen
403 4019 443 4089 ln
472 4020 540 4108 qua
567 4023 648 4090 sunt
673 4017 766 4090 lanei
793 4017 1037 4107 emetbonales,
1065 4021 1100 4087 et
1127 4016 1272 4106 quilibet
1298 4015 1404 4089 solvit
1423 4070 1538 4106 .....
1564 4017 1649 4087 item
1675 4037 1751 4107 ova,

201 4137 278 4208 item
305 4139 429 4230 gallos,
457 4140 538 4210 item
567 4159 697 4228 naseos
723 4141 806 4211 item
824 4139 933 4228 labor,
960 4139 1043 4209 item
1061 4135 1215 4233 powudu,
1241 4137 1326 4230 item
1353 4159 1500 4233 oaazyep,
1526 4137 1609 4210 item
1635 4138 1750 4209 taber-

200 4279 249 4349 na,
275 4260 359 4332 item
387 4261 573 4350 hortulani,
600 4261 682 4333 item
711 4260 901 4354 praedium,
928 4261 1013 4332 item
1037 4258 1282 4332 molendinum.
1309 4259 1398 4330 Item
1417 4279 1535 4331 omnes
1554 4260 1630 4350 agri
1648 4258 1751 4330 villae

202 4379 336 4453 solvunt
364 4389 401 4454 et
427 4381 624 4454 conducunt
650 4381 818 4454 decimam
845 4381 1096 4472 manipularem
1123 4385 1160 4452 et
1186 4380 1386 4471 oanapalem
1412 4401 1477 4470 pro
1496 4435 1610 4451 .....
1637 4378 1752 4452 Gonti-

203 4507 261 4572 nat
287 4493 365 4575 oum
386 4557 393 4573 .
413 4558 419 4573 .
436 4559 447 4594 ,
466 4559 500 4574 ..

301 4621 511 4715 Murranum
538 4623 622 4696 villa
649 4625 713 4696 sub
730 4623 906 4715 'parochia
933 4622 976 4696 de
994 4620 1307 4696 Graanozioze
1334 4622 1412 4712 sita,
1438 4623 1537 4695 ruina
1554 4623 1753 4714 proprietas

203 4761 243 4814 ex
268 4743 454 4818 donatione
481 4745 504 4818 J
515 4729 714 4819 ohannis
743 4742 956 4818 Gneznensis
974 4744 1226 4835 archiepiscopi
1248 4743 1292 4815 ad
1311 4726 1560 4816 monasterium
1574 4744 1753 4818 Andrzeo·

204 4864 317 4937 riense
343 4839 504 4957 pertinet.
549 4867 590 4938 In
618 4872 794 4958 quaeunt
830 4871 962 4957 septem
998 4866 1089 4938 lanei
1126 4864 1377 4954 emethonales‚
1412 4853 1461 4953 et'
1475 4865 1623 4956 quilibet
1648 4865 1753 4938 soluit

206 5039 364 5076 .......
393 4989 475 5060 item
505 5010 579 5079 ova,
607 4989 689 5060 item
716 4988 837 5079 gallos,
865 4988 951 5060 item
977 5008 1108 5076 oaseos;
1133 4987 1218 5058 item
1244 4986 1353 5076 labor,
1379 4987 1464 5058 item
1490 4984 1643 5082 potatu,
1669 4986 1753 5058 item

205 5127 345 5204 oeazyep,
372 5110 457 5181 item
483 5109 629 5182 taberna
654 5130 724 5181 una
750 5110 883 5183 habens
911 5129 1024 5200 agros,
1051 5099 1222 5181 et'solvit
1248 5129 1355 5180 unum
1375 5128 1516 5180 censum
1542 5108 1753 5180 monasterio

192 5226 239 5297 'et
264 5229 366 5302 alium
394 5232 546 5303 haeredi.
591 5231 678 5303 Item
707 5231 893 5322 hortulani,
921 5231 1002 5303 item
1031 5230 1226 5322 praedium,
1253 5231 1336 5302 item
1365 5229 1598 5302 molendinum
1624 5234 1679 5300 est
1705 5229 1755 5302 ibi

207 5349 399 5424 coenobiale
426 5353 462 5424 in
488 5353 627 5424 flumine
654 5351 893 5442 Mimans,
915 5352 1023 5443 quod
1054 5352 1157 5424 solvit
1184 5352 1394 5425 monasterio
1430 5371 1494 5442 pro
1522 5370 1628 5422 censu
1654 5350 1754 5440 qnin-

208 5489 268 5558 quo
294 5493 437 5564 marcas,
465 5479 501 5546 et
527 5495 632 5546 unum
649 5495 803 5565 porcum
831 5473 978 5564 saginat,
1019 5473 1127 5544 babet
1162 5455 1270 5544 unum
1294 5475 1442 5563 pratum,
1469 5470 1530 5543 sed
1556 5491 1660 5561 agros
1687 5492 1756 5542 non

209 5588 315 5664 habet.
354 5593 443 5676 Item
472 5617 590 5668 omnes
617 5597 693 5688 agri
720 5593 823 5668 villae
850 5595 989 5669 solvunt
1016 5603 1052 5667 et
1080 5593 1276 5668 oondnount
1311 5594 1478 5672 decimam
1505 5593 1757 5691 manipularem
1846 5626 1853 5636 ·

214 5717 246 5784 et
270 5719 465 5814 oanapalem
494 5739 557 5816 pro
578 5773 692 5790 .....
719 5717 879 5797 Oonfinat
905 5733 982 5794 cum
1003 5771 1009 5788 .
1029 5771 1036 5786 .
1056 5772 1063 5790 .
1082 5729 1116 5796 .·.
