4492 6592
1664 808 1739 887 oio
1857 783 1862 788 ’

184 1009 329 1082 decimis
349 1019 388 1083 et
405 1011 508 1102 villis,
520 987 522 992 ¹
535 1034 620 1104 quos
639 1011 705 1085 sibi
723 1011 747 1085 J
756 1011 972 1086 oroslcus
998 977 1279 1108 archiepiscopus
1299 1006 1524 1111 Gnezueueis,
1542 1018 1743 1098 Bodzen-

184 1130 263 1202 the
290 1129 547 1222 Crecoviensie,
574 1132 783 1204 Mothics
801 1133 1089 1208 Vlcdislcviensis
1112 1138 1275 1226 episcopi,
1302 1144 1340 1208 et
1365 1138 1388 1209 J
1399 1139 1608 1211 ohannes
1633 1143 1741 1218 ebbae
1883 1155 1886 1160 ’

184 1250 429 1324 Tbiucziens'ie
455 1255 614 1343 precatio
641 1253 860 1326 contulerant
886 1255 1051 1327 ecclesiae
1078 1257 1198 1329 eidem.
1231 1291 1239 1299 ·

862 1515 1075 1597 Decimae.

291 1731 437 1806 Ouuow
456 1787 572 1805 .....
812 1793 816 1800 .
1723 1793 1728 1800 .

290 1807 458 1943 Piceno,
485 1855 649 1945 oppidum
676 1857 828 1947 regium,
855 1857 892 1926 iu
919 1877 986 1946 quo
1013 1855 1125 1945 leuci,
1152 1860 1189 1926 ct
1215 1855 1362 1944 quilibet
1388 1857 1492 1929 coluit
1518 1877 1584 1948 pro
1610 1859 1744 1932 decim

154 2029 156 2034 .
187 1977 405 2046 monasterio
433 1974 652 2048 Thincziensi
678 1975 721 2048 de
748 1977 861 2048 laneo·
876 1995 940 2066 per
958 2029 1072 2046 .....
1098 1975 1248 2048 latorum
1274 1996 1485 2066 grossorum
1524 1999 1658 2050 summa
1683 1999 1745 2050 sex

189 2115 327 2166 uncae
357 2101 395 2167 et
422 2097 682 2186 quatuordecim
708 2097 821 2187 grossi
847 2117 925 2169 cum
950 2097 1064 2168 medio
1091 2097 1245 2168 lotorum
1271 2101 1480 2186 grossorum.

292 2215 535 2308 Domuum,
554 2271 668 2288 .....

292 2333 524 2428 Zcouuowc,
551 2338 634 2410 ville
660 2337 724 2448 sub
750 2338 916 2428 parochio
942 2339 985 2409 de
1004 2391 1172 2408 .......
1199 2338 1275 2408 site
1306 2337 1348 2408 In
1376 2358 1448 2428 que
1471 2343 1553 2410 eunt
1579 2339 1680 2428 leuci,
1707 2343 1746 2412 et

193 2455 340 2546 quilibet
367 2459 474 2531 solvit
499 2460 709 2530 monasterio
738 2457 954 2530 Thiucziensi
980 2479 1045 2548 pro
1072 2458 1213 2547 decimeq
1239 2444 1391 2546 latorum
1416 2478 1618 2548 grossorum
1637 2513 1644 2527 .
1663 2513 1671 2527 .
1689 2513 1698 2527 .
1716 2482 1746 2548 .;
1945 2473 1955 2488 ’

194 2597 326 2648 summe
355 2585 507 2669 quatuor
533 2582 622 2650 cum'
637 2579 750 2651 medio
776 2597 913 2650 mercce
939 2577 1088 2650 luterum
1114 2598 1326 2668 grossorum.

296 2697 529 2771 Szuccczow
529 2753 672 2790 ......

295 2819 566 2910 Zeoeowucze
595 2820 678 2892 ville
704 2819 768 2891 sub
795 2819 960 2908 parochio
986 2818 1029 2889 de
1048 2871 1244 2888 ........
1270 2818 1348 2888 sito„
1383 2815 1424 2888 In
1452 2837 1520 2908 qua
1547 2821 1629 2889 suut
1653 2817 1747 2889 lcuei

197 2939 449 3039 emethoncleS,
475 2945 511 3011 et
537 2941 682 3032 quilibet
717 2939 821 3010 solvit
855 2939 1067 3010 monasterio
1095 2937 1294 3009 Tbiucicnsi
1328 2958 1393 3027 pro
1425 2935 1558 3009 decimo
1594 2937 1747 3008 latorum

197 3079 397 3148 grossorum
416 3115 424 3131 .
443 3115 451 3131 .
470 3115 478 3131 .
496 3083 532 3149 .;
559 3079 692 3132 summa
717 3064 790 3130 tres
816 3077 953 3130 mercae
981 3077 1104 3130 novem
1130 3055 1245 3148 grossi
1270 3058 1420 3128 latorum
1443 3077 1660 3148 grossorum.
1735 3145 1739 3154 ἡ

206 3181 210 3195 ’
298 3179 542 3252 Wuuzeuozu
561 3234 676 3251 .....
1540 3190 1543 3194 “

299 3299 601 3390 ὃτῑιῑαοΒΖῑοΖΕ,
629 3299 715 3375 clius
742 3297 1034 3389 Sucecoczmzu,
1075 3297 1158 3369 ville
1184 3299 1248 3370 sub
1275 3297 1440 3387 parochia
1467 3297 1536 3367 de.
1556 3351 1564 3366 .
1583 3351 1590 3366 .
1609 3351 1643 3366 ..
1670 3296 1748 3368 site

105 3413 106 3416 ’
200 3419 238 3490 In
264 3441 333 3510 quc
360 3417 443 3493 suut
468 3421 559 3492 lanei
586 3419 827 3509 cmetbonclcs7
855 3419 952 3490 etde
971 3417 1129 3489 omnibus
1156 3417 1305 3489 solvitur
1331 3422 1367 3487 et
1386 3417 1591 3488 conducitur
1617 3416 1750 3487 decime

201 3541 424 3630 mardpuloris
450 3546 487 3613 ct
513 3541 689 3630 cenopolis
716 3561 779 3630 pro
807 3539 1016 3610 monasterio
1044 3537 1262 3627 Thinciensi‚
1297 3541 1333 3607 ct
1359 3537 1458 3608 valor
1484 3537 1559 3609 eius
1586 3536 1748 3607 aestime-

203 3665 258 3730 tur
283 3662 327 3733 ed
348 3716 464 3732 .....
490 3681 643 3751 marcos,
670 3665 810 3750 praeter
836 3680 942 3732 unum
969 3679 1144 3748 campum,
1172 3657 1215 3727 de
1242 3637 1310 3747 quo
1338 3655 1429 3728 cedit
1454 3677 1519 3746 pro
1545 3648 1749 3745 episcopatu

113 3853 116 3867 ,
205 3781 433 3856 Grocoviensi.
460 3782 549 3854 Item
575 3782 750 3872 tabernac,
777 3781 860 3853 item
887 3779 1077 3870 praedium.
1157 3859 1161 3865 ⁴

301 3881 537 3992 Zeeioczuu,
557 3956 565 3971 .
584 3955 592 3971 .
610 3955 618 3972 .
636 3927 672 3972 ;.
711 3973 719 3979 ,

301 4023 521 4112 Mosczm,
548 4021 632 4094 vdie
648 4021 713 4092 sub
732 4020 897 4111 perocbie
915 4020 958 4090 de
975 4017 1271 4108 Zagorzpcze
1297 4015 1375 4086 sita.
1401 4013 1441 4085 In
1461 4034 1530 4104 quc
1547 4019 1630 4085 cunt
1646 4013 1749 4102 lanei,

206 4149 238 4214 ct
263 4146 410 4235 quilibet
435 4143 540 4217 solvit
566 4141 733 4213 decimam
759 4139 973 4231 pecuoiclcm
999 4157 1064 4229 pro
1090 4137 1303 4210 monasterio
1330 4135 1539 4206 Thincienei.

303 4265 495 4337 Zmow'o
514 4285 522 4334 ς
540 4315 548 4333 .
566 4317 574 4333 .
595 4316 627 4332 ..
1308 4266 1343 4333 ,’
1623 4247 1629 4254 ’

303 4385 484 4474 Picum,
509 4383 594 4456 ville
619 4383 684 4454 cub
709 4381 875 4472 parochie
902 4379 945 4452 de
963 4434 1077 4451 .....
1104 4378 1248 4450 site-In
1275 4397 1344 4468 quo
1370 4381 1452 4448 suut
1477 4370 1767 4474 loueicmetho-¹

210 4479 297 4577 ucles
310 4513 362 4578 ‘et
387 4505 533 4598 quilibet
559 4503 663 4574 solvit
688 4522 751 4592 pro
778 4502 911 4574 decime
928 4555 937 4571 .
955 4557 963 4572 .
982 4556 990 4572 .
1008 4556 1016 4571 .
1035 4553 1069 4571 ..
1095 4520 1256 4590 grosso&
1282 4517 1414 4570 summa
1441 4501 1520 4569 octo
1546 4516 1687 4586 grossos
1713 4499 1751 4565 et

212 4646 274 4697 uua
298 4647 417 4699 merca
442 4624 631 4698 communis
658 4623 836 4713 pecuniae.

306 4747 511 4836 Oscum,
530 4798 645 4815 .....

308 4867 462 4938 Tucuzu
489 4865 572 4938 ville
585 4915 752 4934 .......
779 4863 856 4935 sita.
882 4864 923 4934 In
951 4883 1020 4954 que
1046 4847 1129 4934 suut
1153 4861 1245 4932 lenei
1273 4859 1517 4950 cmethoncleq
1543 4862 1580 4928 et
1605 4855 1753 4946 quilibet

216 4985 310 5058 solvit
334 5008 399 5078 pro
427 4987 561 5058 decima
587 4983 798 5057 monasterio
824 4983 1022 5054 Thinciensi
1053 4981 1204 5054 lotorum
1230 5001 1431 5071 grossorum
1450 5034 1458 5048 .
1476 5033 1484 5047 .
1503 4977 1537 5048 .‘.
1555 4999 1591 5064 .;
1619 4993 1753 5046 summe

217 5125 278 5178 uuo
302 5127 475 5199 sexagena
500 5107 651 5179 latorum
678 5125 887 5196 grossorum.

309 5229 525 5299 LffleAuflu
527 5279 668 5318 ......

310 5349 593 5437 Bocuuowicze‚
620 5347 704 5419 ville
730 5345 794 5418 sub
822 5345 988 5435 parochie
1014 5343 1057 5414 de
1077 5393 1244 5412 .......
1271 5340 1348 5409 site
1388 5337 1429 5408 In
1456 5357 1526 5425 que
1551 5339 1634 5406 sunt
1659 5333 1753 5405 lanei
1876 5375 1880 5387 .

220 5469 449 5570 cuetbouclcs,
475 5474 512 5540 et
539 5467 687 5558 quilibet
712 5467 817 5538 solvit
848 5486 912 5554 pro
939 5463 1072 5534 decima
1098 5460 1308 5532 monasterio
1335 5457 1533 5528 Thinciensi
1551 5510 1559 5525 .
1577 5511 1585 5525 .
1604 5509 1639 5528 ..
1666 5455 1755 5526 leto-

222 5603 286 5657 rcm
309 5609 520 5681 grossorunq
546 5609 679 5660 summe
701 5607 775 5659 unc
801 5605 918 5656 murce
944 5583 1062 5654 decem
1089 5581 1194 5653 scotti
1220 5581 1371 5650 lotorum
1397 5597 1607 5667 grossorum.
1762 5585 1765 5592 '

312 5709 600 5804 Gouczowucze‚
618 5763 626 5781 .
646 5764 653 5778 .
673 5763 681 5778 .
700 5763 707 5778 .
726 5745 736 5778 .-
