4492 6592
1700 685 1773 756 169

211 881 297 954 Item
325 881 552 954 hortulaniae
588 905 658 955 non
686 887 783 974 suut,
811 884 894 956 item
921 883 1048 956 ibidem
1075 885 1244 958 tabernae
1270 908 1341 959 uon
1367 893 1468 977 sunt,
1483 889 1579 959 ‘item
1605 880 1773 962 molendi-

212 1023 290 1076 num
318 1025 393 1076 non
422 1009 485 1078 est
932 1016 933 1020 ’

258 1207 263 1214 ,
314 1125 467 1216 Brenn,
495 1127 579 1198 villa
605 1133 730 1200 vocata
756 1125 906 1199 Parra
932 1128 1085 1219 Byala,
1113 1130 1178 1200 sub
1206 1130 1371 1218 parocbia
1390 1130 1556 1202 ecclesiae
1573 1131 1775 1206 Maioris

211 1246 422 1338 Byalyae
459 1249 524 1319 sub
559 1249 663 1320 titolo
700 1248 846 1320 Sanctae
883 1247 1100 1340 Gatberinae,
1137 1251 1222 1340 sita,
1250 1251 1346 1322 euius
1382 1252 1506 1322 haeres
1533 1253 1773 1343 Sigismundus

210 1368 239 1438 B
247 1368 333 1458 yel,
364 1369 494 1448 nobilis
522 1369 566 1440 de
592 1371 698 1440 armis
725 1369 908 1460 Ostoya.
936 1370 977 1442 In
1004 1356 1073 1461 dua
1099 1377 1181 1442 sunt
1206 1371 1326 1442 decern
1351 1378 1388 1443 et
1415 1377 1492 1444 octo
1510 1373 1602 1445 lanei
1621 1377 1774 1447 emetha-

210 1491 324 1579 nales,
354 1490 401 1562 de
438 1491 564 1582 quibus
592 1493 749 1564 omnibus
785 1492 932 1563 solvitur
968 1492 1102 1564 decima
1128 1493 1355 1589 manipularis
1381 1499 1418 1564 et
1444 1501 1608 1583 perires
1634 1498 1773 1588 ierugas

211 1611 408 1702 canapalis,
446 1614 657 1690 monasterio
698 1612 958 1706 Olobuezensi„
976 1618 1014 1684 et
1048 1617 1213 1687 tenentur
1249 1613 1345 1684 illam
1384 1616 1583 1686 emetbones
1618 1620 1770 1708 propriis

209 1733 372 1804 cunibus
411 1732 537 1816 ducere
576 1735 612 1806 in
649 1735 813 1806 borreum
849 1755 871 1806 a
902 1735 1102 1826 praeposito
1130 1734 1356 1807 Globuezeusi
1382 1734 1582 1826 locandum,
1609 1744 1647 1810 et
1672 1740 1770 1811 valor
1908 1831 1915 1836 Α

210 1856 282 1926 eius
319 1855 532 1926 aestimatur
568 1855 613 1926 ad
649 1877 710 1927 serr
748 1877 900 1946 maresa,
935 1855 1120 1946 aliquando
1157 1855 1201 1926 ad
1235 1860 1331 1944 octo,
1358 1855 1546 1946 aliquando
1572 1858 1618 1928 ad
1644 1859 1770 1932 decem.

210 1977 295 2048 Item
329 1976 515 2066 praedium
552 1983 607 2049 est
634 1977 682 2064 ibi
710 1978 867 2068 unicum,
894 1977 938 2050 de
965 1977 1062 2050 cuius
1089 1978 1184 2066 agris
1211 1976 1360 2048 solvitur
1386 1976 1520 2062 decima
1545 1980 1773 2070 manipularis

210 2097 378 2169 ecclesiae
408 2098 543 2194 ibidem
579 2099 614 2168 in
652 2099 805 2191 Byala.
845 2099 932 2170 Item
967 2099 1114 2170 taberna
1149 2102 1205 2168 est
1239 2097 1289 2168 ibi
1325 2118 1394 2168 una
1428 2098 1561 2170 habens
1589 2121 1703 2191 agros,
1730 2103 1773 2173 de

211 2218 334 2308 quibus
364 2219 473 2290 solvit
498 2219 665 2290 decimam
689 2220 938 2310 manipularem
956 2218 1122 2290 eeclesiae
1140 2219 1177 2288 in
1194 2217 1498 2310 Globuezsko,
1517 2225 1554 2292 et
1570 2222 1771 2313 canapalem
1916 2275 1920 2280 ·

210 2360 270 2430 per
304 2359 414 2411 uuam
442 2361 519 2412 eum
546 2338 793 2414 medietates.
820 2341 909 2446 Item
936 2339 1157 2412 bortulaniae
1183 2339 1287 2429 duae,
1315 2339 1472 2411 sednon
1499 2341 1631 2416 habent
1658 2364 1771 2433 agros.

312 2461 498 2552 Leornn,
535 2463 618 2534 villa
653 2464 717 2534 sub
753 2461 919 2552 parochia
954 2461 1120 2532 eeclesiae
1156 2460 1200 2548 de
1235 2459 1531 2532 Globuezsko
1558 2463 1647 2552 sita,
1673 2431 1772 2536 cuius

212 2583 413 2673 proprietas
442 2589 478 2654 et
504 2570 692 2654 dominium
719 2582 764 2654 ad
791 2583 1041 2654 monasterium
1068 2580 1404 2654 Gzanstoeboviense
1430 2582 1593 2672 pertinet.
1632 2584 1674 2655 In
1701 2607 1772 2676 qua

214 2709 291 2774 sunt
327 2705 498 2776 tredecim
536 2709 612 2776 cum
648 2703 762 2776 medio
798 2703 890 2791 lanei
926 2703 1179 2792 emetboneles,
1207 2703 1250 2774 de
1285 2704 1411 2793 quibus
1437 2705 1596 2776 omnibus
1623 2705 1772 2777 solvitur

214 2824 344 2896 decima
372 2827 626 2918 manipularis,
654 2831 689 2896 et
723 2845 786 2915 per
817 2825 903 2896 duas
930 2825 1067 2914 ierugas
1095 2825 1270 2914 canapalis
1297 2825 1509 2896 monasterio
1537 2824 1771 2917 Globuczensi,

214 2953 247 3018 et
274 2951 443 3019 tenentur
479 2947 573 3018 illam
610 2947 809 3020 amethones
846 2946 973 3018 ducere
1007 2946 1044 3016 in
1079 2946 1291 3018 borreum-a
1317 2946 1517 3036 praeposito
1544 2943 1769 3019 Olobuczensi

109 3047 110 3052 ¹
170 3153 173 3158 Ι
214 3068 406 3158 locandum,
434 3069 584 3160 propriis
612 3069 781 3158 curribus,
809 3073 845 3139 et
871 3068 969 3139 valor
995 3068 1068 3138 eius
1088 3068 1293 3138 aestimatur
1312 3067 1356 3138 ad
1375 3067 1492 3138 decem
1511 3088 1655 3139 mareas.
1682 3069 1770 3141 Item

215 3211 278 3262 non
305 3197 392 3261 sunt
418 3190 455 3261 in
482 3189 602 3262 eadem
628 3190 712 3262 villa
732 3191 915 3280 tabernae,
942 3211 1012 3261 non
1040 3193 1122 3260 suut
1148 3189 1379 3279 bortulaniae,
1405 3189 1490 3259 item
1517 3189 1696 3278 praedium
1716 3196 1771 3262 est

109 3341 114 3392 ι
214 3311 260 3384 ibi
276 3313 446 3400 unicum,
474 3311 516 3382 de
544 3311 642 3382 cuius
678 3313 772 3404 agris
800 3311 948 3384 solvitur
984 3311 1116 3382 decima
1143 3310 1375 3400 manipularis
1394 3310 1561 3382 eeclesiae
1587 3316 1624 3382 et
1649 3332 1769 3383 mona-

216 3433 319 3504 sterio
347 3434 387 3504 in
415 3431 718 3504 Globuczslro.
754 3432 831 3506 Hoc
865 3421 1046 3523 praedium
1079 3431 1147 3502 luit
1173 3432 1347 3522 quondam
1372 3431 1543 3518 militare;
1570 3431 1632 3502 sed
1692 3437 1769 3504 ater
1900 3477 1905 3485 ·

216 3551 378 3626 Nicolaus
415 3553 792 3645 Borzymowsky,
827 3554 980 3626 existens
1016 3559 1099 3625 tunc
1135 3553 1232 3643 prior
1259 3553 1502 3642 provincialis,
1530 3552 1658 3623 coemit
1686 3553 1695 3568 ‘
1747 3553 1770 3643 d

217 3694 274 3762 pro
302 3680 445 3748 centum
472 3677 603 3748 marcis
634 3677 728 3766 apud
755 3675 970 3748 Mikosch
1007 3675 1171 3765 militem,
1198 3680 1235 3746 et
1261 3675 1472 3746 monasterio
1499 3672 1768 3746 Gzanstochovi·

218 3797 286 3866 ensi
311 3803 486 3888 perpetuo
514 3799 758 3888 incorporavit.

315 3917 555 4010 Gaonzrsrm,
582 3920 666 3992 villa
702 3921 766 3992 sub
793 3919 959 4011 parocbia
985 3917 1153 3990 ecclesiae
1179 3917 1423 3988 Clobuozensis
1450 3915 1536 4005 sita,
1564 3915 1661 3986 cuius
1688 3936 1768 4005 pre-

217 4039 345 4127 prietas
374 4045 410 4113 et
436 4041 624 4114 dominium
652 4042 696 4113 ad
723 4041 980 4116 serenissimum
1008 4039 1175 4134 Poloniae
1203 4059 1318 4128 rogem
1345 4036 1506 4128 pertinet.
1532 4037 1574 4108 In
1601 4057 1669 4126 qua
1686 4043 1769 4108 sunt

220 4160 365 4232 sedecim
391 4162 482 4234 lanei
509 4163 754 4253 amethonales,
782 4163 825 4234 de
853 4163 978 4253 quibus
1014 4160 1174 4232 omnibus
1200 4158 1348 4230 solvitur
1375 4157 1509 4256 decima
1534 4157 1767 4248 manipularis,
1824 4253 1828 4261 .

109 4263 113 4278 '
219 4286 252 4352 et
275 4303 337 4371 per
368 4289 517 4374 quatuor
545 4285 682 4375 ierugas
710 4284 885 4375 canapalis
912 4282 1123 4356 monasterio
1151 4279 1392 4369 Globuezensi,
1419 4284 1456 4350 et
1482 4283 1646 4350 tenentur
1672 4278 1767 4352 illam

220 4406 412 4478 ametbones
445 4408 596 4497 propriis
632 4407 792 4481 curribus
827 4407 953 4491 ducere
989 4407 1024 4476 in
1060 4405 1225 4476 borreum
1260 4424 1282 4473 a
1315 4401 1515 4492 praeposito
1543 4399 1768 4473 Globuczensi

221 4523 407 4617 locandum,
434 4534 470 4599 et
495 4529 594 4600 valor
620 4529 695 4600 eius
711 4528 930 4601 aestimatur
957 4527 1002 4598 ad
1029 4527 1183 4616 quinque
1208 4544 1352 4615 marcas,
1371 4523 1557 4614 aliquando
1574 4522 1620 4595 ad
1637 4521 1765 4595 deceni.

221 4643 300 4716 Item
336 4669 408 4723 non
444 4655 525 4722 sunt
560 4651 748 4740 tabernae,
773 4671 843 4722 non
870 4653 952 4722 sunt
977 4647 1215 4738 hortulaniae‚
1242 4667 1311 4717 non
1338 4650 1392 4718 est
1417 4643 1559 4736 aliquod
1585 4643 1767 4735 praedium

221 4769 339 4858 regale.
366 4770 455 4842 Item
482 4777 536 4844 est
562 4765 620 4844 ibi‘
638 4772 816 4863 scoltetia,
834 4771 975 4870 ‚babens
1002 4775 1075 4843 tres
1102 4769 1239 4858 laneos,
1266 4767 1462 4862 dequibus
1488 4766 1595 4839 etiam
1621 4765 1768 4838 solvitur

223 4885 346 4964 decima
371 4893 607 4986 'manipularis
644 4900 680 4967 et
712 4875 888 4984 cenapolis
915 4913 979 4983 pro
1006 4891 1217 4964 monasterio
1244 4887 1481 4962 Olobuczensi
1520 4888 1609 4960 Item
1635 4890 1691 4958 est
1716 4885 1767 4958 ibi

223 5007 447 5084 molendinum
474 5013 619 5105 scolteti,
647 5014 708 5087 sed
735 5035 804 5086 nou
831 5013 938 5086 babet
964 5033 1077 5103 agros.

250 5185 253 5192 .
317 5133 593 5227 Wasnezuczn,
621 5136 703 5208 villa
730 5136 794 5208 sub
820 5135 986 5226 parocbia
1012 5133 1179 5206 ecelesiae
1205 5130 1450 5206 Globuczensia
1473 5129 1552 5220 sita,
1570 5127 1668 5200 cidus
1686 5146 1767 5218 pro

224 5252 344 5339 prietes
370 5261 407 5330 et
433 5258 623 5332 dominium
650 5258 695 5330 ad
721 5255 979 5332 serenissimum
1005 5256 1171 5329 Poloniae
1197 5274 1314 5346 regem
1341 5251 1504 5344 partinet.
1530 5251 1571 5321 In
1599 5253 1767 5340 quaeunt

226 5373 338 5465 viginti
363 5385 514 5470 quatuor
527 5379 631 5463 lanei
668 5379 919 5468 cmethonales,
947 5377 990 5450 de
1018 5378 1143 5470 quibus
1170 5376 1329 5448 omnibus
1357 5373 1505 5445 solvitur
1532 5371 1665 5444 decima
1691 5391 1765 5442 ma·
1842 5397 1849 5409 ⁸

226 5494 390 5591 nipularis,
417 5507 454 5574 et
478 5522 541 5592 per
568 5507 641 5574 tres
668 5503 808 5592 ierugas
835 5499 1019 5590 canapaiis,
1045 5497 1259 5570 monasterio
1285 5495 1519 5584 Globuezensi,
1545 5498 1583 5564 et
1599 5497 1764 5564 tenentur

192 5597 196 5606 ’
226 5613 313 5730 ῘιΙΙειῐι]1
325 5622 523 5696 emetbones
539 5623 693 5715 propriis
712 5623 871 5714 curribus
889 5619 1014 5694 ducere
1032 5619 1068 5691 in
1086 5618 1259 5707 borreum,
1278 5631 1299 5689 a
1317 5615 1517 5708 praeposito
1535 5612 1765 5686 Globuezensi

305 5787 524 5831 naamam
1297 5817 1301 5822 ι
1438 5837 1443 5849 ,
1561 5764 1656 5812 ²²·
