4492 6592
420 807 424 817 ¹
474 781 550 852 360

468 1007 565 1059 meae
593 986 790 1058 donationis
816 985 979 1076 paginam
1006 985 1204 1076 infringere,
1230 986 1286 1058 vel
1311 988 1346 1058 ei
1363 1008 1451 1058 ansu
1467 987 1655 1058 temerario
1673 985 1858 1057 contraire.
1884 982 2024 1074 Siquis

468 1113 584 1180 autem
611 1108 677 1180 hoc
704 1112 878 1179 attentare
904 1108 1186 1198 praesumpserit,
1212 1108 1486 1198 indignationem
1508 1096 1757 1197 omnipotentis
1773 1105 1840 1176 Dei
1858 1113 1895 1177 et
1911 1106 2025 1176 dicto-
2142 1173 2144 1180 .

466 1249 545 1300 rum
572 1227 777 1300 Sanctorum
803 1221 969 1318 incurrat,
996 1234 1034 1300 et
1060 1249 1137 1299 cum
1164 1230 1292 1320 iniquis
1319 1230 1355 1300 in
1382 1228 1541 1320 praelato
1567 1228 1726 1300 examine
1752 1227 1914 1298 districto
1930 1228 2024 1297 reei-

467 1350 541 1440 piat
580 1351 784 1440 portionem.
837 1351 878 1421 ln
919 1351 1186 1440 praemissorum
1227 1351 1347 1444 itaque
1386 1353 1537 1422 omnium
1577 1349 1787 1422 evidentiam
1827 1350 2041 1437 certiorem
2142 1343 2144 1388 ἕ

468 1474 686 1561 praesentem
714 1472 872 1582 paginam
901 1472 1072 1543 conscribi
1107 1470 1269 1561 fecimus,
1295 1477 1332 1544 et
1367 1472 1473 1562 sigilli
1500 1472 1612 1545 nostri
1638 1471 1826 1544 munimine
1852 1471 2024 1541 roborari.
2142 1563 2144 1570 Ι

468 1592 559 1664 Acte
585 1593 671 1664 haec
698 1599 780 1664 sunt
806 1593 942 1683 publice
969 1594 1005 1664 in
1033 1592 1246 1682 Sandecz‚
1273 1615 1390 1666 coram
1409 1593 1592 1684 magnifico
1609 1594 1749 1665 domino
1767 1592 2025 1683 Lyestlrko-

337 1801 342 1806 ¹
468 1734 519 1784 ne
547 1713 675 1785 illustri
702 1713 787 1785 duce
814 1713 1070 1786 Gracoviae
1098 1715 1426 1790 Sandomiriae
1453 1721 1490 1786 et
1515 1715 1751 1806 Syradiae„
1778 1714 1839 1804 qni
1865 1717 2026 1784 esttnnc
2142 1735 2144 1830 2

467 1835 604 1925 publice
641 1840 874 1926 protestatum
910 1829 974 1907 nos
1009 1857 1119 1927 posse,
1146 1837 1214 1908 rite
1248 1835 1364 1908 lacere
1398 1836 1591 1929 praelatam
1627 1836 1869 1925 donationem,
1895 1840 1933 1906 et
1961 1854 2026 1904 sno

468 1955 582 2046 sigillo
609 1961 827 2046 praesentem
854 1957 1015 2047 paginam
1043 1957 1150 2028 etiam
1177 1959 1365 2030 roboravit.
1393 1958 1495 2030 Anno
1522 1959 1662 2030 Domini
1693 1953 2026 2046 inflammatione
2103 1963 2107 1978 '
2142 2055 2144 2074 Ι

468 2079 636 2168 septima,
663 2077 754 2150 inira
780 2083 922 2151 octavas
950 2079 1216 2184 Apostolorum,
1243 2081 1488 2171 praesentibus
1513 2081 1587 2152 liis:
1614 2081 1739 2153 comite
1766 2079 1939 2150 Varsio
1967 2099 2026 2148 ca-

323 2267 329 2276 .
468 2199 616 2271 stellano
643 2198 883 2290 cracoviensi,
911 2193 1050 2273 domino
1083 2199 1313 2293 Procopio
1349 2202 1556 2274 cancellario
1582 2191 1731 2293 praefati
1757 2201 1889 2272 domini
1915 2199 2026 2289 duom,

467 2321 592 2392 comite
628 2319 835 2393 Martino
871 2321 1058 2394 castellano
1086 2322 1268 2414 Bresensi‚
1295 2329 1332 2395 et
1358 2345 1474 2396 coram
1500 2324 1557 2395 his
1583 2324 1669 2395 viris
1695 2323 1870 2412 religiosis
1895 2328 1934 2392 et
1961 2341 2024 2412 pa-

467 2441 581 2514 tribus
606 2442 829 2514 venerandis:
857 2463 962 2534 supra
980 2443 1075 2516 dicto
1094 2446 1253 2516 ministro
1270 2445 1380 2518 fratre
1407 2445 1642 2536 Stephano
1667 2441 1860 2535 guardiano
1887 2443 2023 2533 Strigo

466 2561 588 2652 niensi,
613 2563 724 2636 fratre
745 2565 981 2655 Boguslao
1008 2565 1137 2638 lectore
1154 2566 1301 2639 fratrum
1321 2566 1609 2657 praedicatorum,
1627 2566 1672 2638 ad
1689 2564 1910 2637 concordiam
1927 2566 2024 2666 inter

465 2683 594 2756 dictum
622 2683 742 2757 ducem
769 2692 806 2757 et
832 2694 894 2758 n'os
921 2685 1122 2779 faciendam,
1149 2709 1170 2758 a
1196 2686 1326 2760 domini
1352 2689 1460 2779 legati
1485 2682 1597 2760 latere
1615 2687 1800 2776 destinato,
1816 2685 1928 2758 tratre
1949 2685 1975 2757 J
1983 2707 2022 2756 o-

464 2805 611 2877 hanne
637 2807 789 2897 custode,
815 2806 924 2879 fratre
951 2807 1172 2881 Borislao
1198 2809 1327 2882 lectore
1352 2809 1500 2882 fratrum
1529 2812 1719 2899 minorum,
1746 2813 1783 2879 et
1809 2807 1889 2878 aliis
1916 2827 2020 2898 qnam

464 2927 593 3016 multis,
620 2932 691 2999 tam
718 2929 804 3001 viris
830 2925 1012 3021 religiosis,
1039 2951 1143 3021 quam
1170 2930 1305 3004 clericis
1332 2931 1558 3022 secularibus,
1585 2951 1688 3023 quam
1715 2931 1822 3001 etiam
1850 2927 2022 3000 militibus

465 3053 502 3119 et
528 3047 607 3120 aliis
633 3049 719 3122 viris
745 3051 855 3123 bonis.
