4492 6592
490 735 566 812 300

491 948 644 1020 Salem.
671 945 758 1018 Item
786 943 1037 1036 confirmamus,
1065 938 1158 1036 quod
1185 934 1300 1016 eomes
1327 940 1539 1016 Clemens
1567 936 1778 1016 castellanus
1804 903 2038 1014 mammenus

488 1069 767 1158 saeperecitatus,
795 1068 837 1138 de
865 1086 1034 1138 consensu
1060 1065 1211 1138 fratrum
1236 1087 1396 1155 suorum,
1432 1066 1667 1138 haereditates
1706 1086 1787 1136 suas
1814 1063 1935 1136 domui
1961 1065 2038 1136 mul·

487 1190 592 1259 toties
619 1189 735 1261 dictae
763 1188 927 1276 contulit,
963 1207 1022 1258 eas
1049 1187 1229 1276 videlicet,
1257 1207 1346 1278 quae
1373 1193 1587 1268 commutata
1612 1192 1695 1258 sunt
1722 1185 1936 1256 Smoszia
1969 1205 2038 1256 cun

487 1299 692 1396 custoribuS,
731 1307 906 1379 Zatbor
943 1328 1020 1378 cum
1048 1308 1252 1396 custoribus,
1279 1306 1481 1398 Kantby,
1508 1306 1742 1378 Caelandz
1769 1327 1877 1396 super
1904 1303 2038 1376 fluuium

285 1500 288 1512 ,
342 1507 346 1514 ,
487 1426 796 1500 Brzesznicza
836 1449 913 1498 cum
940 1429 1135 1498 custoribus
1162 1436 1303 1498 etcum
1329 1428 1477 1500 taberna
1517 1425 1721 1518 Wytbou
1763 1445 1873 1518 prope
1911 1425 2036 1515 Saye

489 1570 624 1638 ocyor,
653 1555 688 1620 et
715 1548 757 1620 de
784 1555 879 1620 terra
907 1549 951 1620 ad
979 1549 1104 1640 viginti
1133 1555 1253 1620 aratra
1279 1569 1413 1638 magna,
1441 1569 1530 1638 quae
1560 1545 1671 1618 barolo
1697 1570 1719 1618 a
1746 1547 1850 1636 vulgo
1888 1552 2040 1633 vocatur,

480 1665 686 1759 ostrow,
726 1668 927 1740 Podlaze
968 1689 1044 1740 cum
1072 1669 1285 1757 custoribus,
1313 1690 1415 1758 quam
1445 1669 1579 1758 accepit
1605 1689 1669 1758 uro
1696 1661 2039 1757 Eantbkanycz

487 1796 524 1860 et
550 1811 613 1878 pro
640 1788 841 1887 Woznylr
869 1810 945 1862 cnm
973 1789 1119 1859 ecclesia
1146 1773 1344 1859 coabbate
1361 1789 1621 1877 -Tbinieziensi,
1649 1789 1810 1871 addendo
1837 1789 1873 1858 ei
1904 1789 2042 1876 insuper

487 1911 610 1999 viginti
638 1930 777 1993 marcas„
799 1908 1308 1999 argenti,'Naszkowicze
1335 1929 1412 1980 eum
1439 1910 1662 1998 emanaue-
1675 1917 1712 1980 et
1737 1930 1814 1978 curn
1843 1907 2037 1978 molendino

488 2050 593 2118 super
618 2030 758 2100 fluvium
785 2029 971 2118 Rabona,
999 2030 1090 2119 quod
1118 2051 1224 2102 unum
1250 2030 1335 2100 litus
1362 2031 1541 2119 proprium
1567 2031 1689 2100 babuit
1707 2035 1744 2100 et
1760 2029 1857 2100 aliud
1876 2050 1901 2099 a
1920 2029 2039 2099 comite

487 2149 689 2220 Henric'o
716 2151 872 2221 redemit.
912 2151 1000 2220 Item
1027 2139 1237 2220 Clemens
1265 2170 1329 2239 pro
1356 2150 1474 2220 decem
1501 2151 1628 2220 marcis
1654 2150 1792 2239 argenti
1819 2156 1857 2219 et
1885 2149 2036 2219 uestibus

488 2272 525 2340 in
551 2271 690 2359 plenum
718 2270 969 2358 Zagroczo,
996 2270 1202 2358 Nabuze,
1239 2270 1479 2359 Druszow,
1505 2271 1718 2358 permutavit
1745 2269 1939 2357 Szycze‚
1966 2268 2039 2339 Nu·

488 2391 721 2460 szowicze.
749 2383 832 2458 lte'm
854 2389 943 2460 idem
973 2387 1184 2459 Clemens
1211 2390 1359 2461 contulit
1376 2390 1468 2460 tiliae
1490 2409 1574 2459 suae
1600 2387 1940 2459 Waszeniczae
1967 2409 2038 2458 aan-

488 2509 677 2580 ctimoniali
705 2509 822 2578 villam
850 2508 1059 2598 Nyemyl,
1087 2513 1126 2578 ut
1145 2513 1388 2596 postmortem
1407 2527 1503 2583 suam
1523 2507 1697 2578 conferret
1724 2508 1783 2577 nbi
1811 2507 1930 2578 vellet
1957 2507 2036 2578 lton

487 2628 703 2700 confimnavit
721 2632 837 2698 coram
856 2629 956 2700 nobis
976 2627 1355 2718 Wyerzbyantba
1381 2628 1601 2716 praepositus
1619 2627 1662 2698 de
1689 2627 2037 2717 Stbanyatblry,

396 2827 400 2838 ,
486 2749 579 2838 qnod
606 2749 689 2818 emit
716 2769 737 2818 a
763 2747 904 2820 Petro
931 2748 1096 2819 canonico
1123 2748 1288 2818 ecelesiae
1314 2747 1416 2818 Beati
1444 2747 1626 2820 Venoeslai
1653 2753 1787 2836 partem
1814 2747 2036 2820 baereditatis

362 2892 367 2900 ·
485 2869 523 2938 in
549 2867 896 2956 Lntbkowicze‚
933 2888 996 2958 pro
1024 2868 1245 2957 septuaginta
1271 2870 1397 2938 marcis
1424 2869 1580 2958 argenti,
1616 2873 1652 2938 et
1679 2868 1808 2938 ibidem
1834 2889 1856 2937 a
1884 2867 2036 2939 Doma-

485 2987 685 3058 rzatbko
712 3007 776 3078 pro
802 2988 949 3076 triginta
975 2987 1100 3058 marcis
1128 2989 1264 3078 argenti
1292 2996 1330 3058 et
1355 2987 1504 3077 pellibus
1532 2988 1693 3077 vulpinis,
1719 2995 1756 3058 et
1780 3009 1803 3057 a
1827 2988 1914 3058 liliis
1943 2987 2035 3059 Cos·

485 3127 577 3178 mae
614 3107 697 3176 emit
732 3113 899 3196 quantum
935 3107 1062 3178 ibidem
1098 3108 1135 3176 in
1162 3106 1493 3179 Lutukowicze
1534 3109 1751 3196 babuerunt,
1791 3129 1856 3198 pro
1894 3110 2035 3198 triginta

486 3227 612 3296 marcis
639 3228 792 3316 argenti,
820 3233 856 3298 et
883 3227 1017 3298 duobus
1044 3227 1152 3316 equis.
1180 3227 1268 3297 Item
1295 3227 1385 3298 idem
1415 3227 1794 3318 Wyerzbyantba
1820 3227 2035 3300 confirmavit

434 3330 436 3337 ’
486 3347 523 3416 in
541 3347 740 3435 praesentia
758 3348 878 3434 nostri,
898 3346 989 3436 quod
1008 3346 1219 3418 Clemens
1245 3367 1361 3418 comes
1379 3351 1607 3426 commutavit
1625 3348 2034 3439 Monyatbowicze

487 3463 763 3556 Wytboslao
791 3487 854 3556 pro
881 3465 1215 3539 Luthkowicze
1242 3469 1304 3538 tali
1323 3469 1529 3558 conditione,
1557 3457 1650 3558 quod
1668 3467 2033 3560 Monyatbkoui-

487 3605 563 3656 cze
590 3579 801 3660 alienaretur
829 3587 872 3658 ab
900 3608 940 3658 eo
968 3587 1160 3690 domus'de
1196 3587 1547 3680 Stbanyantlry‚
1583 3598 1624 3662 ut
1649 3591 1701 3678 ei,
1737 3590 1792 3660 uel
1820 3592 1940 3680 pueris
1966 3593 2033 3660 eius

485 3707 632 3796 triginta
659 3727 792 3778 marcas
820 3708 956 3797 argenti
983 3708 1092 3780 daret.
1119 3707 1169 3780 Ut
1195 3715 1310 3780 autem
1338 3710 1423 3782 baec
1449 3717 1571 3782 nostra
1589 3711 1718 3782 devota
1743 3711 1886 3783 donatio
1905 3717 1943 3782 et
1959 3732 2033 3781 con·

485 3826 635 3898 firmatio
663 3827 866 3900 inconcussa
892 3835 1039 3916 maneat,
1067 3828 1182 3919 sigillo
1209 3835 1330 3902 nostro
1357 3829 1447 3902 hanc
1473 3832 1665 3904 chartulam
1693 3833 1854 3904 iussimus
1881 3832 2030 3922 sigillari,

485 3955 648 4042 rogantes
676 3947 833 4020 dominos
861 3955 897 4020 et
923 3955 1040 4038 patres
1068 3949 1285 4022 venerabiles
1319 3950 1570 4022 'Falconem
1599 3950 1837 4024 Gnezneusem
1864 3953 2031 4043 arcbieui·
2117 4018 2122 4028 .

485 4087 640 4158 scopum,
667 4067 981 4141 Prundotbam
1018 4068 1283 4142 cracoviensem
1310 4072 1528 4171 episcopum,
1554 4079 1590 4144 et
1616 4073 1845 4146 Andrean
1881 4073 2030 4146 Muzori·

485 4209 600 4260 ensem
629 4190 827 4279 episcopum
855 4196 891 4260 et
917 4190 1022 4261 duces
1049 4188 1223 4280 Poloniae‚
1264 4198 1303 4264 ut
1330 4213 1407 4264 cum
1434 4200 1591 4265 nostrum
1617 4194 1769 4284 sigillum
1797 4194 1952 4266 viderint
1975 4215 2029 4283 au

485 4310 640 4398 pensum,
668 4309 712 4380 ad
741 4311 883 4382 maioris
919 4311 1055 4407 roboris
1090 4310 1291 4382 firmitatem
1326 4333 1390 4386 aua
1424 4315 1530 4384 etiam
1566 4333 1742 4404 apponere
1768 4335 1837 4386 non
1864 4319 2029 4400 recusent

339 4424 344 4438 '
428 4493 434 4502 ,
486 4427 516 4496 si
543 4433 657 4498 autem
685 4429 856 4518 quispiam
884 4430 927 4499 de
954 4431 1085 4501 nostris
1111 4429 1193 4502 filiis
1219 4438 1281 4502 aut
1308 4433 1582 4522 successoribus,
1622 4435 1711 4506 banc
1730 4433 2029 4506 confirmationem

451 4563 546 4616 ‘seu
573 4545 791 4618 donationem
820 4531 1001 4620 conabitur
1028 4571 1211 4636 enervare,
1247 4559 1328 4623 ante
1355 4553 1552 4625 districtum
1578 4553 1726 4626 iudicem
1753 4555 1790 4624 in
1816 4556 1950 4626 nostris
1975 4555 2027 4625 de

485 4664 577 4735 lictis
604 4670 639 4736 et
667 4669 892 4757 commissis‚.
912 4689 976 4758 pro
1004 4691 1150 4760 qnorum
1185 4670 1401 4762 indulgentia
1435 4675 1526 4746 banc
1561 4674 1692 4746 contuli
1728 4675 1929 4746 libertatem
1954 4695 2026 4746 rens

484 4791 654 4878 teneatur,
681 4789 786 4862 etde
813 4789 864 4858 eis
891 4789 1061 4860 rationem
1087 4789 1235 4862 reddere
1261 4793 1508 4882 compellatur,
1547 4794 1653 4884 digna
1679 4795 2025 4886 suppliciareceptu·

484 4926 556 4977 rus.
583 4906 675 4979 Acta
701 4913 782 4980 sunt
807 4909 893 4979 haec
920 4909 955 4978 in
983 4907 1209 4982 cracovia
1234 4932 1325 4983 anno
1342 4912 1492 4984 'Domini
1521 4915 1630 4986 1242.
1923 4927 1928 4930 ’
