4492 6592
473 725 523 798 98

570 930 949 1014 Psncznnrczu,
975 925 1059 996 villa
1093 926 1158 996 suo
1191 924 1359 1016 1111111111
1394 925 1438 996 dc
1474 977 1589 995 .....
1647 924 1724 996 situ.
1771 919 1812 994 In
1838 929 2027 1014 quaeunt

466 1052 558 1122 lanei
586 1049 830 1137 emethonoles,
858 1049 941 1120 item
968 1047 1155 1136 tabernae,
1181 1047 1264 1118 item
1292 1045 1520 1135 hortulaniae,
1547 1044 1743 1136 dequibus
1770 1043 1931 1116 omnibus
1957 1043 2026 1115 sol-

466 1172 559 1243 vitur
577 1177 613 1242 et
630 1170 833 1242 conducitur
851 1167 985 1240 decima
1002 1167 1228 1257 manipularis
1245 1172 1281 1238 et
1298 1163 1476 1258 campulis
1493 1185 1558 1256 pro
1576 1165 1788 1238 monasterio
1805 1165 1842 1236 iu
1860 1163 2026 1254 anlro,

468 1297 505 1364 et
532 1293 631 1364 valor
657 1291 862 1362 aestimatur
890 1288 935 1361 ad
963 1307 1024 1378 seu
1052 1305 1196 1360 mareas.
1759 1303 1764 1308 ·
1817 1295 1824 1314 ³

528 1563 531 1572 ¹
579 1532 617 1604 ln
645 1532 803 1604 nominc
830 1528 986 1603 Domini
1025 1527 1163 1603 Amen.
1206 1529 1263 1600 Ad
1283 1493 1493 1621 *perpetuam
1518 1528 1571 1601 rei
1588 1527 1799 1616 memoriam.
1825 1527 1916 1617 Quin
1942 1533 2028 1600 tunc

467 1655 586 1726 multis
613 1671 772 1725 errorum
799 1657 836 1723 et
863 1645 1046 1723 dubioruin
1073 1649 1299 1722 incommodis
1334 1649 1526 1740 prudenter
1553 1647 1783 1739 occurrimus,
1816 1649 1899 1720 dum
1925 1654 2029 1738 geste

467 1775 592 1848 aetatis
620 1778 761 1845 nostrae
788 1773 985 1844 litterarum
1004 1771 1161 1862 apicibus
1190 1771 1463 1862 perhannsmus,
1490 1765 1638 1860 proinde
1663 1789 1728 1842 nos
1745 1765 2027 1855 vladislaus

468 1896 534 1966 Dei
561 1895 676 1986 grstia
703 1885 764 1964 rex
791 1892 975 1982 Poloniae,
1011 1911 1170 1963 necnon
1197 1895 1371 1962 terrarum
1399 1887 1605 1980 Gronovius,
1635 1889 1893 1980 Sandomirise,
1921 1889 2028 1982 Syra·
2161 1911 2163 1960 :

338 2047 363 2100 ·.
467 2011 578 2106 dice,
596 2015 817 2103 Lanoziciue,
852 2011 1017 2090 Cuiaviae
1053 2011 1347 2102 Lithvaniaeque,
1382 2012 1544 2102 princeps
1571 2029 1771 2102 supremus,
1797 2010 2029 2084 Pomeraniae
2161 2009 2163 2034 ⁹

355 2228 357 2236 γ
458 2137 686 2226 ¹Russinepne
712 2131 871 2206 dominus
889 2139 925 2205 et
943 2134 1086 2224 haeres,
1113 2133 1348 2224 significamus
1365 2132 1740 2223 tenoreprcesentium
1769 2133 1898 2223 quibus
1921 2153 2029 2224 expe·

466 2257 537 2346 dit,
565 2255 737 2328 universis
764 2263 837 2327 tum
855 2254 1096 2346 praesentibus
1124 2265 1225 2344 quam
1243 2252 1381 2344 tuturis,
1407 2252 1568 2326 uotidsm
1587 2253 1824 2344 praesentium
1842 2253 2030 2355 habituris,

311 2385 336 2432 ‘x
466 2377 637 2468 quomodo
673 2375 829 2466 religiosi
864 2375 983 2448 devoti
1009 2375 1121 2448 nostri
1150 2373 1268 2446 dilecti
1295 2373 1499 2446 Michael
1534 2375 1755 2466 praepositus
1781 2381 1819 2447 et
1842 2373 1867 2447 J
1875 2376 2029 2448 conns
2161 2461 2163 2472 ff

465 2498 649 2588 priorissa,
668 2503 830 2587 totusque
849 2501 1040 2568 conventus
1058 2494 1261 2568 monasterii
1280 2494 1446 2567 anensis
1466 2493 1599 2567 ordinis
1616 2494 2029 2587 Prasmonstratensium,

412 2630 415 2648 ’
453 2602 512 2690 'cd
540 2623 682 2690 nostrae
709 2617 903 2690 maiestatis
931 2617 1109 2689 venientes
1136 2617 1390 2707 praesentiam,
1413 2616 1552 2722 litteras
1579 2616 1788 2690 venerabilis
1813 2623 1852 2690 et
1869 2617 2028 2708 religiosi
2159 2597 2163 2642 ⁴

466 2740 591 2831 patris,
627 2739 746 2811 tratris
783 2737 915 2810 Petri
950 2737 1088 2810 abbatis
1115 2737 1464 2828 praemonstratensis
1490 2737 1706 2828 principalis,
1741 2738 1854 2828 petris
1887 2737 2028 2812 abbatis
2078 2779 2085 2784 ·
2161 2805 2163 2826 ,

466 2862 573 2934 totius
609 2859 741 2937 ordinis
786 2858 1136 2950 praemonstratensis
1172 2858 1209 2929 in
1244 2878 1453 2950 pergameno
1489 2859 1657 2950 sumptos,
1695 2858 1875 2950 ipsiusque
1909 2859 2027 2952 sigillo
2161 2857 2163 2862 ’

468 3001 621 3074 appenso
649 2981 838 3072 sigillatus,
870 3001 976 3070 super·
993 2979 1184 3052 inclusione
1202 2980 1443 3071 religiosorum
1466 2999 1624 3052 sororum
1650 2980 1964 3053 sanctimonialium
1992 2983 2028 3053 iu

327 3181 331 3186 ,
460 3123 533 3192 ¹uno
560 3102 775 3175 monasterio
804 3099 1013 3191 Busohensi,
1050 3115 1094 3172 ox
1122 3102 1335 3173 monastario
1361 3099 1767 3193 Krzyrsnouycze
1791 3107 1830 3175 at
1855 3099 2027 3176 Imbro,

476 3243 701 3314 mowycze
728 3222 895 3294 dioecesis
919 3221 1159 3294 Graooviensis
1186 3226 1483 3319 comportatarnm
1509 3227 1550 3294 et
1572 3221 1814 3313 musetum,
1838 3229 1877 3296 et
1902 3224 2025 3297 haere

469 3343 636 3433 ditatum,
664 3363 704 3414 ao
721 3343 907 3432 bonorum,
935 3341 1201 3434 possessionum,
1227 3363 1268 3413 ac
1285 3342 1498 3416 decimsrum
1526 3343 1570 3418 de
1587 3342 1778 3434 praedictis
1804 3345 2026 3419 monasteriis

468 3463 872 3556 Krzy-z'nnouycze
907 3469 944 3535 et
969 3463 1354 3555 Imbramowycne
1379 3469 1616 3556 receptorum,
1646 3469 1685 3538 et
1709 3482 1775 3556 pro
1801 3465 1878 3556 ipso
1904 3485 2045 3540 monn-x

468 3586 575 3658 sterio
595 3585 762 3657 Busceusi
780 3585 1049 3676 assignatorum,
1067 3575 1377 3677 inconpositorum,
1404 3586 1651 3680 inscriptorum
1669 3592 1706 3660 et
1723 3586 2025 3680 inumcrscorsn,

466 3705 699 3778 exhibuerunt
732 3727 850 3778 coram
886 3707 1005 3797 nobis,
1040 3712 1201 3798 potentes
1236 3707 1415 3780 humiliter
1445 3713 1483 3780 et
1507 3711 1658 3798 attente,
1686 3714 1858 3800 1111111111
1882 3709 2025 3783 easdem

466 3829 603 3899 litteras
631 3827 818 3918 ratificare,
854 3828 1050 3919 approbare
1085 3835 1121 3900 et
1148 3827 1354 3900 mndrmare
1387 3826 1631 3920 cinereum
1662 3849 1812 3921 quarum
1847 3837 1952 3905 tenor
1981 3831 2026 3905 de

468 3949 577 4020 verbo
605 3949 649 4020 ad
677 3949 820 4020 verbum
848 3949 1005 4040 seqnitur
1031 3949 1067 4020 in
1095 3949 1187 4022 hunc
1212 3948 1362 4021 modum.

570 4069 750 4142 Universis
785 4075 987 4160 praesentes
1023 4069 1160 4142 litteras
1194 4070 1404 4161 inspecturis
1438 4068 1610 4142 Petrus
1645 4071 1872 4162 permissione
1902 4072 2026 4146 divina

468 4182 821 4280 praemonstratensis
858 4191 966 4264 abbas
1003 4191 1150 4263 salutem
1183 4191 1220 4262 in
1256 4191 1415 4264 Domino.
1458 4190 1546 4286 Oum
1585 4193 1829 4268 ceremninns
1863 4192 2024 4268 dominns

467 4309 747 4382 vladislaus
783 4309 848 4382 Dei
874 4312 992 4401 gratia
1022 4333 1084 4383 rex
1120 4312 1299 4403 Poloniae,
1334 4311 1611 4405 Litlrvaniaoque
1646 4314 1808 4406 princeps
1842 4336 2026 4408 supremus
2137 4330 2141 4339 “

399 4528 401 4532 .
466 4431 654 4502 ethaeros
681 4431 919 4504 Russineete.
946 4439 1011 4504 ato.
1038 4433 1083 4506 nd
1110 4437 1335 4524 augmentum
1370 4435 1514 4508 honoris
1550 4453 1673 4509 morse
1707 4436 1887 4528 religionis
1920 4458 2024 4530 prue—

467 4552 733 4622 monstratensis
760 4552 902 4642 ordinis,
930 4554 1063 4644 pariter
1090 4560 1127 4626 et
1152 4554 1408 4646 extollentiam,
1447 4556 1506 4647 pio
1532 4562 1570 4629 ct
1596 4557 1760 4649 religioso
1788 4557 1904 4632 studio
1931 4561 2025 4634 invi*

465 4670 589 4760 pileus,
616 4677 652 4743 et
679 4690 803 4762 operas
830 4674 998 4746 exhibens
1024 4674 1218 4766 studiosos,
1254 4676 1298 4748 de
1324 4696 1496 4750 consemu
1521 4685 1722 4752 nonnarum
1748 4681 2024 4763 submitterem

468 4791 504 4861 in
533 4789 789 4864 Constantiensi
822 4794 966 4866 concilio
1001 4795 1243 4887 existentium,
1277 4798 1410 4888 pariter
1436 4804 1474 4871 et
1499 4799 1666 4872 abbatum
1693 4800 1875 4874 Bresensis
1901 4802 2024 4876 visits·

195 4951 200 4958 -
330 4974 338 4980 .
467 4912 557 4984 toris
584 4914 665 4984 anni
691 4919 775 4985 tnnc
801 4915 993 5006 existentis,
1020 4923 1058 4988 et
1083 4916 1325 4990 Vithoviensis
1351 4920 1465 4992 nostri
1498 4923 1852 5012 praemonstratensis
1878 4922 2023 5015 ordinis,

468 5035 504 5104 in
530 5054 638 5124 regno
666 5033 832 5106 Polonise
868 5036 1086 5128 degentium,
1121 5038 1244 5110 iecerit
1278 5039 1408 5114 includi
1442 5042 1478 5113 iu
1506 5044 1718 5135 monaterio
1752 5044 1902 5119 Busecsi
1937 5045 2024 5119 dieti

467 5154 609 5246 ordinis
637 5155 680 5227 de
698 5155 833 5230 duobus
856 5159 1086 5248 monasteriis,
1105 5159 1269 5232 videlicet
1294 5160 1340 5234 de
1364 5161 1764 5258 Krzyzanovycns
1790 5166 2022 5241 1111111111-

466 5297 691 5368 mowycze
708 5279 909 5370 moniales,
945 5285 985 5352 ut
1012 5281 1076 5352 sub
1104 5280 1265 5355 clausura
1291 5283 1405 5357 nullas
1431 5285 1585 5359 1111111111
1609 5288 1808 5362 occasiones
1835 5289 2022 5362 amittendi

466 5397 668 5485 pudicitiam
695 5399 917 5491 virginalem,
953 5401 1013 5474 sed
1041 5403 1187 5476 eandem
1228 5389 1435 5481 consuiant
1460 5406 1660 5500 Altissimo,
1686 5410 1743 5482 oui
1769 5417 1957 5502 sormunt,
1984 5418 2023 5485 et

467 5516 596 5587 dietum
625 5523 872 5594 monasterium
899 5523 1099 5598 Buscheusa
1125 5527 1292 5598 situatum
1320 5529 1368 5600 sit
1393 5549 1502 5619 prope
1527 5529 1693 5621 oppidum
1706 5531 1885 5622 «Rasum,
1925 5532 2020 5605 dioto

371 5717 378 5727 „
467 5633 635 5709 Buscensi
661 5643 868 5714 monasterio
895 5644 1097 5737 subiectum.
1126 5646 1167 5718 ln
1193 5669 1262 5740 quo
1289 5649 1427 5739 quidem
1455 5649 1581 5742 oppido
1609 5657 1753 5743 propter
1778 5637 1900 5745 iorum,
1927 5653 2021 5746 pund
2139 5635 2142 5644 ¹
