<?xml version="1.0" encoding="UTF-8"?>
<!DOCTYPE html PUBLIC "-//W3C//DTD XHTML 1.0 Transitional//EN"
    "http://www.w3.org/TR/xhtml1/DTD/xhtml1-transitional.dtd">
<html xmlns="http://www.w3.org/1999/xhtml" xml:lang="en" lang="en">
 <head>
  <title>
</title>
<meta http-equiv="Content-Type" content="text/html;charset=utf-8" />
  <meta name='ocr-system' content='tesseract 3.04.00' />
  <meta name='ocr-capabilities' content='ocr_page ocr_carea ocr_par ocr_line ocrx_word'/>
</head>
<body>
  <div class='ocr_page' id='page_1' title='image "./operaomnia00paulgoog_0212.png"; bbox 0 0 4492 6592; ppageno 0'>
   <div class='ocr_carea' id='block_1_1' title="bbox 1538 741 1761 845">
    <p class='ocr_par' dir='ltr' id='par_1_1' title="bbox 1538 741 1761 845">
     <span class='ocr_line' id='line_1_1' title="bbox 1538 741 1761 845; baseline 0.009 -2"><span class='ocrx_word' id='word_1_1' title='bbox 1538 741 1545 758; x_wconf 77' lang='grc'><strong>“</strong></span> <span class='ocrx_word' id='word_1_2' title='bbox 1690 774 1761 845; x_wconf 81' lang='grc' dir='ltr'>ιον</span> 
     </span>
    </p>
   </div>
   <div class='ocr_carea' id='block_1_2' title="bbox 105 969 1866 1672">
    <p class='ocr_par' dir='ltr' id='par_1_2' title="bbox 105 969 1866 1672">
     <span class='ocr_line' id='line_1_2' title="bbox 214 969 1762 1065; baseline 0.008 -25"><span class='ocrx_word' id='word_1_3' title='bbox 214 974 361 1058; x_wconf 87' lang='lat' dir='ltr'>quatuor</span> <span class='ocrx_word' id='word_1_4' title='bbox 398 969 490 1041; x_wconf 88' lang='lat' dir='ltr'>lanei</span> <span class='ocrx_word' id='word_1_5' title='bbox 526 969 778 1058; x_wconf 89' lang='lat' dir='ltr'>cmethouales,</span> <span class='ocrx_word' id='word_1_6' title='bbox 813 975 849 1042; x_wconf 86' lang='lat' dir='ltr'>et</span> <span class='ocrx_word' id='word_1_7' title='bbox 884 971 1031 1061; x_wconf 85' lang='lat' dir='ltr'><strong>quilibet</strong></span> <span class='ocrx_word' id='word_1_8' title='bbox 1066 972 1172 1044; x_wconf 86' lang='lat' dir='ltr'>soluit</span> <span class='ocrx_word' id='word_1_9' title='bbox 1205 994 1270 1064; x_wconf 90' lang='lat' dir='ltr'>pro</span> <span class='ocrx_word' id='word_1_10' title='bbox 1305 994 1410 1046; x_wconf 88' lang='lat' dir='ltr'>censu</span> <span class='ocrx_word' id='word_1_11' title='bbox 1436 995 1500 1065; x_wconf 92' lang='lat' dir='ltr'>per</span> <span class='ocrx_word' id='word_1_12' title='bbox 1526 982 1605 1048; x_wconf 90' lang='lat' dir='ltr'>octo</span> <span class='ocrx_word' id='word_1_13' title='bbox 1630 986 1762 1052; x_wconf 90' lang='lat' dir='ltr'>scottos</span> 
     </span>
     <span class='ocr_line' id='line_1_3' title="bbox 212 1091 1763 1188; baseline 0.01 -28"><span class='ocrx_word' id='word_1_14' title='bbox 212 1110 419 1181; x_wconf 90' lang='lat' dir='ltr'>communes,</span> <span class='ocrx_word' id='word_1_15' title='bbox 447 1091 529 1163; x_wconf 89' lang='lat' dir='ltr'>item</span> <span class='ocrx_word' id='word_1_16' title='bbox 558 1112 624 1162; x_wconf 99' lang='grc' dir='ltr'>ονε</span> <span class='ocrx_word' id='word_1_17' title='bbox 650 1092 796 1181; x_wconf 84' lang='lat' dir='ltr'>triginta</span> <span class='ocrx_word' id='word_1_18' title='bbox 823 1113 886 1181; x_wconf 93' lang='lat' dir='ltr'>pro</span> <span class='ocrx_word' id='word_1_19' title='bbox 909 1091 996 1165; x_wconf 86' lang='lat' dir='ltr'>festo</span> <span class='ocrx_word' id='word_1_20' title='bbox 1015 1093 1180 1186; x_wconf 80' lang='lat' dir='ltr'><strong>Paschae,</strong></span> <span class='ocrx_word' id='word_1_21' title='bbox 1199 1096 1281 1166; x_wconf 89' lang='lat' dir='ltr'>item</span> <span class='ocrx_word' id='word_1_22' title='bbox 1299 1096 1410 1186; x_wconf 84' lang='lat' dir='ltr'>gallos</span> <span class='ocrx_word' id='word_1_23' title='bbox 1427 1096 1524 1188; x_wconf 91' lang='lat' dir='ltr'>duos,</span> <span class='ocrx_word' id='word_1_24' title='bbox 1542 1100 1625 1171; x_wconf 91' lang='lat' dir='ltr'>item</span> <span class='ocrx_word' id='word_1_25' title='bbox 1644 1122 1763 1177; x_wconf 86' lang='lat' dir='ltr'>caseos</span> 
     </span>
     <span class='ocr_line' id='line_1_4' title="bbox 210 1211 1761 1312; baseline 0.009 -30"><span class='ocrx_word' id='word_1_26' title='bbox 210 1211 311 1299; x_wconf 91' lang='lat' dir='ltr'>duos;</span> <span class='ocrx_word' id='word_1_27' title='bbox 339 1213 425 1284; x_wconf 89' lang='lat' dir='ltr'>item</span> <span class='ocrx_word' id='word_1_28' title='bbox 454 1211 614 1284; x_wconf 84' lang='lat' dir='ltr'>laborant</span> <span class='ocrx_word' id='word_1_29' title='bbox 640 1233 746 1284; x_wconf 92' lang='lat' dir='ltr'>uuum</span> <span class='ocrx_word' id='word_1_30' title='bbox 773 1213 864 1284; x_wconf 82' lang='lat' dir='ltr'>dlem</span> <span class='ocrx_word' id='word_1_31' title='bbox 881 1215 917 1286; x_wconf 94' lang='lat' dir='ltr'>in</span> <span class='ocrx_word' id='word_1_32' title='bbox 937 1215 1132 1305; x_wconf 80' lang='lat' dir='ltr'>septimana</span> <span class='ocrx_word' id='word_1_33' title='bbox 1149 1218 1291 1307; x_wconf 89' lang='lat' dir='ltr'>proprio</span> <span class='ocrx_word' id='word_1_34' title='bbox 1309 1237 1416 1290; x_wconf 91' lang='lat' dir='ltr'>curru</span> <span class='ocrx_word' id='word_1_35' title='bbox 1432 1225 1495 1290; x_wconf 90' lang='lat' dir='ltr'>aut</span> <span class='ocrx_word' id='word_1_36' title='bbox 1512 1227 1650 1312; x_wconf 88' lang='lat' dir='ltr'>aratro;</span> <span class='ocrx_word' id='word_1_37' title='bbox 1678 1225 1761 1297; x_wconf 87' lang='lat' dir='ltr'>item</span> 
     </span>
     <span class='ocr_line' id='line_1_5' title="bbox 210 1333 1762 1440; baseline 0.01 -38"><span class='ocrx_word' id='word_1_38' title='bbox 210 1352 346 1426; x_wconf 79' lang='lat' dir='ltr'>oasaycp</span> <span class='ocrx_word' id='word_1_39' title='bbox 373 1354 444 1404; x_wconf 92' lang='lat' dir='ltr'>nou</span> <span class='ocrx_word' id='word_1_40' title='bbox 471 1333 618 1424; x_wconf 86' lang='lat' dir='ltr'>solvunt,</span> <span class='ocrx_word' id='word_1_41' title='bbox 646 1333 707 1406; x_wconf 89' lang='lat' dir='ltr'>sed</span> <span class='ocrx_word' id='word_1_42' title='bbox 735 1355 840 1406; x_wconf 93' lang='lat' dir='ltr'>unum</span> <span class='ocrx_word' id='word_1_43' title='bbox 868 1336 1004 1407; x_wconf 85' lang='lat' dir='ltr'>octuale</span> <span class='ocrx_word' id='word_1_44' title='bbox 1031 1337 1199 1425; x_wconf 76' lang='lat' dir='ltr'>cervisiae</span> <span class='ocrx_word' id='word_1_45' title='bbox 1225 1339 1331 1408; x_wconf 90' lang='lat' dir='ltr'>semel</span> <span class='ocrx_word' id='word_1_46' title='bbox 1356 1339 1393 1408; x_wconf 93' lang='lat' dir='ltr'>in</span> <span class='ocrx_word' id='word_1_47' title='bbox 1419 1360 1510 1411; x_wconf 91' lang='lat' dir='ltr'>anno</span> <span class='ocrx_word' id='word_1_48' title='bbox 1528 1361 1591 1431; x_wconf 93' lang='lat' dir='ltr'>pro</span> <span class='ocrx_word' id='word_1_49' title='bbox 1610 1343 1762 1440; x_wconf 84' lang='lat' dir='ltr'>adventu</span> 
     </span>
     <span class='ocr_line' id='line_1_6' title="bbox 105 1441 1866 1552; baseline 0.01 -29"><span class='ocrx_word' id='word_1_50' title='bbox 105 1493 106 1496; x_wconf 17' lang='grc' dir='ltr'>π</span> <span class='ocrx_word' id='word_1_51' title='bbox 210 1441 355 1544; x_wconf 85' lang='lat' dir='ltr'>abbatis,</span> <span class='ocrx_word' id='word_1_52' title='bbox 384 1455 470 1526; x_wconf 91' lang='lat' dir='ltr'>item</span> <span class='ocrx_word' id='word_1_53' title='bbox 496 1455 644 1526; x_wconf 86' lang='lat' dir='ltr'>taberne</span> <span class='ocrx_word' id='word_1_54' title='bbox 669 1476 740 1526; x_wconf 89' lang='lat' dir='ltr'>una</span> <span class='ocrx_word' id='word_1_55' title='bbox 766 1456 898 1528; x_wconf 88' lang='lat' dir='ltr'>habeus</span> <span class='ocrx_word' id='word_1_56' title='bbox 926 1477 1040 1547; x_wconf 84' lang='lat' dir='ltr'>agros,</span> <span class='ocrx_word' id='word_1_57' title='bbox 1068 1463 1103 1528; x_wconf 91' lang='lat' dir='ltr'>et</span> <span class='ocrx_word' id='word_1_58' title='bbox 1129 1457 1234 1530; x_wconf 85' lang='lat' dir='ltr'>solvit</span> <span class='ocrx_word' id='word_1_59' title='bbox 1260 1479 1363 1530; x_wconf 91' lang='lat' dir='ltr'>uuam</span> <span class='ocrx_word' id='word_1_60' title='bbox 1390 1481 1552 1552; x_wconf 90' lang='lat' dir='ltr'>marcam,</span> <span class='ocrx_word' id='word_1_61' title='bbox 1579 1465 1662 1535; x_wconf 90' lang='lat' dir='ltr'>item</span> <span class='ocrx_word' id='word_1_62' title='bbox 1681 1467 1763 1537; x_wconf 90' lang='lat' dir='ltr'>hor·</span> <span class='ocrx_word' id='word_1_63' title='bbox 1857 1533 1866 1540; x_wconf 94' lang='lat'>.</span> 
     </span>
     <span class='ocr_line' id='line_1_7' title="bbox 208 1575 1761 1672; baseline 0.008 -26"><span class='ocrx_word' id='word_1_64' title='bbox 208 1575 361 1646; x_wconf 87' lang='lat' dir='ltr'>tuluoiae</span> <span class='ocrx_word' id='word_1_65' title='bbox 399 1583 471 1648; x_wconf 89' lang='lat' dir='ltr'>tres</span> <span class='ocrx_word' id='word_1_66' title='bbox 500 1596 575 1647; x_wconf 56' lang='lat' dir='ltr'>‘nou</span> <span class='ocrx_word' id='word_1_67' title='bbox 611 1577 751 1648; x_wconf 86' lang='lat' dir='ltr'>solvunt</span> <span class='ocrx_word' id='word_1_68' title='bbox 786 1597 945 1668; x_wconf 91' lang='lat' dir='ltr'>censum,</span> <span class='ocrx_word' id='word_1_69' title='bbox 981 1578 1042 1650; x_wconf 91' lang='lat' dir='ltr'>sed</span> <span class='ocrx_word' id='word_1_70' title='bbox 1077 1579 1240 1651; x_wconf 86' lang='lat' dir='ltr'>laborant</span> <span class='ocrx_word' id='word_1_71' title='bbox 1264 1601 1371 1652; x_wconf 89' lang='lat' dir='ltr'>unum</span> <span class='ocrx_word' id='word_1_72' title='bbox 1397 1581 1488 1652; x_wconf 90' lang='lat' dir='ltr'>diem</span> <span class='ocrx_word' id='word_1_73' title='bbox 1515 1584 1695 1672; x_wconf 81' lang='lat' dir='ltr'>pedestres</span> <span class='ocrx_word' id='word_1_74' title='bbox 1725 1589 1761 1658; x_wconf 91' lang='lat' dir='ltr'>iu</span> 
     </span>
    </p>
   </div>
   <div class='ocr_carea' id='block_1_3' title="bbox 106 1697 1763 1914">
    <p class='ocr_par' dir='ltr' id='par_1_3' title="bbox 106 1697 1763 1914">
     <span class='ocr_line' id='line_1_8' title="bbox 106 1697 1763 1793; baseline 0.008 -27"><span class='ocrx_word' id='word_1_75' title='bbox 106 1707 107 1746; x_wconf 78' lang='lat'>³</span> <span class='ocrx_word' id='word_1_76' title='bbox 209 1697 412 1786; x_wconf 75' lang='lat' dir='ltr'>septimana.</span> <span class='ocrx_word' id='word_1_77' title='bbox 452 1697 539 1768; x_wconf 89' lang='lat' dir='ltr'>Item</span> <span class='ocrx_word' id='word_1_78' title='bbox 576 1698 757 1787; x_wconf 82' lang='lat' dir='ltr'>praedium</span> <span class='ocrx_word' id='word_1_79' title='bbox 794 1705 849 1770; x_wconf 84' lang='lat' dir='ltr'>est</span> <span class='ocrx_word' id='word_1_80' title='bbox 884 1700 933 1770; x_wconf 93' lang='lat' dir='ltr'>ibi</span> <span class='ocrx_word' id='word_1_81' title='bbox 969 1700 1188 1790; x_wconf 84' lang='lat' dir='ltr'>coenobiale,</span> <span class='ocrx_word' id='word_1_82' title='bbox 1221 1700 1264 1772; x_wconf 94' lang='lat' dir='ltr'>de</span> <span class='ocrx_word' id='word_1_83' title='bbox 1300 1702 1398 1772; x_wconf 90' lang='lat' dir='ltr'>cuius</span> <span class='ocrx_word' id='word_1_84' title='bbox 1425 1705 1520 1793; x_wconf 83' lang='lat' dir='ltr'>agris</span> <span class='ocrx_word' id='word_1_85' title='bbox 1546 1707 1631 1776; x_wconf 92' lang='lat' dir='ltr'>nulli</span> <span class='ocrx_word' id='word_1_86' title='bbox 1658 1709 1763 1780; x_wconf 86' lang='lat' dir='ltr'>soluit</span> 
     </span>
     <span class='ocr_line' id='line_1_9' title="bbox 106 1814 1762 1914; baseline 0.008 -27"><span class='ocrx_word' id='word_1_87' title='bbox 106 1898 107 1901; x_wconf 8' lang='lat' dir='ltr'>q</span> <span class='ocrx_word' id='word_1_88' title='bbox 209 1818 385 1909; x_wconf 81' lang='lat' dir='ltr'>decimam,</span> <span class='ocrx_word' id='word_1_89' title='bbox 413 1819 474 1890; x_wconf 88' lang='lat' dir='ltr'>sed</span> <span class='ocrx_word' id='word_1_90' title='bbox 500 1839 575 1890; x_wconf 86' lang='lat' dir='ltr'>eam</span> <span class='ocrx_word' id='word_1_91' title='bbox 602 1841 666 1909; x_wconf 91' lang='lat' dir='ltr'>pro</span> <span class='ocrx_word' id='word_1_92' title='bbox 694 1840 731 1892; x_wconf 90' lang='lat' dir='ltr'>se</span> <span class='ocrx_word' id='word_1_93' title='bbox 757 1819 858 1890; x_wconf 84' lang='lat' dir='ltr'>tollit.</span> <span class='ocrx_word' id='word_1_94' title='bbox 884 1821 971 1892; x_wconf 91' lang='lat' dir='ltr'>Item</span> <span class='ocrx_word' id='word_1_95' title='bbox 993 1814 1120 1894; x_wconf 40' lang='lat' dir='ltr'>&#39;altera&#39;</span> <span class='ocrx_word' id='word_1_96' title='bbox 1138 1822 1305 1894; x_wconf 80' lang='lat' dir='ltr'>medietas</span> <span class='ocrx_word' id='word_1_97' title='bbox 1333 1824 1434 1896; x_wconf 86' lang='lat' dir='ltr'>villae</span> <span class='ocrx_word' id='word_1_98' title='bbox 1460 1828 1612 1914; x_wconf 85' lang='lat' dir='ltr'>pertinet</span> <span class='ocrx_word' id='word_1_99' title='bbox 1637 1829 1682 1900; x_wconf 92' lang='lat' dir='ltr'>ad</span> <span class='ocrx_word' id='word_1_100' title='bbox 1700 1830 1762 1901; x_wconf 89' lang='lat' dir='ltr'>Jo-</span> 
     </span>
    </p>
   </div>
   <div class='ocr_carea' id='block_1_4' title="bbox 106 1940 1764 2285">
    <p class='ocr_par' dir='ltr' id='par_1_4' title="bbox 106 1940 1764 2285">
     <span class='ocr_line' id='line_1_10' title="bbox 210 1940 1762 2041; baseline 0.006 -29"><span class='ocrx_word' id='word_1_101' title='bbox 210 1943 356 2012; x_wconf 88' lang='lat' dir='ltr'>hannem</span> <span class='ocrx_word' id='word_1_102' title='bbox 386 1940 558 2012; x_wconf 88' lang='lat' dir='ltr'>Slanka</span> <span class='ocrx_word' id='word_1_103' title='bbox 585 1941 628 2014; x_wconf 87' lang='lat' dir='ltr'>de</span> <span class='ocrx_word' id='word_1_104' title='bbox 655 1943 761 2014; x_wconf 89' lang='lat' dir='ltr'>armis</span> <span class='ocrx_word' id='word_1_105' title='bbox 789 1941 1109 2033; x_wconf 87' lang='lat' dir='ltr'>Koppaszyna,</span> <span class='ocrx_word' id='word_1_106' title='bbox 1137 1944 1221 2015; x_wconf 85' lang='lat' dir='ltr'>item</span> <span class='ocrx_word' id='word_1_107' title='bbox 1247 1950 1302 2016; x_wconf 91' lang='lat' dir='ltr'>est</span> <span class='ocrx_word' id='word_1_108' title='bbox 1328 1946 1377 2017; x_wconf 93' lang='lat' dir='ltr'>ibi</span> <span class='ocrx_word' id='word_1_109' title='bbox 1404 1948 1584 2035; x_wconf 88' lang='lat' dir='ltr'>praedium</span> <span class='ocrx_word' id='word_1_110' title='bbox 1602 1951 1762 2041; x_wconf 88' lang='lat' dir='ltr'>militare,</span> 
     </span>
     <span class='ocr_line' id='line_1_11' title="bbox 210 2063 1763 2154; baseline 0.006 -20"><span class='ocrx_word' id='word_1_111' title='bbox 210 2063 298 2153; x_wconf 91' lang='lat' dir='ltr'>quod</span> <span class='ocrx_word' id='word_1_112' title='bbox 326 2063 436 2136; x_wconf 87' lang='lat' dir='ltr'>solvit</span> <span class='ocrx_word' id='word_1_113' title='bbox 469 2063 638 2134; x_wconf 90' lang='lat' dir='ltr'>decimam</span> <span class='ocrx_word' id='word_1_114' title='bbox 674 2064 925 2154; x_wconf 85' lang='lat' dir='ltr'>manipularem</span> <span class='ocrx_word' id='word_1_115' title='bbox 962 2065 1129 2138; x_wconf 85' lang='lat' dir='ltr'>ecclesiae</span> <span class='ocrx_word' id='word_1_116' title='bbox 1154 2066 1347 2154; x_wconf 85' lang='lat' dir='ltr'>parochiali</span> <span class='ocrx_word' id='word_1_117' title='bbox 1374 2068 1410 2137; x_wconf 93' lang='lat' dir='ltr'>in</span> <span class='ocrx_word' id='word_1_118' title='bbox 1437 2067 1635 2142; x_wconf 89' lang='lat' dir='ltr'>Radlow.</span> <span class='ocrx_word' id='word_1_119' title='bbox 1674 2073 1763 2144; x_wconf 92' lang='lat' dir='ltr'>Item</span> 
     </span>
     <span class='ocr_line' id='line_1_12' title="bbox 106 2181 1764 2285; baseline 0.005 -30"><span class='ocrx_word' id='word_1_120' title='bbox 106 2189 107 2240; x_wconf 69' lang='lat' dir='ltr'>f</span> <span class='ocrx_word' id='word_1_121' title='bbox 210 2204 326 2256; x_wconf 87' lang='lat' dir='ltr'>ornnes</span> <span class='ocrx_word' id='word_1_122' title='bbox 354 2185 433 2274; x_wconf 81' lang='lat' dir='ltr'>agri</span> <span class='ocrx_word' id='word_1_123' title='bbox 459 2185 562 2258; x_wconf 86' lang='lat' dir='ltr'>villae</span> <span class='ocrx_word' id='word_1_124' title='bbox 591 2185 730 2258; x_wconf 84' lang='lat' dir='ltr'>solvunt</span> <span class='ocrx_word' id='word_1_125' title='bbox 756 2193 793 2256; x_wconf 91' lang='lat' dir='ltr'>et</span> <span class='ocrx_word' id='word_1_126' title='bbox 816 2181 1016 2258; x_wconf 82' lang='lat' dir='ltr'>‘conducunt</span> <span class='ocrx_word' id='word_1_127' title='bbox 1042 2187 1209 2258; x_wconf 89' lang='lat' dir='ltr'>decimam</span> <span class='ocrx_word' id='word_1_128' title='bbox 1236 2188 1485 2277; x_wconf 86' lang='lat' dir='ltr'>manipularem</span> <span class='ocrx_word' id='word_1_129' title='bbox 1503 2195 1540 2262; x_wconf 91' lang='lat' dir='ltr'>et</span> <span class='ocrx_word' id='word_1_130' title='bbox 1556 2194 1764 2285; x_wconf 90' lang='lat' dir='ltr'>canapalem,</span> 
     </span>
    </p>
   </div>
   <div class='ocr_carea' id='block_1_5' title="bbox 106 2305 1764 2402">
    <p class='ocr_par' dir='ltr' id='par_1_5' title="bbox 106 2305 1764 2402">
     <span class='ocr_line' id='line_1_13' title="bbox 106 2305 1764 2402; baseline 0.005 -27"><span class='ocrx_word' id='word_1_131' title='bbox 106 2381 107 2398; x_wconf 50' lang='lat'>,</span> <span class='ocrx_word' id='word_1_132' title='bbox 211 2305 373 2376; x_wconf 81' lang='lat' dir='ltr'>videlicet</span> <span class='ocrx_word' id='word_1_133' title='bbox 401 2305 619 2376; x_wconf 85' lang='lat' dir='ltr'>coenobiales</span> <span class='ocrx_word' id='word_1_134' title='bbox 646 2311 796 2396; x_wconf 90' lang='lat' dir='ltr'>quatuor</span> <span class='ocrx_word' id='word_1_135' title='bbox 823 2306 931 2400; x_wconf 84' lang='lat' dir='ltr'>lanei,</span> <span class='ocrx_word' id='word_1_136' title='bbox 960 2307 1236 2378; x_wconf 90' lang='lat' dir='ltr'>hortulaniarum</span> <span class='ocrx_word' id='word_1_137' title='bbox 1264 2314 1302 2379; x_wconf 89' lang='lat' dir='ltr'>et</span> <span class='ocrx_word' id='word_1_138' title='bbox 1326 2309 1572 2402; x_wconf 88' lang='lat' dir='ltr'>tabernarum,</span> <span class='ocrx_word' id='word_1_139' title='bbox 1598 2313 1764 2384; x_wconf 90' lang='lat' dir='ltr'>ecclesiae</span> 
     </span>
    </p>
   </div>
   <div class='ocr_carea' id='block_1_6' title="bbox 106 2409 1764 2519">
    <p class='ocr_par' dir='ltr' id='par_1_6' title="bbox 106 2409 1764 2519">
     <span class='ocr_line' id='line_1_14' title="bbox 106 2409 1764 2519; baseline 0.01 -29"><span class='ocrx_word' id='word_1_140' title='bbox 106 2409 107 2454; x_wconf 66' lang='lat'>³</span> <span class='ocrx_word' id='word_1_141' title='bbox 212 2426 404 2517; x_wconf 85' lang='lat' dir='ltr'>parochiali</span> <span class='ocrx_word' id='word_1_142' title='bbox 439 2428 475 2496; x_wconf 94' lang='lat' dir='ltr'>in</span> <span class='ocrx_word' id='word_1_143' title='bbox 502 2425 866 2516; x_wconf 85' lang='lat' dir='ltr'>Opathkowicze</span> <span class='ocrx_word' id='word_1_144' title='bbox 893 2447 1002 2517; x_wconf 87' lang='lat' dir='ltr'>prope</span> <span class='ocrx_word' id='word_1_145' title='bbox 1028 2427 1244 2519; x_wconf 90' lang='lat' dir='ltr'>Mslstin,</span> <span class='ocrx_word' id='word_1_146' title='bbox 1270 2434 1308 2500; x_wconf 90' lang='lat' dir='ltr'>et</span> <span class='ocrx_word' id='word_1_147' title='bbox 1334 2429 1433 2501; x_wconf 90' lang='lat' dir='ltr'>valor</span> <span class='ocrx_word' id='word_1_148' title='bbox 1459 2433 1532 2502; x_wconf 91' lang='lat' dir='ltr'>eius</span> <span class='ocrx_word' id='word_1_149' title='bbox 1559 2436 1764 2507; x_wconf 89' lang='lat' dir='ltr'>aestimatur</span> 
     </span>
    </p>
   </div>
   <div class='ocr_carea' id='block_1_7' title="bbox 210 2548 1763 2640">
    <p class='ocr_par' dir='ltr' id='par_1_7' title="bbox 106 2548 1763 2642">
     <span class='ocr_line' id='line_1_15' title="bbox 210 2548 1763 2640; baseline 0.007 -22.31"><span class='ocrx_word' id='word_1_150' title='bbox 210 2549 251 2618; x_wconf 91' lang='lat' dir='ltr'>ad</span> <span class='ocrx_word' id='word_1_151' title='bbox 277 2549 432 2640; x_wconf 88' lang='lat' dir='ltr'>quinque</span> <span class='ocrx_word' id='word_1_152' title='bbox 458 2567 602 2620; x_wconf 90' lang='lat' dir='ltr'>marcas.</span> <span class='ocrx_word' id='word_1_153' title='bbox 630 2548 716 2637; x_wconf 87' lang='lat' dir='ltr'>Item</span> <span class='ocrx_word' id='word_1_154' title='bbox 744 2549 819 2638; x_wconf 82' lang='lat' dir='ltr'>agri</span> <span class='ocrx_word' id='word_1_155' title='bbox 839 2553 988 2638; x_wconf 80' lang='lat' dir='ltr'>quatuor</span> <span class='ocrx_word' id='word_1_156' title='bbox 1014 2549 1310 2639; x_wconf 89' lang='lat' dir='ltr'>hortulaniarum,</span> <span class='ocrx_word' id='word_1_157' title='bbox 1337 2572 1424 2640; x_wconf 88' lang='lat' dir='ltr'>quos</span> <span class='ocrx_word' id='word_1_158' title='bbox 1450 2553 1558 2624; x_wconf 87' lang='lat' dir='ltr'>habet</span> <span class='ocrx_word' id='word_1_159' title='bbox 1582 2554 1763 2628; x_wconf 81' lang='lat' dir='ltr'>Iohannes</span> 
     </span>
    </p>
   </div>
   <div class='ocr_carea' id='block_1_8' title="bbox 212 2669 1764 2765">
    <p class='ocr_par' dir='ltr' id='par_1_8' title="bbox 106 2665 1764 2772">
     <span class='ocr_line' id='line_1_16' title="bbox 212 2669 1764 2765; baseline 0.007 -26.233"><span class='ocrx_word' id='word_1_160' title='bbox 212 2669 358 2760; x_wconf 76' lang='lat' dir='ltr'>slaha,</span> <span class='ocrx_word' id='word_1_161' title='bbox 387 2669 527 2740; x_wconf 82' lang='lat' dir='ltr'>solvunt</span> <span class='ocrx_word' id='word_1_162' title='bbox 554 2669 721 2742; x_wconf 90' lang='lat' dir='ltr'>decimam</span> <span class='ocrx_word' id='word_1_163' title='bbox 757 2670 1006 2758; x_wconf 89' lang='lat' dir='ltr'>manipularem</span> <span class='ocrx_word' id='word_1_164' title='bbox 1033 2670 1251 2759; x_wconf 84' lang='lat' dir='ltr'>praebendae</span> <span class='ocrx_word' id='word_1_165' title='bbox 1278 2671 1494 2762; x_wconf 85' lang='lat' dir='ltr'>Visliciensi,</span> <span class='ocrx_word' id='word_1_166' title='bbox 1522 2695 1610 2764; x_wconf 89' lang='lat' dir='ltr'>quae</span> <span class='ocrx_word' id='word_1_167' title='bbox 1637 2677 1764 2765; x_wconf 85' lang='lat' dir='ltr'>dicitur</span> 
     </span>
    </p>
   </div>
   <div class='ocr_carea' id='block_1_9' title="bbox 106 2789 1763 3003">
    <p class='ocr_par' dir='ltr' id='par_1_9' title="bbox 106 2789 1763 3003">
     <span class='ocr_line' id='line_1_17' title="bbox 106 2789 1763 2888; baseline 0.009 -34"><span class='ocrx_word' id='word_1_168' title='bbox 106 2791 107 2854; x_wconf 85' lang='lat'><em>3</em></span> <span class='ocrx_word' id='word_1_169' title='bbox 210 2791 463 2864; x_wconf 81' lang='lat' dir='ltr'>Drocbeczslra.</span> <span class='ocrx_word' id='word_1_170' title='bbox 500 2789 659 2862; x_wconf 84' lang='lat' dir='ltr'>Confluat</span> <span class='ocrx_word' id='word_1_171' title='bbox 694 2811 771 2861; x_wconf 91' lang='lat' dir='ltr'>cum</span> <span class='ocrx_word' id='word_1_172' title='bbox 798 2790 1005 2879; x_wconf 87' lang='lat' dir='ltr'>Radlow,</span> <span class='ocrx_word' id='word_1_173' title='bbox 1031 2790 1230 2880; x_wconf 86' lang='lat' dir='ltr'>Jurkow,</span> <span class='ocrx_word' id='word_1_174' title='bbox 1258 2791 1432 2881; x_wconf 87' lang='lat' dir='ltr'>Lanka,</span> <span class='ocrx_word' id='word_1_175' title='bbox 1460 2794 1763 2888; x_wconf 81' lang='lat' dir='ltr'>DobschIcze,</span> 
     </span>
     <span class='ocr_line' id='line_1_18' title="bbox 106 2909 1763 3003; baseline 0.004 -22"><span class='ocrx_word' id='word_1_176' title='bbox 106 2943 107 2970; x_wconf 73' lang='lat'><em>2</em></span> <span class='ocrx_word' id='word_1_177' title='bbox 211 2911 671 3000; x_wconf 86' lang='lat' dir='ltr'>Wirzchoslawicze,</span> <span class='ocrx_word' id='word_1_178' title='bbox 710 2909 1021 3000; x_wconf 84' lang='lat' dir='ltr'>Goslawicze,</span> <span class='ocrx_word' id='word_1_179' title='bbox 1055 2911 1302 3003; x_wconf 84' lang='lat' dir='ltr'>Komorow,</span> <span class='ocrx_word' id='word_1_180' title='bbox 1329 2913 1763 3003; x_wconf 76' lang='lat' dir='ltr'>Bya&#39;laBobrowni·</span> 
     </span>
    </p>
   </div>
   <div class='ocr_carea' id='block_1_10' title="bbox 106 3013 1764 3494">
    <p class='ocr_par' dir='ltr' id='par_1_10' title="bbox 106 3013 569 3134">
     <span class='ocr_line' id='line_1_19' title="bbox 106 3013 569 3134; baseline 0 -32"><span class='ocrx_word' id='word_1_181' title='bbox 106 3078 107 3134; x_wconf 78' lang='lat'>3</span> <span class='ocrx_word' id='word_1_182' title='bbox 214 3013 329 3122; x_wconf 68' lang='lat' dir='ltr'>uyfet</span> <span class='ocrx_word' id='word_1_183' title='bbox 357 3033 569 3124; x_wconf 85' lang='lat' dir='ltr'>Byelczu.</span> 
     </span>
    </p>

    <p class='ocr_par' dir='ltr' id='par_1_11' title="bbox 106 3152 1764 3494">
     <span class='ocr_line' id='line_1_20' title="bbox 310 3152 1762 3250; baseline 0.004 -26"><span class='ocrx_word' id='word_1_184' title='bbox 310 3153 494 3242; x_wconf 67' lang='lat' dir='ltr'>Kanuow,</span> <span class='ocrx_word' id='word_1_185' title='bbox 521 3152 604 3224; x_wconf 86' lang='lat' dir='ltr'>uilla</span> <span class='ocrx_word' id='word_1_186' title='bbox 631 3153 695 3224; x_wconf 92' lang='lat' dir='ltr'>sub</span> <span class='ocrx_word' id='word_1_187' title='bbox 722 3152 888 3243; x_wconf 88' lang='lat' dir='ltr'>parochia</span> <span class='ocrx_word' id='word_1_188' title='bbox 914 3153 1080 3224; x_wconf 89' lang='lat' dir='ltr'>ecclesiae</span> <span class='ocrx_word' id='word_1_189' title='bbox 1107 3152 1152 3223; x_wconf 93' lang='lat' dir='ltr'>de</span> <span class='ocrx_word' id='word_1_190' title='bbox 1178 3152 1366 3224; x_wconf 87' lang='lat' dir='ltr'>Radlow</span> <span class='ocrx_word' id='word_1_191' title='bbox 1393 3155 1471 3242; x_wconf 87' lang='lat' dir='ltr'>sita,</span> <span class='ocrx_word' id='word_1_192' title='bbox 1489 3157 1586 3228; x_wconf 89' lang='lat' dir='ltr'>cuius</span> <span class='ocrx_word' id='word_1_193' title='bbox 1604 3160 1762 3250; x_wconf 89' lang='lat' dir='ltr'>proprie-</span> 
     </span>
     <span class='ocr_line' id='line_1_21' title="bbox 211 3273 1764 3365; baseline 0.001 -16.873"><span class='ocrx_word' id='word_1_194' title='bbox 211 3281 263 3348; x_wconf 84' lang='lat' dir='ltr'>tus</span> <span class='ocrx_word' id='word_1_195' title='bbox 297 3275 362 3347; x_wconf 85' lang='lat' dir='ltr'>ud</span> <span class='ocrx_word' id='word_1_196' title='bbox 382 3275 630 3348; x_wconf 89' lang='lat' dir='ltr'>monasterium</span> <span class='ocrx_word' id='word_1_197' title='bbox 667 3273 873 3345; x_wconf 82' lang='lat' dir='ltr'>Thiuciense</span> <span class='ocrx_word' id='word_1_198' title='bbox 909 3275 1072 3363; x_wconf 88' lang='lat' dir='ltr'>pertinet.</span> <span class='ocrx_word' id='word_1_199' title='bbox 1112 3274 1152 3344; x_wconf 93' lang='lat' dir='ltr'>In</span> <span class='ocrx_word' id='word_1_200' title='bbox 1179 3295 1249 3364; x_wconf 92' lang='lat' dir='ltr'>qua</span> <span class='ocrx_word' id='word_1_201' title='bbox 1274 3281 1356 3346; x_wconf 90' lang='lat' dir='ltr'>suut</span> <span class='ocrx_word' id='word_1_202' title='bbox 1382 3280 1530 3365; x_wconf 86' lang='lat' dir='ltr'>quatuor</span> <span class='ocrx_word' id='word_1_203' title='bbox 1556 3279 1647 3350; x_wconf 90' lang='lat' dir='ltr'>lanei</span> <span class='ocrx_word' id='word_1_204' title='bbox 1674 3301 1764 3351; x_wconf 91' lang='lat' dir='ltr'>cme-</span> 
     </span>
     <span class='ocr_line' id='line_1_22' title="bbox 212 3395 1762 3494; baseline 0.003 -28"><span class='ocrx_word' id='word_1_205' title='bbox 212 3395 369 3466; x_wconf 90' lang='lat' dir='ltr'>thonales</span> <span class='ocrx_word' id='word_1_206' title='bbox 406 3400 443 3466; x_wconf 92' lang='lat' dir='ltr'>et</span> <span class='ocrx_word' id='word_1_207' title='bbox 478 3395 624 3484; x_wconf 85' lang='lat' dir='ltr'>quilibet</span> <span class='ocrx_word' id='word_1_208' title='bbox 659 3415 723 3484; x_wconf 91' lang='lat' dir='ltr'>pro</span> <span class='ocrx_word' id='word_1_209' title='bbox 760 3415 865 3464; x_wconf 90' lang='lat' dir='ltr'>censu</span> <span class='ocrx_word' id='word_1_210' title='bbox 901 3395 1006 3466; x_wconf 90' lang='lat' dir='ltr'>solvit</span> <span class='ocrx_word' id='word_1_211' title='bbox 1042 3415 1145 3466; x_wconf 90' lang='lat' dir='ltr'>uuam</span> <span class='ocrx_word' id='word_1_212' title='bbox 1172 3415 1399 3485; x_wconf 80' lang='lat' dir='ltr'>sexagenum,</span> <span class='ocrx_word' id='word_1_213' title='bbox 1427 3397 1511 3468; x_wconf 90' lang='lat' dir='ltr'>item</span> <span class='ocrx_word' id='word_1_214' title='bbox 1537 3419 1604 3469; x_wconf 88' lang='grc' dir='ltr'>ονε</span> <span class='ocrx_word' id='word_1_215' title='bbox 1630 3399 1762 3494; x_wconf 81' lang='lat' dir='ltr'>viginti,</span> 
     </span>
    </p>
   </div>
   <div class='ocr_carea' id='block_1_11' title="bbox 106 3514 1805 3724">
    <p class='ocr_par' dir='ltr' id='par_1_12' title="bbox 106 3514 1805 3724">
     <span class='ocr_line' id='line_1_23' title="bbox 106 3514 1763 3607; baseline 0.007 -27"><span class='ocrx_word' id='word_1_216' title='bbox 106 3571 107 3580; x_wconf 72' lang='grc'>,</span> <span class='ocrx_word' id='word_1_217' title='bbox 211 3516 290 3586; x_wconf 90' lang='lat' dir='ltr'>item</span> <span class='ocrx_word' id='word_1_218' title='bbox 316 3515 430 3604; x_wconf 82' lang='lat' dir='ltr'>gallos</span> <span class='ocrx_word' id='word_1_219' title='bbox 457 3514 553 3603; x_wconf 92' lang='lat' dir='ltr'>duos,</span> <span class='ocrx_word' id='word_1_220' title='bbox 581 3515 662 3586; x_wconf 91' lang='lat' dir='ltr'>item</span> <span class='ocrx_word' id='word_1_221' title='bbox 691 3533 810 3604; x_wconf 88' lang='lat' dir='ltr'>caseos</span> <span class='ocrx_word' id='word_1_222' title='bbox 837 3514 944 3602; x_wconf 83' lang='lat' dir='ltr'>duos3</span> <span class='ocrx_word' id='word_1_223' title='bbox 972 3516 1054 3585; x_wconf 90' lang='lat' dir='ltr'>item</span> <span class='ocrx_word' id='word_1_224' title='bbox 1073 3514 1211 3585; x_wconf 90' lang='lat' dir='ltr'>laborat</span> <span class='ocrx_word' id='word_1_225' title='bbox 1228 3516 1383 3606; x_wconf 84' lang='lat' dir='ltr'>quilibet,</span> <span class='ocrx_word' id='word_1_226' title='bbox 1401 3516 1543 3607; x_wconf 72' lang='lat' dir='ltr'>mando,</span> <span class='ocrx_word' id='word_1_227' title='bbox 1562 3520 1763 3591; x_wconf 90' lang='lat' dir='ltr'>seminando</span> 
     </span>
     <span class='ocr_line' id='line_1_24' title="bbox 106 3623 1805 3724; baseline 0.004 -18"><span class='ocrx_word' id='word_1_228' title='bbox 106 3623 107 3634; x_wconf 41' lang='lat'>¹</span> <span class='ocrx_word' id='word_1_229' title='bbox 212 3635 294 3708; x_wconf 88' lang='lat' dir='ltr'>duos</span> <span class='ocrx_word' id='word_1_230' title='bbox 330 3637 458 3707; x_wconf 89' lang='lat' dir='ltr'>choros</span> <span class='ocrx_word' id='word_1_231' title='bbox 493 3636 601 3706; x_wconf 90' lang='lat' dir='ltr'>tritici</span> <span class='ocrx_word' id='word_1_232' title='bbox 636 3641 673 3706; x_wconf 91' lang='lat' dir='ltr'>et</span> <span class='ocrx_word' id='word_1_233' title='bbox 708 3635 795 3706; x_wconf 91' lang='lat' dir='ltr'>duos</span> <span class='ocrx_word' id='word_1_234' title='bbox 821 3655 970 3724; x_wconf 80' lang='lat' dir='ltr'>avenae3</span> <span class='ocrx_word' id='word_1_235' title='bbox 997 3636 1079 3706; x_wconf 91' lang='lat' dir='ltr'>item</span> <span class='ocrx_word' id='word_1_236' title='bbox 1108 3657 1173 3724; x_wconf 90' lang='lat' dir='ltr'>pro</span> <span class='ocrx_word' id='word_1_237' title='bbox 1199 3638 1351 3707; x_wconf 86' lang='lat' dir='ltr'>statIone</span> <span class='ocrx_word' id='word_1_238' title='bbox 1382 3639 1519 3708; x_wconf 87' lang='lat' dir='ltr'>abbatis</span> <span class='ocrx_word' id='word_1_239' title='bbox 1546 3639 1631 3710; x_wconf 91' lang='lat' dir='ltr'>dant</span> <span class='ocrx_word' id='word_1_240' title='bbox 1657 3661 1763 3712; x_wconf 89' lang='lat' dir='ltr'>uuum</span> <span class='ocrx_word' id='word_1_241' title='bbox 1801 3666 1805 3670; x_wconf 91' lang='lat'>·</span> 
     </span>
    </p>
   </div>
   <div class='ocr_carea' id='block_1_12' title="bbox 212 3757 1765 4336">
    <p class='ocr_par' dir='ltr' id='par_1_13' title="bbox 212 3757 1765 4336">
     <span class='ocr_line' id='line_1_25' title="bbox 212 3757 1764 3848; baseline 0.003 -20"><span class='ocrx_word' id='word_1_242' title='bbox 212 3757 345 3828; x_wconf 86' lang='lat' dir='ltr'>octuule</span> <span class='ocrx_word' id='word_1_243' title='bbox 374 3757 551 3846; x_wconf 86' lang='lat' dir='ltr'>cervisiae,</span> <span class='ocrx_word' id='word_1_244' title='bbox 579 3763 615 3828; x_wconf 92' lang='lat' dir='ltr'>et</span> <span class='ocrx_word' id='word_1_245' title='bbox 642 3757 788 3848; x_wconf 86' lang='lat' dir='ltr'>quilibet</span> <span class='ocrx_word' id='word_1_246' title='bbox 815 3757 901 3827; x_wconf 90' lang='lat' dir='ltr'>duos</span> <span class='ocrx_word' id='word_1_247' title='bbox 929 3757 1052 3827; x_wconf 88' lang='lat' dir='ltr'>choros</span> <span class='ocrx_word' id='word_1_248' title='bbox 1080 3777 1230 3843; x_wconf 82' lang='lat' dir='ltr'>avenae3</span> <span class='ocrx_word' id='word_1_249' title='bbox 1256 3759 1341 3828; x_wconf 86' lang='lat' dir='ltr'>item</span> <span class='ocrx_word' id='word_1_250' title='bbox 1368 3779 1436 3828; x_wconf 91' lang='lat' dir='ltr'>nou</span> <span class='ocrx_word' id='word_1_251' title='bbox 1464 3765 1546 3830; x_wconf 90' lang='lat' dir='ltr'>suut</span> <span class='ocrx_word' id='word_1_252' title='bbox 1572 3761 1622 3830; x_wconf 91' lang='lat' dir='ltr'>ibi</span> <span class='ocrx_word' id='word_1_253' title='bbox 1648 3763 1764 3832; x_wconf 85' lang='lat' dir='ltr'>taber·</span> 
     </span>
     <span class='ocr_line' id='line_1_26' title="bbox 213 3877 1764 3970; baseline 0.002 -20"><span class='ocrx_word' id='word_1_254' title='bbox 213 3900 283 3970; x_wconf 86' lang='lat' dir='ltr'>uae,</span> <span class='ocrx_word' id='word_1_255' title='bbox 311 3901 383 3952; x_wconf 92' lang='lat' dir='ltr'>non</span> <span class='ocrx_word' id='word_1_256' title='bbox 412 3884 494 3950; x_wconf 87' lang='lat' dir='ltr'>sunt</span> <span class='ocrx_word' id='word_1_257' title='bbox 520 3879 748 3967; x_wconf 88' lang='lat' dir='ltr'>hortulaniae,</span> <span class='ocrx_word' id='word_1_258' title='bbox 775 3899 843 3948; x_wconf 92' lang='lat' dir='ltr'>non</span> <span class='ocrx_word' id='word_1_259' title='bbox 871 3884 926 3948; x_wconf 92' lang='lat' dir='ltr'>est</span> <span class='ocrx_word' id='word_1_260' title='bbox 952 3877 1152 3969; x_wconf 91' lang='lat' dir='ltr'>praedium,</span> <span class='ocrx_word' id='word_1_261' title='bbox 1184 3899 1297 3968; x_wconf 93' lang='lat' dir='ltr'>neque</span> <span class='ocrx_word' id='word_1_262' title='bbox 1333 3879 1585 3970; x_wconf 82' lang='lat' dir='ltr'>moleudInum,</span> <span class='ocrx_word' id='word_1_263' title='bbox 1612 3903 1682 3952; x_wconf 91' lang='lat' dir='ltr'>nou</span> <span class='ocrx_word' id='word_1_264' title='bbox 1709 3889 1764 3954; x_wconf 86' lang='lat' dir='ltr'>eat</span> 
     </span>
     <span class='ocr_line' id='line_1_27' title="bbox 214 3989 1764 4092; baseline 0.003 -22"><span class='ocrx_word' id='word_1_265' title='bbox 214 3989 389 4072; x_wconf 86' lang='lat' dir='ltr'>scultetus.</span> <span class='ocrx_word' id='word_1_266' title='bbox 417 4001 504 4071; x_wconf 89' lang='lat' dir='ltr'>Item</span> <span class='ocrx_word' id='word_1_267' title='bbox 531 4000 574 4071; x_wconf 92' lang='lat' dir='ltr'>de</span> <span class='ocrx_word' id='word_1_268' title='bbox 602 4001 761 4072; x_wconf 90' lang='lat' dir='ltr'>omnibus</span> <span class='ocrx_word' id='word_1_269' title='bbox 788 4001 883 4089; x_wconf 78' lang='lat' dir='ltr'>angs</span> <span class='ocrx_word' id='word_1_270' title='bbox 910 3999 1057 4070; x_wconf 91' lang='lat' dir='ltr'>solvitur</span> <span class='ocrx_word' id='word_1_271' title='bbox 1084 4004 1121 4070; x_wconf 91' lang='lat' dir='ltr'>et</span> <span class='ocrx_word' id='word_1_272' title='bbox 1148 3998 1352 4070; x_wconf 88' lang='lat' dir='ltr'>conducitur</span> <span class='ocrx_word' id='word_1_273' title='bbox 1379 4000 1513 4071; x_wconf 85' lang='lat' dir='ltr'>decima</span> <span class='ocrx_word' id='word_1_274' title='bbox 1539 4003 1764 4092; x_wconf 88' lang='lat' dir='ltr'>manipularis</span> 
     </span>
     <span class='ocr_line' id='line_1_28' title="bbox 213 4120 1762 4212; baseline 0.003 -20"><span class='ocrx_word' id='word_1_275' title='bbox 213 4127 246 4192; x_wconf 89' lang='lat' dir='ltr'>et</span> <span class='ocrx_word' id='word_1_276' title='bbox 271 4122 449 4212; x_wconf 83' lang='lat' dir='ltr'>canapalis</span> <span class='ocrx_word' id='word_1_277' title='bbox 485 4143 548 4212; x_wconf 92' lang='lat' dir='ltr'>pro</span> <span class='ocrx_word' id='word_1_278' title='bbox 586 4123 796 4194; x_wconf 87' lang='lat' dir='ltr'>monasterio</span> <span class='ocrx_word' id='word_1_279' title='bbox 833 4120 1068 4208; x_wconf 87' lang='lat' dir='ltr'>Tbiuczieusi,</span> <span class='ocrx_word' id='word_1_280' title='bbox 1096 4127 1132 4190; x_wconf 89' lang='lat' dir='ltr'>et</span> <span class='ocrx_word' id='word_1_281' title='bbox 1164 4121 1263 4192; x_wconf 85' lang='lat' dir='ltr'>valor</span> <span class='ocrx_word' id='word_1_282' title='bbox 1296 4121 1371 4192; x_wconf 89' lang='lat' dir='ltr'>eius</span> <span class='ocrx_word' id='word_1_283' title='bbox 1398 4123 1603 4194; x_wconf 86' lang='lat' dir='ltr'>aestimatur</span> <span class='ocrx_word' id='word_1_284' title='bbox 1629 4125 1673 4194; x_wconf 90' lang='lat' dir='ltr'>ad</span> <span class='ocrx_word' id='word_1_285' title='bbox 1701 4146 1762 4196; x_wconf 85' lang='lat' dir='ltr'>sex</span> 
     </span>
     <span class='ocr_line' id='line_1_29' title="bbox 216 4240 1765 4336; baseline 0.001 -22"><span class='ocrx_word' id='word_1_286' title='bbox 216 4263 356 4315; x_wconf 90' lang='lat' dir='ltr'>marcas.</span> <span class='ocrx_word' id='word_1_287' title='bbox 385 4241 546 4314; x_wconf 80' lang='lat' dir='ltr'>Confluat</span> <span class='ocrx_word' id='word_1_288' title='bbox 573 4264 649 4314; x_wconf 90' lang='lat' dir='ltr'>cum</span> <span class='ocrx_word' id='word_1_289' title='bbox 678 4242 874 4331; x_wconf 87' lang='lat' dir='ltr'>Radlow,</span> <span class='ocrx_word' id='word_1_290' title='bbox 904 4242 1216 4332; x_wconf 84' lang='lat' dir='ltr'>Byslrupicze,</span> <span class='ocrx_word' id='word_1_291' title='bbox 1243 4240 1409 4332; x_wconf 87' lang='lat' dir='ltr'>Glyew,</span> <span class='ocrx_word' id='word_1_292' title='bbox 1437 4243 1765 4336; x_wconf 85' lang='lat' dir='ltr'>Raczlawicze,</span> 
     </span>
    </p>
   </div>
   <div class='ocr_carea' id='block_1_13' title="bbox 105 4362 381 4436">
    <p class='ocr_par' dir='ltr' id='par_1_14' title="bbox 105 4362 381 4436">
     <span class='ocr_line' id='line_1_30' title="bbox 105 4362 381 4436; baseline 0.022 -8"><span class='ocrx_word' id='word_1_293' title='bbox 105 4390 107 4428; x_wconf 82' lang='lat'>1</span> <span class='ocrx_word' id='word_1_294' title='bbox 214 4362 381 4436; x_wconf 83' lang='lat' dir='ltr'>Lanka</span> 
     </span>
    </p>
   </div>
   <div class='ocr_carea' id='block_1_14' title="bbox 217 4483 1767 5422">
    <p class='ocr_par' dir='ltr' id='par_1_15' title="bbox 217 4483 1767 5422">
     <span class='ocr_line' id='line_1_31' title="bbox 313 4483 1766 4577; baseline 0.001 -20"><span class='ocrx_word' id='word_1_295' title='bbox 313 4485 665 4574; x_wconf 62' lang='lat' dir='ltr'>ffirnrmrowrczn,</span> <span class='ocrx_word' id='word_1_296' title='bbox 692 4505 800 4575; x_wconf 87' lang='lat' dir='ltr'>prope</span> <span class='ocrx_word' id='word_1_297' title='bbox 826 4483 1047 4575; x_wconf 80' lang='lat' dir='ltr'>Mnusrrrru,</span> <span class='ocrx_word' id='word_1_298' title='bbox 1075 4484 1157 4557; x_wconf 86' lang='lat' dir='ltr'>villa</span> <span class='ocrx_word' id='word_1_299' title='bbox 1183 4484 1314 4556; x_wconf 92' lang='lat' dir='ltr'>babens</span> <span class='ocrx_word' id='word_1_300' title='bbox 1333 4485 1512 4556; x_wconf 90' lang='lat' dir='ltr'>ecclesiam</span> <span class='ocrx_word' id='word_1_301' title='bbox 1530 4488 1766 4577; x_wconf 87' lang='lat' dir='ltr'>parochialem</span> 
     </span>
     <span class='ocr_line' id='line_1_32' title="bbox 217 4605 1764 4697; baseline 0.001 -19"><span class='ocrx_word' id='word_1_302' title='bbox 217 4605 380 4697; x_wconf 79' lang='lat' dir='ltr'>ligneam,</span> <span class='ocrx_word' id='word_1_303' title='bbox 408 4607 505 4678; x_wconf 81' lang='lat' dir='ltr'>iuxta</span> <span class='ocrx_word' id='word_1_304' title='bbox 540 4607 680 4678; x_wconf 86' lang='lat' dir='ltr'>fluvium</span> <span class='ocrx_word' id='word_1_305' title='bbox 707 4607 957 4696; x_wconf 84' lang='lat' dir='ltr'>Dunayecz</span> <span class='ocrx_word' id='word_1_306' title='bbox 980 4607 1067 4696; x_wconf 89' lang='lat' dir='ltr'>situ,</span> <span class='ocrx_word' id='word_1_307' title='bbox 1096 4607 1194 4677; x_wconf 91' lang='lat' dir='ltr'>cuius</span> <span class='ocrx_word' id='word_1_308' title='bbox 1220 4609 1418 4697; x_wconf 88' lang='lat' dir='ltr'>proprietas</span> <span class='ocrx_word' id='word_1_309' title='bbox 1445 4607 1490 4678; x_wconf 91' lang='lat' dir='ltr'>ad</span> <span class='ocrx_word' id='word_1_310' title='bbox 1516 4612 1764 4682; x_wconf 85' lang='lat' dir='ltr'>monasterium</span> 
     </span>
     <span class='ocr_line' id='line_1_33' title="bbox 218 4725 1767 4820; baseline 0.005 -25"><span class='ocrx_word' id='word_1_311' title='bbox 218 4725 418 4800; x_wconf 86' lang='lat' dir='ltr'>Thincieuse</span> <span class='ocrx_word' id='word_1_312' title='bbox 455 4728 614 4818; x_wconf 90' lang='lat' dir='ltr'>pertinet.</span> <span class='ocrx_word' id='word_1_313' title='bbox 650 4727 690 4798; x_wconf 94' lang='lat' dir='ltr'>In</span> <span class='ocrx_word' id='word_1_314' title='bbox 719 4749 787 4818; x_wconf 90' lang='lat' dir='ltr'>qua</span> <span class='ocrx_word' id='word_1_315' title='bbox 813 4733 895 4798; x_wconf 84' lang='lat' dir='ltr'>sunt</span> <span class='ocrx_word' id='word_1_316' title='bbox 921 4733 998 4798; x_wconf 89' lang='lat' dir='ltr'>octo</span> <span class='ocrx_word' id='word_1_317' title='bbox 1026 4727 1117 4798; x_wconf 88' lang='lat' dir='ltr'>lanei</span> <span class='ocrx_word' id='word_1_318' title='bbox 1145 4728 1398 4818; x_wconf 88' lang='lat' dir='ltr'>cmetbonales,</span> <span class='ocrx_word' id='word_1_319' title='bbox 1425 4734 1462 4799; x_wconf 90' lang='lat' dir='ltr'>et</span> <span class='ocrx_word' id='word_1_320' title='bbox 1488 4731 1636 4820; x_wconf 90' lang='lat' dir='ltr'>quilibet</span> <span class='ocrx_word' id='word_1_321' title='bbox 1662 4733 1767 4802; x_wconf 88' lang='lat' dir='ltr'>solvit</span> 
     </span>
     <span class='ocr_line' id='line_1_34' title="bbox 218 4827 1767 4939; baseline 0.003 -22"><span class='ocrx_word' id='word_1_322' title='bbox 218 4867 276 4935; x_wconf 93' lang='lat' dir='ltr'>pro</span> <span class='ocrx_word' id='word_1_323' title='bbox 302 4869 409 4920; x_wconf 89' lang='lat' dir='ltr'>censu</span> <span class='ocrx_word' id='word_1_324' title='bbox 435 4837 583 4918; x_wconf 85' lang='lat' dir='ltr'>mediam</span> <span class='ocrx_word' id='word_1_325' title='bbox 611 4854 771 4935; x_wconf 82' lang='lat' dir='ltr'>marcam,</span> <span class='ocrx_word' id='word_1_326' title='bbox 799 4847 882 4918; x_wconf 86' lang='lat' dir='ltr'>item</span> <span class='ocrx_word' id='word_1_327' title='bbox 910 4867 976 4918; x_wconf 88' lang='grc' dir='ltr'>ονε</span> <span class='ocrx_word' id='word_1_328' title='bbox 1002 4827 1158 4937; x_wconf 82' lang='lat' dir='ltr'>triginta,</span> <span class='ocrx_word' id='word_1_329' title='bbox 1185 4848 1268 4917; x_wconf 88' lang='lat' dir='ltr'>item</span> <span class='ocrx_word' id='word_1_330' title='bbox 1295 4849 1407 4938; x_wconf 82' lang='lat' dir='ltr'>gallos</span> <span class='ocrx_word' id='word_1_331' title='bbox 1429 4848 1527 4939; x_wconf 76' lang='lat' dir='ltr'>duoS,</span> <span class='ocrx_word' id='word_1_332' title='bbox 1546 4851 1628 4922; x_wconf 92' lang='lat' dir='ltr'>item</span> <span class='ocrx_word' id='word_1_333' title='bbox 1647 4871 1767 4921; x_wconf 87' lang='lat' dir='ltr'>caseos</span> 
     </span>
     <span class='ocr_line' id='line_1_35' title="bbox 219 4967 1766 5064; baseline 0.003 -26"><span class='ocrx_word' id='word_1_334' title='bbox 219 4967 307 5060; x_wconf 83' lang='lat' dir='ltr'>duca,</span> <span class='ocrx_word' id='word_1_335' title='bbox 335 4970 418 5040; x_wconf 91' lang='lat' dir='ltr'>item</span> <span class='ocrx_word' id='word_1_336' title='bbox 445 4992 591 5064; x_wconf 75' lang='lat' dir='ltr'>osszyap,</span> <span class='ocrx_word' id='word_1_337' title='bbox 619 4970 703 5040; x_wconf 91' lang='lat' dir='ltr'>item</span> <span class='ocrx_word' id='word_1_338' title='bbox 731 4969 838 5058; x_wconf 92' lang='lat' dir='ltr'>labor,</span> <span class='ocrx_word' id='word_1_339' title='bbox 858 4969 940 5039; x_wconf 90' lang='lat' dir='ltr'>item</span> <span class='ocrx_word' id='word_1_340' title='bbox 957 4967 1123 5062; x_wconf 84' lang='lat' dir='ltr'>powoho,·</span> <span class='ocrx_word' id='word_1_341' title='bbox 1150 4970 1233 5040; x_wconf 91' lang='lat' dir='ltr'>item</span> <span class='ocrx_word' id='word_1_342' title='bbox 1252 4970 1400 5040; x_wconf 87' lang='lat' dir='ltr'>taberna</span> <span class='ocrx_word' id='word_1_343' title='bbox 1417 4989 1486 5040; x_wconf 89' lang='lat' dir='ltr'>una</span> <span class='ocrx_word' id='word_1_344' title='bbox 1503 4970 1634 5043; x_wconf 89' lang='lat' dir='ltr'>habeus</span> <span class='ocrx_word' id='word_1_345' title='bbox 1653 4991 1766 5060; x_wconf 82' lang='lat' dir='ltr'>agros,</span> 
     </span>
     <span class='ocr_line' id='line_1_36' title="bbox 219 5089 1765 5181; baseline 0.002 -23"><span class='ocrx_word' id='word_1_346' title='bbox 219 5094 252 5160; x_wconf 90' lang='lat' dir='ltr'>et</span> <span class='ocrx_word' id='word_1_347' title='bbox 277 5090 381 5162; x_wconf 84' lang='lat' dir='ltr'>soluit</span> <span class='ocrx_word' id='word_1_348' title='bbox 407 5095 479 5160; x_wconf 93' lang='lat' dir='ltr'>tres</span> <span class='ocrx_word' id='word_1_349' title='bbox 506 5109 640 5162; x_wconf 87' lang='lat' dir='ltr'>marcas</span> <span class='ocrx_word' id='word_1_350' title='bbox 659 5109 722 5179; x_wconf 89' lang='lat' dir='ltr'>pro</span> <span class='ocrx_word' id='word_1_351' title='bbox 741 5111 864 5178; x_wconf 83' lang='lat' dir='ltr'>censu3</span> <span class='ocrx_word' id='word_1_352' title='bbox 891 5090 975 5160; x_wconf 88' lang='lat' dir='ltr'>item</span> <span class='ocrx_word' id='word_1_353' title='bbox 993 5089 1212 5160; x_wconf 85' lang='lat' dir='ltr'>hortulaniae</span> <span class='ocrx_word' id='word_1_354' title='bbox 1232 5096 1383 5179; x_wconf 88' lang='lat' dir='ltr'>quatuor</span> <span class='ocrx_word' id='word_1_355' title='bbox 1400 5096 1493 5180; x_wconf 88' lang='lat' dir='ltr'>sunt,</span> <span class='ocrx_word' id='word_1_356' title='bbox 1513 5091 1598 5162; x_wconf 90' lang='lat' dir='ltr'>nihil</span> <span class='ocrx_word' id='word_1_357' title='bbox 1617 5091 1765 5181; x_wconf 76' lang='lat' dir='ltr'>solvunt,</span> 
     </span>
     <span class='ocr_line' id='line_1_37' title="bbox 220 5209 1766 5301; baseline 0.002 -23"><span class='ocrx_word' id='word_1_358' title='bbox 220 5211 275 5280; x_wconf 90' lang='lat' dir='ltr'>sed</span> <span class='ocrx_word' id='word_1_359' title='bbox 308 5212 485 5298; x_wconf 76' lang='lat' dir='ltr'>laborant,</span> <span class='ocrx_word' id='word_1_360' title='bbox 521 5212 605 5282; x_wconf 92' lang='lat' dir='ltr'>item</span> <span class='ocrx_word' id='word_1_361' title='bbox 644 5211 842 5282; x_wconf 89' lang='lat' dir='ltr'>molendina</span> <span class='ocrx_word' id='word_1_362' title='bbox 869 5209 956 5301; x_wconf 94' lang='lat' dir='ltr'>duo,</span> <span class='ocrx_word' id='word_1_363' title='bbox 983 5231 1087 5281; x_wconf 90' lang='lat' dir='ltr'>unum</span> <span class='ocrx_word' id='word_1_364' title='bbox 1116 5210 1153 5279; x_wconf 91' lang='lat' dir='ltr'>iu</span> <span class='ocrx_word' id='word_1_365' title='bbox 1179 5210 1282 5300; x_wconf 87' lang='lat' dir='ltr'>villa,</span> <span class='ocrx_word' id='word_1_366' title='bbox 1309 5210 1403 5280; x_wconf 87' lang='lat' dir='ltr'>aliud</span> <span class='ocrx_word' id='word_1_367' title='bbox 1431 5211 1467 5280; x_wconf 89' lang='lat' dir='ltr'>in</span> <span class='ocrx_word' id='word_1_368' title='bbox 1494 5210 1633 5282; x_wconf 85' lang='lat' dir='ltr'>flumine</span> <span class='ocrx_word' id='word_1_369' title='bbox 1661 5211 1766 5282; x_wconf 87' lang='lat' dir='ltr'>solvit</span> 
     </span>
     <span class='ocr_line' id='line_1_38' title="bbox 220 5331 1766 5422; baseline 0.001 -22"><span class='ocrx_word' id='word_1_370' title='bbox 220 5331 397 5421; x_wconf 87' lang='lat' dir='ltr'>metretas;</span> <span class='ocrx_word' id='word_1_371' title='bbox 423 5333 507 5404; x_wconf 91' lang='lat' dir='ltr'>item</span> <span class='ocrx_word' id='word_1_372' title='bbox 535 5331 715 5422; x_wconf 85' lang='lat' dir='ltr'>praedium</span> <span class='ocrx_word' id='word_1_373' title='bbox 742 5339 805 5422; x_wconf 89' lang='lat' dir='ltr'>est,</span> <span class='ocrx_word' id='word_1_374' title='bbox 832 5331 875 5402; x_wconf 94' lang='lat' dir='ltr'>de</span> <span class='ocrx_word' id='word_1_375' title='bbox 903 5331 1000 5402; x_wconf 90' lang='lat' dir='ltr'>cuius</span> <span class='ocrx_word' id='word_1_376' title='bbox 1026 5331 1122 5420; x_wconf 79' lang='lat' dir='ltr'>agris</span> <span class='ocrx_word' id='word_1_377' title='bbox 1150 5351 1219 5400; x_wconf 92' lang='lat' dir='ltr'>nou</span> <span class='ocrx_word' id='word_1_378' title='bbox 1246 5331 1503 5420; x_wconf 88' lang='lat' dir='ltr'>monasterium,</span> <span class='ocrx_word' id='word_1_379' title='bbox 1532 5331 1594 5402; x_wconf 91' lang='lat' dir='ltr'>sed</span> <span class='ocrx_word' id='word_1_380' title='bbox 1621 5332 1766 5403; x_wconf 90' lang='lat' dir='ltr'>ecclesia</span> 
     </span>
    </p>
   </div>
   <div class='ocr_carea' id='block_1_15' title="bbox 222 5425 1966 5542">
    <p class='ocr_par' dir='ltr' id='par_1_16' title="bbox 222 5425 1966 5542">
     <span class='ocr_line' id='line_1_39' title="bbox 222 5425 1966 5542; baseline 0.002 -21"><span class='ocrx_word' id='word_1_381' title='bbox 222 5453 422 5538; x_wconf 88' lang='lat' dir='ltr'>parochialis</span> <span class='ocrx_word' id='word_1_382' title='bbox 457 5453 552 5524; x_wconf 87' lang='lat' dir='ltr'>tollit</span> <span class='ocrx_word' id='word_1_383' title='bbox 589 5453 756 5524; x_wconf 89' lang='lat' dir='ltr'>decimam</span> <span class='ocrx_word' id='word_1_384' title='bbox 793 5453 827 5522; x_wconf 94' lang='lat' dir='ltr'>in</span> <span class='ocrx_word' id='word_1_385' title='bbox 855 5451 1261 5541; x_wconf 88' lang='lat' dir='ltr'>Oppathkowicze.</span> <span class='ocrx_word' id='word_1_386' title='bbox 1301 5451 1387 5520; x_wconf 90' lang='lat' dir='ltr'>Item</span> <span class='ocrx_word' id='word_1_387' title='bbox 1415 5471 1533 5521; x_wconf 90' lang='lat' dir='ltr'>omnes</span> <span class='ocrx_word' id='word_1_388' title='bbox 1560 5453 1636 5542; x_wconf 79' lang='lat' dir='ltr'>agri</span> <span class='ocrx_word' id='word_1_389' title='bbox 1663 5453 1766 5531; x_wconf 88' lang='lat' dir='ltr'>villae</span> <span class='ocrx_word' id='word_1_390' title='bbox 1874 5505 1879 5514; x_wconf 85' lang='grc'><strong>-</strong></span> <span class='ocrx_word' id='word_1_391' title='bbox 1957 5425 1966 5435; x_wconf 44' lang='grc'>’</span> 
     </span>
    </p>
   </div>
   <div class='ocr_carea' id='block_1_16' title="bbox 223 5569 1768 5779">
    <p class='ocr_par' dir='ltr' id='par_1_17' title="bbox 223 5569 1768 5779">
     <span class='ocr_line' id='line_1_40' title="bbox 223 5569 1767 5663; baseline 0.003 -23"><span class='ocrx_word' id='word_1_392' title='bbox 223 5572 353 5646; x_wconf 80' lang='lat' dir='ltr'>solvunt</span> <span class='ocrx_word' id='word_1_393' title='bbox 379 5573 547 5646; x_wconf 90' lang='lat' dir='ltr'>decimam</span> <span class='ocrx_word' id='word_1_394' title='bbox 575 5573 825 5663; x_wconf 89' lang='lat' dir='ltr'>manipularem</span> <span class='ocrx_word' id='word_1_395' title='bbox 848 5591 916 5662; x_wconf 90' lang='lat' dir='ltr'>pro</span> <span class='ocrx_word' id='word_1_396' title='bbox 944 5571 1096 5660; x_wconf 89' lang='lat' dir='ltr'>capitulo</span> <span class='ocrx_word' id='word_1_397' title='bbox 1124 5569 1353 5659; x_wconf 76' lang='lat' dir='ltr'>tirasonensi,</span> <span class='ocrx_word' id='word_1_398' title='bbox 1380 5571 1541 5641; x_wconf 75' lang='lat' dir='ltr'>otuelus</span> <span class='ocrx_word' id='word_1_399' title='bbox 1568 5573 1643 5643; x_wconf 91' lang='lat' dir='ltr'>eius</span> <span class='ocrx_word' id='word_1_400' title='bbox 1661 5577 1767 5654; x_wconf 90' lang='lat' dir='ltr'>aesti-</span> 
     </span>
     <span class='ocr_line' id='line_1_41' title="bbox 223 5687 1768 5779; baseline 0.004 -19"><span class='ocrx_word' id='word_1_401' title='bbox 223 5699 329 5764; x_wconf 87' lang='lat' dir='ltr'>matur</span> <span class='ocrx_word' id='word_1_402' title='bbox 363 5694 409 5766; x_wconf 87' lang='lat' dir='ltr'>ad</span> <span class='ocrx_word' id='word_1_403' title='bbox 435 5693 615 5766; x_wconf 86' lang='lat' dir='ltr'>duodecim</span> <span class='ocrx_word' id='word_1_404' title='bbox 651 5714 796 5768; x_wconf 88' lang='lat' dir='ltr'>marcas.</span> <span class='ocrx_word' id='word_1_405' title='bbox 832 5693 919 5763; x_wconf 88' lang='lat' dir='ltr'>Item</span> <span class='ocrx_word' id='word_1_406' title='bbox 947 5691 1091 5762; x_wconf 88' lang='lat' dir='ltr'>ecclesia</span> <span class='ocrx_word' id='word_1_407' title='bbox 1127 5691 1164 5760; x_wconf 89' lang='lat' dir='ltr'>iu</span> <span class='ocrx_word' id='word_1_408' title='bbox 1191 5687 1557 5779; x_wconf 80' lang='lat' dir='ltr'>Opacbkowicze</span> <span class='ocrx_word' id='word_1_409' title='bbox 1584 5695 1691 5766; x_wconf 86' lang='lat' dir='ltr'>habet</span> <span class='ocrx_word' id='word_1_410' title='bbox 1717 5697 1768 5766; x_wconf 89' lang='lat' dir='ltr'>ibi</span> 
     </span>
    </p>
   </div>
   <div class='ocr_carea' id='block_1_17' title="bbox 0 0 2257 6592">
    <p class='ocr_par' dir='ltr' id='par_1_18' title="bbox 0 0 2257 6592">
     <span class='ocr_line' id='line_1_42' title="bbox 0 0 2257 6592; baseline 0 0"><span class='ocrx_word' id='word_1_411' title='bbox 0 0 2257 6592; x_wconf 95' lang='lat' dir='ltr'> </span> 
     </span>
    </p>
   </div>
  </div>
 </body>
</html>
