4492 6592
490 697 564 766 130

489 923 556 992 qno
574 900 777 973 foecundior
804 899 931 991 oppido
950 913 1040 971 no'vo
1069 899 1259 988 amplitudo
1278 899 1497 989 proveniret,
1522 898 1677 970 decimas
1694 897 1929 988 manipulares·
1947 917 2051 968 men·

491 1045 549 1094 sae
577 1022 781 1113 episcopalis
809 1017 844 1092 in
865 1021 957 1092 villis
986 1007 1137 1110 quincue
1164 1021 1271 1091 clavis
1292 998 1538 1108 Wisliciensls,
1564 1019 1740 1090 videlicet:
1767 1019 1803 1090 in
1830 1017 2052 1109 (1111811-
2152 1078 2153 1091 ,

494 1143 709 1232 nowicze,
746 1141 914 1232 Welcz,
951 1139 1234 1231 Coporinya,
1275 1141 1544 1212 Parsziwha
1583 1146 1622 1210 et
1658 1139 1870 1232 Cowalye
1906 1153 2051 1212 centum

493 1285 626 1338 marcas
654 1264 823 1335 communi
851 1263 1091 1334 aestimatione
1106 1257 1342 1353 appendentes
1368 1262 1413 1332 de
1431 1279 1599 1332 consensu
1624 1260 1864 1333 Crotoniensis
1891 1261 2052 1351 capituli,

489 1405 601 1476 quem,
630 1389 798 1474 perpetuo
835 1383 972 1454 donatis
1000 1361 1156 1472 capitulo
1180 1381 1401 1454 Gracoviensi
1437 1382 1710 1471 manipularibus
1736 1381 1878 1452 decimis
1906 1401 2052 1452 mensae

487 1503 652 1578 ecclesiae
680 1503 919 1576 cracoviensis
947 1503 1172 1593 episcopalis,
1207 1496 1369 1574 videlicet
1395 1503 1431 1572 in
1451 1503 1577 1592 oppido
1604 1501 1863 1573 Koschicze
1889 1507 1928 1573 et
1954 1502 2053 1576 villis
2096 1491 2099 1495 ’

488 1625 834 1714 Wlostowicze,
881 1624 1213 1713 Prohoczicze,
1259 1623 1672 1713 Seudnyszowicze
1717 1628 1753 1692 et
1787 1622 2054 1714 Woywanc

486 1748 646 1838 nicae,
681 1745 784 1818 facile
820 1745 987 1834 obtinuit,
1020 1765 1131 1815 novae
1163 1744 1365 1833 collegiatae
1400 1744 1565 1815 ecclesiae
1601 1743 1777 1834 inscripsit
1813 1750 1849 1814 et
1874 1748 2053 1833 perpetuo

489 1869 640 1941 donavit.
691 1867 862 1938 Processu
890 1885 973 1936 vero
1001 1865 1154 1953 dierum,
1183 1864 1363 1953 collegiata
1391 1864 1555 1935 ecclesiae
1581 1860 1815 1935 fundationem
1841 1863 2053 1951 abhorrens,

489 1991 632 2079 veritus,
663 2009 707 2060 ne
726 1993 838 2060 morte
865 1975 928 2059 sua
955 1992 1112 2076 sequuta,
1138 1986 1287 2074 praelati
1314 1991 1351 2056 et
1368 1986 1525 2058 canonici
1551 1984 1660 2056 futuri
1686 1984 2055 2074 Pyandziczoriensea

490 2115 583 2186 solos
610 2115 800 2202 proventus
828 2115 864 2180 et
887 2109 1057 2178 introitus
1085 2106 1348 2194 beneficiorum,
1376 2106 1661 2196 quemadmodum
1688 2106 1724 2176 in
1752 2105 1829 2176 aliis
1856 2106 2055 2201 collegiatis

490 2233 647 2306 ecclesiis
675 2225 901 2320 compertum
915 2234 969 2300 est
995 2227 1133 2300 assidue
1161 2227 1326 2314 existere,
1354 2228 1533 2317 percipere
1552 2227 1731 2315 contami,
1767 2247 1884 2298 curam
1901 2227 1991 2298 'eius
2018 2233 2055 2298 et

491 2353 714 2426 residentiam
730 2351 946 2441 negligerent
965 2349 1106 2440 solaque
1126 2350 1206 2419 lana
1219 2347 1426 2451 gaudentes,
1445 2349 1599 2420 laborem
1612 2371 1681 2420 non
1696 2348 1918 2420 attenderent
1930 2355 2055 2438 pastu·

428 2563 432 2570 .
493 2498 566 2564 rae,
586 2473 831 2546 monasterium
850 2463 997 2543 flatrum
1012 2471 1259 2542 heremitarum
1274 2470 1391 2540 Sancti
1405 2469 1504 2540 Pauli
1518 2471 1620 2560 primi
1633 2471 1834 2560 heremitae,
1851 2471 1917 2542 suh
1930 2471 2056 2560 regula

491 2596 593 2668 Beati
612 2593 798 2684 Augustini
824 2593 1028 2679 viventium,
1058 2591 1130 2661 illic
1147 2591 1223 2662 lieri
1243 2591 1432 2694 disposuit,
1459 2597 1495 2662 et
1513 2611 1603 2662 auno
1630 2591 1769 2662 Domini
1790 2593 1899 2664 1436.
1926 2598 2056 2664 octava

493 2717 655 2789 Octobris
685 2714 771 2786 illud
810 2735 885 2785 curm
913 2730 1080 2804 germano
1108 2733 1171 2784 suo
1197 2711 1357 2783 Jchanne
1393 2710 1602 2784 Glowecz
1630 2713 1673 2784 dc
1701 2712 2055 2805 Olycschnicza,
2152 2736 2153 2739 ¹

490 2839 549 2929 qui
577 2837 675 2928 regni
703 2834 867 2936 Poloniae
894 2834 1120 2910 marsalcatus
1147 2833 1358 2922 fungebatur
1384 2831 1515 2921 officio,
1543 2834 1658 2924 etqui
1686 2834 1790 2905 etiam
1818 2834 2053 2923 palatinatum

494 2949 809 3030 Sandomiriensem
836 2953 920 3044 post
934 2953 1081 3043 adeptus
1109 2953 1240 3042 luerat,
1268 2953 1439 3044 hludavit,
1467 2955 1553 3026 daus
1579 2953 1632 3025 illi
1658 2955 1694 3028 iu
1713 2959 1914 3045 perpetuam
1932 2955 2053 3027 dotem
2152 3037 2153 3042 Ἰ

494 3087 529 3150 et
547 3078 747 3168 ,inscribens
775 3073 949 3166 praefatas
986 3075 1138 3164 quinque
1173 3074 1332 3146 decimas·
1350 3076 1564 3165 episcopales
1590 3078 1625 3146 iu
1653 3074 2053 3167 Grzyzancwicze,

493 3199 661 3286 Welcz,
700 3195 963 3300 Coporyna,
1000 3194 1271 3266 Parsziwlra
1306 3201 1343 3266 et
1369 3195 1601 3287 chalyc3
1637 3197 1759 3296 uniens
1794 3195 2051 3268 etiam'cidenr

495 3318 705 3390 monasterio
733 3313 878 3387 duarum
906 3316 1127 3388 ecclesiarum
1155 3295 1422 3405 parochialium,
1458 3305 1622 3389 videlicet
1640 3317 1685 3388 *in
1712 3317 1868 3410 Pyand
1881 3319 2053 3388 ziczow

494 3446 530 3511 et
559 3437 900 3530 Wyercziczow
926 3437 1126 3527 parochias,
1163 3436 1320 3508 redditus
1356 3442 1392 3508 et
1417 3443 1607 3526 proventus
1640 3445 1676 3509 et
1702 3458 1821 3509 curam
1856 3434 2053 3511 animarum

496 3561 667 3632 dictarum
696 3560 843 3631 duarum
872 3559 1093 3630 ecclesiarum
1121 3559 1157 3629 in
1177 3558 1329 3648 priorem
1357 3565 1393 3629 et
1409 3560 1537 3631 fratres
1556 3561 1759 3631 monasterii
1772 3560 2053 3647 -transfundens3

493 3665 652 3753 coemens
688 3685 802 3752 autem
839 3679 955 3750 villam
983 3679 1243 3751 Podlansze
1271 3679 1306 3749 in
1334 3680 1487 3751 vicinata
1522 3687 1560 3751 et
1586 3681 1652 3752 sub
1677 3682 1844 3770 parochia
1879 3681 2051 3772 Pyandai·

494 3803 665 3875 czovieusi
693 3803 813 3890 sitam,
842 3821 905 3894 pro
923 3801 1088 3872 trecentis
1116 3801 1291 3872 marcisa
1314 3855 1428 3870 .....
1455 3802 1844 3893 Sczyepyeczslry‚
1872 3803 1983 3874 nobili
2011 3802 2052 3873 de

494 3924 595 3996 domo
622 3922 644 3994 J
655 3925 812 4011 anina,
840 3923 1048 3994 constructis
1075 3922 1110 3992 in
1129 3941 1172 3992 ea
1199 3927 1349 4012 quatuor
1375 3923 1535 4012 piscinis,
1563 3923 1675 4012 ipsam
1702 3944 1779 3994 cum
1806 3917 1951 4013 praedio
1982 3945 2052 3994 rno-

494 4045 633 4116 lendino
661 4051 697 4115 et
724 4043 937 4134 plenitudine
965 4045 1061 4132 iuria,
1090 4043 1177 4114 nihil
1205 4043 1271 4114 sibi
1299 4044 1333 4114 iu
1353 4065 1395 4114 ea
1413 4050 1474 4114 aut
1501 4044 1610 4131 fratri,
1625 4049 1699 4135 ,aut
1725 4044 1909 4134 nepotibus
1936 4065 2051 4115 rescr-

496 4166 617 4253 vandc‚
636 4164 792 4255 praefato
813 4166 1023 4236 monasterio
1038 4164 1226 4235 donatione
1244 4169 1412 4254 perpetua
1429 4172 1464 4235 et
1478 4165 1697 4236 irrevocabili
1715 4165 1821 4254 dedit,
1831 4166 1999 4255 contulit,
2017 4171 2051 4235 et

493 4286 684 4375 inscripsit,
712 4291 825 4356 certos
844 4291 960 4355 tamen
984 4285 1101 4357 laneos
1129 4285 1263 4354 invilla
1290 4280 1596 4382 Wyerjcziczow,
1625 4287 1684 4375 qui
1712 4285 1757 4357 ad
1775 4285 1956 4375 praedium
1975 4287 2047 4376 ple-

496 4407 578 4477 bani
596 4406 835 4496 pertinebant,
854 4405 894 4475 'iu
913 4419 1173 4495 recompensam
1195 4410 1232 4475 et
1251 4405 1523 4476 vicissitudinem
1541 4405 1719 4495 praefatae
1738 4407 1839 4478 villae
1857 4406 1972 4503 Paul
1984 4413 2050 4478 an·-

498 4548 571 4596 sze
590 4527 735 4616 recepit,
753 4532 790 4596 et
809 4527 886 4596 illos
905 4526 1087 4616 oppidanis
1106 4525 1708 4617 Pyandziczoviensibusdistribuit,
1732 4549 1819 4600 onus
1837 4527 1873 4597 id
1892 4528 2050 4618 praefato

498 4648 709 4718 monasterio
743 4647 1070 4738 Pyandziczoviensi
1093 4648 1204 4748 priori
1226 4654 1262 4719 et
1282 4648 1459 4720 fratribus
1483 4654 1652 4739 perpetuo
1674 4649 1856 4739 imponens
1886 4654 1923 4720 et
1936 4650 1988 4720 'in
2006 4649 2050 4720 si·

495 4791 601 4860 gnum
619 4769 928 4858 iurispatronatuS,
946 4769 1157 4842 fundationis
1177 4758 1312 4860 quoque
1329 4775 1366 4845 et
1380 4769 1569 4842 dotationis
1584 4771 1786 4841 monasterii
1804 4770 1995 4861 praedicti,
2015 4773 2049 4840 et

491 4891 539 4962 'ad
558 4890 767 4962 reddendam
792 4889 1062 4962 vicissitudinem
1082 4891 1241 4962 beneficii
1259 4892 1410 4980 accepti,
1439 4892 1530 4981 quod
1548 4897 1665 4962 tamen
1688 4898 1826 4963 constat
1843 4893 1982 4964 nonnisi
2010 4912 2050 4962 cx

493 5013 721 5103 'proventibus
748 5011 991 5083 ecclesiasticis
1011 5011 1207 5083 derivatum
1225 5014 1310 5102 esse,
1338 5018 1499 5084 teneatur
1525 5013 1622 5103 prior
1649 5019 1686 5084 et
1702 5012 2050 5084 iratres-monasterii

494 5131 839 5225 Pyandziczovieusis
875 5135 911 5204 in
937 5113 1120 5225 perpetua
1143 5140 1315 5223 tempora,
1343 5135 1443 5204 annis
1470 5133 1633 5224 singulis,
1660 5134 1812 5205 Jchanni
1839 5133 2048 5206 Glowacz

495 5255 668 5346 praefato,
697 5256 793 5327 velut
820 5256 985 5346 primario
1012 5255 1216 5327 monasterii
1243 5253 1392 5345 praefati
1417 5247 1626 5344 undamn,
1641 5261 1676 5326 et
1702 5257 1873 5345 dotatori,
1909 5256 2049 5345 eiusque

494 5376 586 5466 liliis,
613 5379 796 5468 nepotibus
815 5384 851 5449 et
869 5377 1013 5468 singulis
1033 5375 1154 5450 domus
1172 5397 1292 5448 eorum
1319 5377 1522 5449 Dambuo
1549 5379 1826 5468 pronepotibus,
1843 5396 1907 5466 per
1923 5377 2047 5448 lineam
2070 5357 2075 5361 ’

497 5495 664 5568 directam
701 5499 1006 5590 descendentibus,
1043 5499 1178 5572 solvere
1214 5504 1251 5570 et
1284 5504 1508 5589 praesentare
1543 5497 1665 5570 ducale
1700 5498 1863 5587 diarium,
1890 5498 2049 5570 videlicet

391 5679 394 5690 .
498 5616 682 5689 duodecim·
697 5621 821 5710 gallos,
850 5622 1029 5693 duodecim
1049 5623 1175 5694 choros
1194 5641 1339 5711 avenae,
1368 5628 1528 5712 quartam
1546 5626 1680 5711 partem
1700 5640 1839 5708 vaccae,
1867 5621 2046 5710 sexaginta
