4492 6592
707 2097 1246 2244 calcovmnsis

191 2429 313 2512 Ordo
348 2433 574 2538 stratigio
605 2435 784 2515 instrum
827 2436 1151 2520 carmelitarum
1196 2439 1534 2543 mendicantium,
1568 2445 1647 2525 sub
1681 2438 1748 2525 re'·

189 2569 286 2672 gula
324 2569 442 2652 Beati
476 2569 695 2676 Augustini
728 2576 982 2678 viventium,
1022 2580 1092 2679 qul
1126 2601 1149 2658 a
1184 2578 1314 2659 Beato
1348 2579 1432 2659 Elia
1468 2579 1672 2682 propheta
1709 2565 1748 2660 in
1812 2557 1814 2564 ¹

194 2715 342 2789 monia
375 2707 558 2790 Oarnacii
578 2713 617 2791 in
641 2711 874 2793 iudeorum
908 2717 1083 2820 regions
1118 2716 1345 2820 habitante,
1377 2717 1516 2797 lentur
1547 2720 1748 2820 coepisse

189 2847 433 2950 exordium,
466 2873 490 2930 a
523 2873 609 2952 quo
641 2856 685 2932 ct
710 2851 869 2933 iratres
900 2843 1094 2935 ordinant
1129 2855 1363 2960 officiatum
1398 2853 1605 2956 protensi,
1640 2853 1745 2936 Oar·
1845 2947 1852 2956 ,

517 2989 764 3070 melitanae
797 2993 968 3096 vulgato
1000 2995 1169 3074 nomine
1202 2991 1425 3097 appellant.
1777 2969 1783 2976 ⁸

295 3205 545 3280 Vannrsnaus
573 3209 768 3283 Sacunnus
795 3211 961 3287 Poloniae
979 3201 1057 3302 re'x,
1084 3217 1120 3282 et
1148 3209 1351 3302 Hedvigis
1379 3213 1499 3302 regina
1519 3233 1661 3285 consors
1681 3236 1745 3286 sua
1836 3297 1840 3304 ,

188 3327 380 3416 gloriosam
409 3329 473 3402 Dei
500 3331 704 3421 genitricem
722 3331 904 3423 Virginem
930 3332 1080 3404 Mariam
1109 3331 1259 3402 Matrem
1288 3331 1533 3423 Redemptoris
1560 3334 1748 3406 attestant

189 3447 427 3539 Visitatiouis,
454 3473 523 3542 qua
551 3452 708 3524 visitavit
735 3452 958 3542 Helissboth,
985 3451 1077 3544 quod
1105 3459 1188 3524 tunc
1215 3460 1374 3526 recenter
1400 3460 1435 3526 et
1455 3476 1622 3545 nusquam
1651 3456 1748 3545 alias,

188 3572 354 3643 scismate
369 3574 414 3643 -in
442 3572 592 3672 ccclesia·
620 3573 685 3645 Dei
712 3575 812 3644 annis
846 3571 1094 3663 qnadraginta,
1138 3575 1289 3664 peccatis
1324 3575 1511 3674 hominnm·
1529 3576 1748 3664 exigentibus

191 3693 311 3782 riguit,
340 3699 377 3764 et
403 3694 496 3783 qnod
523 3693 704 3766 concilium
732 3690 998 3764 constantiense
1024 3694 1184 3782 extinxit,
1212 3693 1428 3766 Urbanus
1456 3694 1550 3784 Papa
1577 3694 1747 3766 Sextus

190 3812 225 3882 iu
252 3835 317 3884 sua
347 3813 547 3885 obedientia
573 3814 787 3901 nominatus,
815 3786 947 3902 primus
973 3813 1127 3886 instituit
1155 3820 1191 3884 at
1217 3814 1401 3886 celebriter
1429 3815 1541 3885 colere
1570 3835 1590 3884 a
1617 3814 1745 3904 populo

191 3933 387 4023 mandavit,
424 3935 591 4024 singulari
618 3933 802 4005 devotione
828 3939 866 4005 et
893 3935 987 4005 cultu
1014 3934 1239 4024 honoraturi,
1274 3931 1438 4025 templum
1467 3933 1606 4025 Virgini
1634 3933 1745 4008 Bene·
1779 4029 1781 4037 Α

191 4052 304 4125 dictae
334 4054 519 4146 praefatae,
545 4059 583 4125 ct
609 4053 856 4125 monasterium
884 4059 985 4126 entra
1011 4055 1132 4126 urbem
1160 4053 1437 4146 Gracovicnsenr,
1465 4056 1500 4126 in
1527 4061 1627 4145 parte
1655 4055 1746 4125 occi-

190 4170 321 4245 dentali
355 4173 453 4246 inrita
479 4173 666 4264 cardones,
702 4173 794 4264 quod
830 4173 996 4244 hactenus
1033 4181 1178 4245 rocatm
1205 4174 1258 4246 ad
1286 4175 1482 4246 Arenanr
1520 4174 1746 4264 constituunt,

191 4315 359 4386 muroque
386 4295 512 4384 insigni
541 4294 726 4384 amplum,
763 4293 854 4385 quod
881 4300 993 4365 morte
1029 4293 1262 4386 Hcdvigis
1289 4295 1430 4386 reginae
1467 4293 1745 4384 semiperfectum

191 4416 376 4504 remansit,
402 4413 596 4504 fabricant,
623 4421 658 4486 et
685 4416 720 4486 in
747 4416 888 4487 titulum
915 4414 1138 4486 Visitationis
1174 4415 1304 4486 Beatae
1330 4414 1487 4518 Virginis
1523 4413 1658 4486 Mariae
1687 4415 1745 4485 de·

192 4533 319 4627 dicant,
347 4536 390 4607 ad
418 4557 544 4607 novum
572 4557 708 4628 quoque
735 4537 997 4626 monasterium,
1024 4535 1117 4626 quod
1145 4541 1182 4607 et
1207 4537 1375 4608 hactenus
1402 4536 1438 4606 id
1466 4555 1654 4626 cognomen
1684 4536 1774 4646 obp
1892 4537 1894 4542 ’

192 4655 289 4745 tinet,
318 4677 443 4728 novum
463 4657 617 4727 ordinem
637 4677 830 4747 novamque
849 4656 1063 4748 religionem,
1090 4673 1265 4748 nunqnam
1284 4639 1388 4730 antea
1410 4656 1446 4727 in
1465 4654 1610 4728 Polonic
1636 4656 1744 4727 visam

193 4782 253 4845 aut
278 4784 400 4868 satam,
428 4798 492 4868 pro
518 4777 650 4853 honore
678 4777 827 4848 nominis
862 4777 971 4850 divini
998 4785 1035 4848 et
1061 4777 1289 4868 amplitudine
1317 4777 1495 4867 religionis
1523 4777 1745 4864 christianae,

194 4899 359 4990 regnique
393 4895 559 4969 Poloniaa
596 4899 859 4970 conservatione
887 4905 922 4970 et
948 4899 1039 4969 bono
1068 4904 1180 4987 statu,
1216 4919 1307 4970 anno
1339 4897 1477 4968 Domini
1510 4899 1607 4968 1397
1630 4897 1744 5004 intro-

195 5016 331 5092 ducunt.
367 5017 432 5092 Cui
458 5019 592 5111 aliquos
618 5020 739 5091 hortos
768 5021 950 5110 contiguos
977 5027 1014 5091 et
1041 5019 1182 5108 vicinos
1211 5039 1273 5110 pro
1302 5018 1461 5110 ampliori
1488 5017 1636 5089 fratrum
1664 5016 1744 5086 sub·

195 5137 353 5213 sistentia
371 5147 407 5213 et
425 5139 599 5232 suffragio,
629 5139 810 5212 conferunt
832 5149 867 5212 et
886 5141 1017 5214 donant
1044 5141 1079 5210 in
1107 5140 1369 5230 proprietatem.
1395 5138 1608 5209 scitantem
1637 5136 1745 5208 cccle-

196 5259 246 5330 sia
271 5263 474 5334 monasterii
502 5260 649 5352 praelati
677 5263 828 5352 gloriosa
856 5283 877 5332 a
900 5260 1135 5332 fundamentis
1163 5261 1318 5350 incepta,
1346 5260 1380 5330 in
1409 5259 1514 5329 choro
1543 5257 1678 5348 quidem
1707 5261 1743 5326 et

198 5383 352 5455 sacristia
378 5384 413 5454 in
441 5389 516 5455 toto
545 5383 715 5473 completa
742 5391 778 5453 et
806 5382 974 5472 absoluta,
1002 5381 1036 5452 in
1065 5401 1212 5472 corpore
1239 5400 1321 5482 vero
1339 5378 1562 5450 fundamenta
1589 5382 1625 5447 et
1643 5377 1744 5447 initia

196 5498 324 5575 habeus
351 5505 502 5594 nobilia,
530 5525 613 5574 cura
630 5502 786 5576 dratrum
814 5504 1014 5574 monasterii
1043 5500 1212 5592 praelati,
1238 5501 1425 5590 largitione
1453 5505 1488 5570 et
1515 5497 1744 5586 eleemosynis

199 5614 344 5696 fidelium
371 5630 616 5696 consummata.

297 5744 548 5817 Wranrczrrn.
575 5745 777 5834 Intelligens
796 5742 921 5813 deinde
940 5739 1220 5813 Vladislaus
1238 5726 1477 5812 Secundus
1497 5737 1662 5808 Poloniae
1682 5757 1744 5808 rcx
1776 5851 1782 5858 .
