4492 6592
1662 775 1737 848 303

177 980 244 1052 ulio
272 979 344 1052 nisi
373 979 533 1072 praefato
558 981 771 1073 monasterio
799 961 955 1054 subiecti.
982 982 1069 1052 Item
1087 981 1225 1054 laneum
1251 1001 1356 1053 unum
1383 1001 1556 1071 agrorum,
1574 980 1741 1054 donatum

177 1102 397 1178 monasterio
424 1123 488 1192 per
513 1101 721 1192 oppidanum
749 1102 993 1174 Lublineusem
1022 1103 1206 1190 Tlusto,
1232 1103 1277 1174 ab
1305 1103 1464 1174 omuibus
1479 1103 1677 1174 ,ordinariis
1703 1109 1741 1173 et

177 1221 475 1306 extraordinariis
502 1223 661 1296 censibus
688 1223 894 1296 attributis
921 1223 1069 1294 liberum
1098 1223 1266 1313 obligans
1293 1228 1333 1294 ut
1359 1223 1506 1314 quilibet
1531 1223 1643 1296 linter
1659 1230 1740 1295 actn

177 1342 369 1434 presbyter
397 1345 598 1438 monasterii
624 1343 792 1434 praelati,
818 1349 893 1416 tres
919 1344 1050 1434 missas,
1080 1343 1319 1417 damnatorum
1345 1365 1410 1434 pro
1436 1344 1549 1416 salute
1574 1345 1678 1434 regis,
1705 1350 1742 1415 et

178 1469 272 1536 statu
309 1458 439 1554 regum
475 1465 636 1556 et·rogni
672 1464 855 1568 boloniae,
882 1465 1027 1555 siugulis
1054 1465 1258 1556 septimanis
1284 1465 1424 1554 explere
1450 1472 1488 1537 et
1513 1465 1648 1555 legare,
1675 1466 1740 1536 snb

179 1605 284 1656 unare
313 1585 552 1658 conscientiae
579 1586 626 1658 sit
653 1565 861 1659 adstrictus
879 1585 965 1658 mm
985 1586 1133 1658 liborum
1151 1586 1466 1676 usum-sectionem
1487 1593 1523 1656 et
1540 1585 1740 1658 fruitionem

180 1705 333 1778 omnium
375 1706 551 1798 sylvarum
589 1713 625 1778 et
659 1706 850 1798 lignorum,
887 1713 959 1780 tam
993 1727 1057 1797 pro
1093 1707 1278 1794 aedificiis,
1304 1691 1418 1806 'quam
1455 1729 1519 1797 pro
1545 1706 1649 1796 locis,
1677 1727 1772 1796 pro.

179 1825 339 1916 quolibet
377 1832 552 1918 tempore,
587 1828 631 1898 ad
668 1829 726 1900 ius.
757 1827 891 1919 regium
928 1833 964 1900 ct
995 1827 1039 1900 ad
1067 1832 1218 1898 castrum
1246 1827 1458 1900 Lublinense
1484 1827 1743 1918 quomodolibet

179 1941 446 2035 pertinentium.
473 1947 586 2020 Erant
613 1953 729 2020 autem
756 1949 848 2020 circa
874 1948 1071 2021 huiusmodi
1098 1947 1313 2024 dotationem
1339 1947 1432 2038 apud
1456 1948 1620 2039 oppidum
1638 1947 1741 2019 Grn-

182 2074 428 2160 szuystsvv
464 2069 589 2142 lactum
626 2076 848 2160 praesentes,
883 2075 917 2142 at
954 2069 1226 2159 adstipulatores
1261 2069 1440 2142 lohannes
1475 2069 1520 2142 de
1547 2068 1741 2141 Tarnovr

182 2186 437 2278 cracoviensis,
464 2189 629 2262 Nicolaus
657 2190 700 2264 de
727 2189 972 2262 Micbalov
999 2189 1291 2262 Sandomiriensis
1324 2189 1479 2280 palatini,
1510 2190 1742 2280 Dobrogo·

108 2361 109 2366 ,
184 2310 305 2382 atius
333 2311 381 2382 de
407 2310 731 2384 Sebamotbuli
759 2311 1030 2384 succameran‘us
1057 2309 1288 2401 (lulissiensia
1313 2311 1565 2383 Domaratb
1591 2310 1635 2382 da
1661 2310 1742 2381 Ko-

182 2432 234 2524 by
247 2431 362 2523 lany
399 2431 596 2521 Biecensis,
623 2430 801 2504 Jobannes
835 2432 1092 2522 Licbins‘lry
1129 2431 1341 2530 Szrerneuais
1376 2431 1566 2534 castellani.
1605 2430 1743 2504 Littera

184 2573 265 2624 varo
302 2550 522 2626 ltmdationis
557 2553 722 2626 transivit
743 2573 819 2650 per
855 2573 976 2624 manus
1011 2553 1035 2625 J
1044 2553 1244 2624 ohannis
1278 2552 1402 2626 decani
1436 2552 1676 2644 Crotoniensis
1706 2559 1743 2624 et

185 2673 282 2762 mgni
320 2673 491 2768 Boloniae
528 2675 808 2746 vicecancellarii.
845 2673 969 2772 Annis,
984 2679 1098 2746 autem
1127 2674 1285 2764 pluribus
1311 2675 1471 2765 quaesita
1495 2673 1571 2779 luit
1597 2693 1662 2765 per
1679 2693 1741 2745 no·

184 2795 308 2866 tabiles
346 2795 493 2871 nuncios
528 2802 565 2868 ot
600 2801 759 2868 orato-ras
785 2793 918 2886 regios,
945 2795 1104 2868 maximis
1131 2795 1345 2885 sumptibus,
1370 2793 1489 2886 fatigia
1512 2801 1552 2866 ut
1578 2794 1744 2885 impensis

186 2917 389 2989 muntani
425 2917 572 3007 praefati
607 2915 756 2990 Sanctae
792 2916 965 3008 Brigittae
1001 2916 1242 3004 Lublineusis,
1278 2917 1314 2988 in
1341 2915 1465 2988 Italiae
1495 2923 1533 2988 ot
1558 2915 1742 2987 Almaniae

187 3037 409 3128 regionibus,
436 3037 529 3129 apud
556 3058 707 3110 summos
734 3037 927 3128 pontifices,
955 3043 991 3108 et
1016 3036 1151 3110 ordinis
1177 3037 1325 3128 praelati
1351 3037 1551 3127 superiores
1575 3036 1743 3126 fundatio,

190 3162 223 3227 et
244 3157 395 3250 *aliquot
431 3159 583 3249 capitula
617 3158 1135 3249 Romae,'Florentiae,
1161 3158 1340 3232 donnae
1365 3157 1544 3248 generalia
1568 3158 1615 3230 ob
1640 3158 1695 3246 id,
1721 3177 1744 3228 a
1773 3233 1775 3239 ,

190 3279 363 3366 prioribus
400 3279 549 3367 ordinis,
577 3279 620 3352 ad
648 3300 737 3370 quae
764 3299 826 3352 rex
860 3297 942 3352 suos
969 3279 1132 3352 mittebat
1158 3286 1316 3351 oratores
1342 3276 1744 3369 gasta‚(lrnciie1isde

190 3395 329 3472 Prussia
356 3399 595 3474 fundationem
622 3401 732 3492 ipsam
760 3421 822 3491 por
849 3421 886 3472 se
914 3405 950 3474 et
975 3399 1168 3473 submissas
1185 3421 1353 3491 personas
1371 3401 1577 3472 conantibus
1594 3399 1744 3471 indicare.
1809 3375 1815 3388 ’

190 3519 285 3591 Pium
314 3527 433 3593 tamen
461 3528 497 3593 et
523 3521 721 3614 religiosum
738 3543 867 3612 regem
895 3521 990 3592 nulla
1017 3528 1158 3612 potarat
1184 3521 1379 3594 adversitas
1405 3542 1582 3612 superare,
1608 3521 1646 3593 in
1671 3527 1745 3593 tam

192 3639 388 3714 diuturnam
408 3663 545 3736 quoque
572 3641 896 3734 impedimentorum
924 3647 960 3722 et
987 3641 1230 3714 difficultatum
1250 3642 1671 3734 quae'iuterponebantur
1687 3663 1745 3713 ra-

193 3761 262 3834 bies
287 3770 453 3853 grassata
480 3769 545 3854 est,
572 3769 611 3838 nt
639 3769 797 3856 sumptus
824 3763 913 3856 regii
939 3763 976 3834 in
994 3764 1084 3836 hano
1101 3784 1176 3836 rem
1204 3763 1361 3854 impensi,
1379 3769 1605 3860 posteaquam
1623 3761 1745 3834 funda-

193 3881 294 3955 tionis
321 3885 498 3957 conclusio
521 3885 679 3956 ‘obteuta
706 3890 742 3956 et
768 3883 909 3958 decreta
936 3889 1008 3972 est,
1034 3883 1087 3970 ad,
1107 3883 1259 3974 quinque
1285 3883 1396 3954 millia
1421 3883 1631 3955 florenorum
1657 3883 1745 3954 bun-

193 4005 372 4091 garialinm
401 4004 630 4080 ascenderint.

197 4244 203 4253 “
292 4247 451 4337 Lusum,
479 4247 653 4338 oppidum,
680 4253 786 4339 caput
812 4251 849 4320 et
867 4247 992 4320 civitas
1010 4245 1214 4352 principalis
1231 4250 1348 4318 tarrae
1366 4244 1598 4336 Lublineusis,
1616 4245 1749 4318 babens

197 4366 373 4459 eeclesiam
398 4368 533 4440 unicam
560 4367 793 4458 parochialem
820 4368 856 4440 iu
883 4389 929 4459 se,
956 4368 1054 4440 cuius
1081 4368 1277 4458 proprietas
1303 4373 1339 4440 et
1364 4367 1552 4439 dominium
1580 4368 1625 4439 ad
1652 4388 1746 4440 sere-
1877 4463 1882 4472 Ι

197 4486 372 4562 dissimum
399 4489 563 4562 Poloniae
589 4509 707 4580 regem
735 4489 907 4580 partinet,
934 4489 978 4562 ad
1006 4509 1107 4580 qnam
1135 4495 1280 4579 propter
1305 4488 1372 4560 loci
1398 4487 1677 4562 commoditatem
1712 4493 1749 4560 et
1825 4529 1829 4536 ·

108 4649 110 4662 ·
200 4608 433 4701 aptitudinem,
460 4610 589 4682 multae
615 4611 825 4682 mercantias
853 4610 1028 4706 variarum
1056 4610 1296 4701 maneriarum,
1323 4631 1366 4682 ex
1394 4609 1523 4683 Russia
1548 4617 1585 4684 et
1603 4611 1749 4683 Litbva·

200 4728 504 4824 ammoniusque
531 4730 686 4804 finitimis
712 4732 798 4804 locis
825 4729 1036 4820 afferuntur,
1063 4731 1107 4804 ad
1134 4731 1274 4804 fluvium
1301 4731 1576 4804 Bistrzicza
1598 4732 1684 4822 sita,
1710 4734 1746 4804 in

201 4847 341 4926 dioecesi
368 4843 597 4928 Gracovieu'si.
623 4853 663 4924 ln
691 4853 757 4924 bac
783 4857 840 4924 est
866 4852 1067 4926 theloneum
1093 4853 1238 4943 regium,
1265 4853 1486 4944 quodannis
1513 4852 1662 4944 siugulis
1679 4873 1744 4943 pro
1778 4841 1784 4851 ’

203 4977 329 5046 cantum
354 4977 492 5062 marcis,
519 4974 704 5067 aliquando
732 4973 958 5065 amplioribus
984 4973 1185 5048 areudatur.
1221 4974 1275 5046 Ex
1303 4973 1502 5048 huiusmodi
1527 4975 1646 5064 itaque
1671 4973 1747 5044 tbe·

204 5086 296 5163 loneo
320 5093 598 5168 vladislaus
624 5094 790 5167 Poloniae
816 5114 878 5166 rex
894 5093 1082 5168 mundando
1109 5102 1147 5167 et
1164 5093 1317 5167 dotando
1336 5095 1583 5168 monasterium
1602 5093 1747 5166 Sanctae

206 5205 369 5301 Brigittaa
395 5215 431 5288 in
458 5215 637 5306 Lublin,
665 5214 813 5288 contulit
840 5219 876 5286 et
901 5215 1045 5290 donavit
1072 5215 1260 5286 donatione
1277 5221 1447 5306 perpetua
1464 5218 1503 5285 et
1517 5212 1748 5304 irrevocabili,

205 5338 405 5410 munasterio
440 5319 598 5428 praelato
626 5337 661 5408 in
689 5335 861 5408 Lublin
897 5335 1020 5426 viginti
1055 5355 1193 5406 marcas
1219 5336 1409 5406 communis
1435 5333 1620 5424 pecuniae,
1647 5333 1747 5405 annis

208 5449 350 5548 singulis,
378 5458 422 5530 ad
449 5457 623 5549 quaelibet
651 5463 799 5547 quatuor
826 5453 992 5547 tcmp'ora
1020 5475 1084 5546 per
1111 5455 1263 5546 quinque
1290 5474 1423 5526 marcas
1450 5475 1514 5545 per
1531 5454 1748 5528 theloneato·

208 5587 259 5642 ras
282 5582 317 5648 et
342 5599 575 5670 quoscumque
600 5577 752 5650 thelonei
779 5577 1001 5650 Lublineusis
1028 5576 1232 5664 tenutarios
1249 5580 1440 5665 exactores,
1467 5575 1694 5647 mandatores
1712 5582 1748 5646 et

210 5688 370 5790 officiales,
397 5699 526 5795 absque
554 5701 647 5778 omui
675 5699 864 5777 renitentia
890 5703 931 5774 et.
953 5695 1156 5772 difficultate
1183 5694 1437 5786 extrudendum
1462 5697 1587 5768 contra
1603 5697 1748 5787 quossi
1831 5677 1834 5683 ’
