4492 6592
1671 789 1743 858 283

206 989 392 1080 dequibus
420 987 522 1058 solvit
550 985 715 1058 decimam
745 985 991 1076 manipularem
1013 987 1048 1056 in
1064 982 1280 1080 portaturum,
1309 1008 1371 1076 pro
1400 1009 1504 1088 censu
1531 1010 1614 1060 vero
1642 993 1744 1063 solvit

205 1109 409 1183 monasterio
437 1107 522 1178 duas
548 1126 683 1176 marcas
710 1107 879 1202 ethabet
901 1107 1134 1194 molendinum
1161 1108 1196 1175 in
1224 1108 1485 1180 haereditatem.
1512 1111 1599 1182 Item
1627 1113 1745 1184 eadem

205 1232 281 1314 rilla
308 1228 456 1300 confluat
484 1247 558 1298 cum
579 1228 670 1300 villis
690 1227 968 1316 Wisznicze,
997 1225 1178 1317 Curow,
1204 1229 1331 1317 oppido
1358 1230 1589 1323 Bochnya,
1617 1232 1747 1305 Crze-

205 1371 326 1422 czow.
817 1345 830 1432 ,¹
1440 1345 1450 1366 ⁸

302 1469 577 1562 Baznszurc'zs,
605 1469 688 1542 villa
715 1470 846 1543 habeus
866 1469 901 1538 in
921 1488 957 1538 se
976 1468 1155 1540 eeclesiam
1175 1471 1407 1558 parochialem
1436 1474 1593 1563 ligneam,
1621 1475 1748 1547 Sancto

206 1591 304 1660 Petro
333 1590 502 1679 Apostolo
531 1591 689 1664 dicatam.
717 1591 756 1660 ln
785 1605 852 1680 qua
879 1595 960 1662 suut
987 1589 1135 1660 sedecim
1164 1591 1255 1662 lanei
1283 1593 1526 1682 auctionales,
1554 1597 1650 1666 cuius
1670 1618 1749 1686 pro·
1794 1653 1803 1662 ,
1892 1556 1896 1567 ¹

206 1711 330 1800 prietes
359 1717 396 1783 et
422 1711 609 1784 dominium
637 1711 680 1783 ad
708 1713 954 1782 monasterium
993 1711 1303 1782 sanctimonialium
1341 1713 1375 1782 in
1417 1713 1749 1808 Sthanyathhy

112 1855 124 1936 ,λ
206 1831 363 1919 pertinet,
391 1836 427 1900 et
454 1852 571 1902 omnes
598 1831 687 1902 lanei
716 1831 911 1901 summatim
940 1831 1077 1900 solvunt
1103 1851 1168 1918 pro
1186 1851 1300 1901 annuo
1328 1848 1431 1902 censu
1457 1841 1587 1923 septem
1615 1857 1749 1907 marcas

205 1950 347 2022 latorum
376 1973 576 2042 grossorum
605 1952 829 2042 Pragensium
857 1952 1077 2023 monasterio.
1118 1951 1206 2022 Item
1234 1952 1398 2023 universa
1424 1955 1507 2026 villa
1543 1958 1646 2027 solvit
1673 1978 1751 2028 ceu-
1801 2031 1806 2036 ,

112 2063 114 2076 ’
205 2077 273 2144 tum
302 2094 377 2162 ova,
406 2075 487 2144 item
516 2074 601 2144 duos
625 2074 813 2163 capreolae,
841 2073 922 2143 item
944 2073 1063 2162 viginti
1085 2093 1145 2143 son
1163 2072 1284 2162 gallos,
1311 2073 1397 2143 item
1418 2095 1493 2144 curn
1523 2077 1605 2147 villa
1632 2079 1753 2168 Lazy

205 2195 409 2266 coniunctim
437 2201 601 2266 tenentur
628 2195 727 2265 annis
755 2194 900 2284 singulis
928 2193 1011 2264 dare
1040 2215 1145 2264 unum
1174 2193 1329 2265 vitulum.
1374 2195 1461 2265 Item
1490 2218 1553 2285 pro
1583 2197 1752 2292 napudowe

207 2323 239 2386 et
264 2337 424 2409 oprowne
451 2323 589 2386 tenetur
630 2316 775 2405 quilibet
803 2316 936 2385 emetha
965 2335 1006 2385 ex
1034 2315 1135 2385 laneo
1160 2315 1293 2384 solvere
1321 2335 1425 2386 unum
1452 2338 1619 2405 grossum.
1666 2319 1753 2389 item

207 2457 269 2506 uon
297 2445 351 2508 est
380 2438 415 2508 in
443 2437 561 2529 eadem
591 2436 673 2510 villa
700 2437 838 2528 aliquod
866 2435 1044 2525 praedium
1072 2435 1280 2507 coenobiale.
1307 2436 1393 2507 Item
1423 2440 1622 2510 emethoues
1650 2440 1752 2510 villae

208 2556 380 2646 praelatae
409 2579 476 2629 non
505 2558 667 2630 laborant
693 2557 766 2640 dics
795 2558 829 2626 in
852 2540 1066 2646 septimana,
1094 2556 1218 2628 sedin
1246 2556 1388 2645 praedio
1417 2558 1519 2630 uillae
1546 2560 1666 2650 Lazy
1693 2562 1753 2630 ha-

209 2679 287 2750 bent
313 2679 482 2768 speciales
510 2686 546 2750 et
573 2667 770 2769 designatos
798 2697 954 2767 compca,
991 2698 1076 2768 quos
1112 2683 1278 2758 teneutm
1303 2677 1346 2746 de
1373 2681 1621 2751 consuetudine
1649 2682 1754 2758 etde

210 2801 294 2888 iure,
316 2821 405 2872 unos
418 2821 496 2890 -wpro
524 2801 663 2890 hyeme,
691 2799 819 2870 alteros
846 2819 909 2888 pro
938 2818 1036 2888 vere,
1078 2818 1189 2888 arare,
1217 2798 1384 2887 arpicare,
1411 2797 1568 2889 frugibus
1596 2803 1753 2872 coenobii

211 2923 396 3012 seminare,
433 2905 580 3010 metere,
617 2921 778 3011 colligere
806 2925 841 2990 et
867 2919 903 2990 in
931 2919 1005 2990 eius
1032 2919 1194 2990 horreum
1234 2921 1424 2994 conducere
1464 2924 1605 3012 proprio
1643 2943 1756 3010 curru,

210 3050 332 3132 aratro,
361 3049 399 3114 et
425 3043 552 3133 labore,
580 3049 617 3112 et
644 3042 718 3131 agri
747 3034 895 3130 praelati
922 3039 1142 3128 appellantur
1168 3038 1357 3137 luttrapuy.
1399 3045 1484 3114 item
1514 3044 1680 3128 ducturas
1707 3043 1758 3112 l-

119 3155 121 3160 ’
211 3165 301 3236 aiunt
328 3164 523 3254 ordinarie,
560 3182 791 3253 quaecumque
819 3161 1085 3234 elaboraverint.
1131 3161 1218 3232 Item
1247 3165 1395 3252 quilibet
1422 3161 1558 3236 cm‘etho
1588 3166 1629 3235 de
1657 3166 1757 3235 laneo

210 3293 344 3358 tenetur
373 3287 508 3357 solvere
537 3285 623 3356 duos
651 3305 750 3356 coros
779 3303 919 3384 avenae,
947 3297 1128 3354 mensurae
1156 3281 1395 3356 cracoviensis
1428 3285 1614 3375 confertae,
1642 3308 1761 3360 mona<

211 3409 312 3480 sterio
340 3409 442 3480 annis
470 3407 622 3496 singulis.
651 3406 737 3476 Item
766 3411 848 3476 sunt
875 3403 963 3476 duae
990 3404 1157 3476 tabernae
1185 3405 1353 3478 habentes
1382 3429 1494 3497 agros,
1524 3415 1560 3478 et
1587 3408 1762 3497 quaelibet

214 3529 311 3601 solvit
346 3551 411 3619 pro
439 3549 544 3600 censu
576 3549 691 3622 annuo
726 3526 936 3598 monasterio
973 3525 1007 3595 in
1036 3524 1397 3618 Sthanyantbky
1436 3529 1522 3600 duas
1558 3548 1692 3600 marcas
1726 3534 1763 3599 et

214 3673 311 3724 uuum
339 3650 491 3740 lapidem
519 3651 611 3740 sepi,
648 3655 684 3719 et
711 3649 740 3720 si
768 3669 837 3722 uua
864 3647 1010 3720 taberna
1037 3645 1252 3734 decertatur,
1280 3649 1392 3719 altera
1418 3652 1571 3720 taberna.
1593 3671 1681 3740 quae
1708 3670 1764 3719 re-

214 3781 333 3860 manet,
361 3779 503 3844 tenetur
530 3772 664 3842 solvere
700 3770 836 3858 integre
873 3773 1019 3858 quatuor
1048 3787 1181 3838 marcas
1209 3774 1243 3837 et.
1271 3769 1356 3838 duos
1384 3770 1518 3858 lapides
1546 3771 1629 3860 sepi.
1674 3771 1762 3840 ltem

118 3869 127 3892 ⁶
215 3893 378 3982 plebanus
415 3893 580 3962 ecclesiae
617 3890 793 3980 praelatae
834 3889 868 3960 in
907 3887 1229 3978 Brzeszuycza
1269 3889 1374 3958 hahet
1415 3890 1583 3979 speciales
1624 3894 1760 3961 veteres

216 4037 322 4105 agrae,
350 4015 480 4086 liberos
508 4035 528 4084 a
555 4035 668 4102 censu,
697 4011 869 4082 solutione
897 4015 932 4082 et
960 4030 980 4078 a
1008 4009 1150 4079 decima.
1178 4008 1265 4078 Item
1284 4029 1403 4078 omnes
1431 4011 1504 4098 agri
1534 4011 1763 4096 emethonum,

217 4138 475 4208 tabernatorum
512 4141 547 4204 et
583 4133 846 4204 hortulanorum
883 4129 1022 4201 solvunt
1058 4129 1223 4200 decimam
1261 4129 1509 4218 manipularem
1548 4151 1591 4200 ex
1627 4132 1763 4220 integro
1876 4143 1884 4156 ‘

218 4257 433 4346 praebendae
461 4255 692 4342 Cracoviensi‚
720 4261 756 4323 et
783 4253 857 4322 eius
884 4251 1057 4340 canonico,
1086 4270 1173 4339 quae
1201 4255 1345 4320 vocatur
1363 4251 1563 4340 Laconum,
1590 4258 1627 4322 et
1644 4257 1765 4322 teneu-

218 4384 271 4450 tur
297 4400 371 4450 eam
402 4379 552 4468 propriis
580 4376 737 4446 curribus
765 4374 890 4444 ducere
917 4373 952 4442 in
981 4373 1143 4442 horreum
1171 4391 1193 4440 a
1219 4371 1384 4443 canonico
1411 4372 1603 4461 locandum,
1633 4378 1669 4442 et
1697 4359 1765 4442 sol-

219 4507 299 4572 runt
326 4501 434 4571 etiarn
461 4499 627 4570 decimam
656 4496 776 4584 canapi
805 4481 877 4583 per*
895 4499 1044 4585 quatuor
1072 4494 1261 4581 iuncturas,
1288 4498 1324 4562 et
1351 4493 1449 4564 valor
1477 4493 1628 4564 decimae
1660 4494 1763 4564 aesti-

221 4629 329 4693 matur
358 4621 403 4691 ad
432 4621 547 4692 decern
575 4625 611 4689 et
639 4623 715 4686 octo
744 4635 888 4686 marcas.
914 4614 1003 4684 item
1022 4613 1057 4684 in
1076 4613 1195 4684 eadem
1223 4613 1305 4684 villa
1323 4619 1403 4684 sunt
1431 4613 1519 4685 duae
1538 4615 1766 4705 hortulaniae,

222 4743 386 4822 babentes
415 4762 527 4831 agros,
555 4747 591 4811 et
618 4737 793 4828 quaelihet
829 4735 935 4836 soluit
970 4755 1033 4825 pro
1061 4755 1176 4806 annuo
1213 4755 1317 4805 censu
1344 4756 1449 4806 unum
1480 4735 1647 4815 fertonem
1677 4757 1769 4813 com·

223 4866 328 4934 munis
358 4864 534 4953 pecuniae,
562 4866 597 4929 et
623 4859 759 4930 laborat
785 4878 890 4926 unum
919 4856 1008 4930 diem
1036 4856 1070 4926 in
1099 4837 1294 4944 septimana
1319 4856 1491 4945 pedester.
1519 4857 1604 4926 item
1633 4858 1667 4925 in
1696 4856 1768 4925 die-

223 4985 282 5056 bus
309 4985 506 5056 novissimis
534 4980 630 5052 dedit
658 4978 860 5048 coenobium
889 4977 931 5046 de
959 4976 1287 5066 Sthanyantky
1328 4976 1414 5046 duos
1443 4976 1495 5046 vel
1524 4977 1612 5046 citra
1639 4976 1765 5062 laneos,

112 5121 113 5132 ¹
225 5105 269 5178 ex'
287 5107 397 5192 laneis
425 5103 707 5187 amethonalihus,
734 5098 899 5170 ecclesiae
926 5097 1117 5186 parochiali
1135 5102 1172 5166 et
1190 5098 1264 5166 eins
1283 5095 1431 5184 plebano
1458 5097 1492 5164 iu
1522 5097 1769 5186 Brzeszuy-

226 5248 315 5316 cza;
342 5227 388 5298 de
415 5226 483 5296 illis
510 5231 624 5295 tamen
653 5221 758 5292 solvit
784 5225 820 5290 et
847 5217 981 5290 solvere
1018 5223 1158 5287 tenetur
1198 5217 1364 5286 decimam
1392 5216 1640 5304 manipularem
1668 5238 1768 5304 prae-

226 5347 353 5420 bendae
382 5345 611 5432 Oracoviensi,
640 5342 752 5412 dictae
779 5339 978 5410 Lazowska.
1006 5338 1091 5408 Item
1112 5339 1166 5409 ius
1185 5343 1390 5426 patronatus
1407 5336 1574 5405 eeclesiae
1593 5337 1778 5425 praelatae,
1833 5417 1837 5420 .

226 5469 259 5537 iu
292 5469 615 5557 Brzeszuycza
651 5464 804 5553 pertinet
839 5462 974 5548 integre
1009 5460 1053 5529 ad
1090 5457 1303 5528 abbatissam
1343 5462 1379 5526 et
1416 5457 1694 5527 sanctimoniales
1735 5460 1771 5527 in

229 5587 593 5681 Sthanyanthky.
639 5584 727 5654 item
763 5577 845 5654 'villa
882 5578 1038 5669 praelata
1073 5577 1225 5648 confinat
1261 5597 1338 5646 cum
1366 5575 1457 5647 villis
1486 5575 1770 5670 Wiszuiczc,

229 5708 400 5800 Ourow,
428 5707 669 5794 Poramba,
698 5701 940 5784 Crzeezow
967 5705 1003 5770 et
1030 5719 1106 5770 cum
1134 5697 1260 5787 oppido
1287 5693 1511 5788 Bochuya.
