4492 6592
1693 784 1766 856 297

193 973 300 1044 euius
331 977 436 1048 valor
462 976 506 1048 ad
532 978 657 1067 viginti
683 999 826 1069 marcas,
854 987 993 1070 praeter
1010 1001 1139 1071 paucos
1156 1003 1267 1072 agros,
1296 985 1355 1073 qui
1373 991 1542 1058 vocantur
1561 1009 1771 1102 preproper-

195 1089 262 1189 ly,
304 1098 373 1190 qui
401 1109 443 1168 ιι(
471 1098 689 1169 haereditate
725 1099 828 1172 villae
854 1099 1188 1190 Klymunthow
1224 1102 1298 1172 dati
1324 1106 1467 1175 suntin
1493 1092 1798 1196 supplementum·
1889 1059 1921 1182 ,Φ

195 1215 455 1290 cmetlronibus
482 1219 585 1290 villae
612 1217 810 1309 Ostrow,
846 1220 889 1292 de
917 1221 1042 1311 quibus
1070 1222 1163 1293 cedit
1189 1223 1322 1294 decima
1347 1225 1574 1314 manipularis
1601 1230 1769 1317 praeben-

193 1335 265 1406 dae
295 1336 547 1427 Oracoviensi,
583 1360 671 1430 quae
699 1346 843 1412 uocatur
870 1341 1140 1413 Lantbkowska
1185 1342 1271 1412 Item
1299 1344 1335 1414 in
1363 1345 1484 1416 eadem
1512 1347 1597 1417 villa
1623 1350 1770 1420 taberna

150 1492 159 1506 ·
194 1477 270 1528 nna
300 1457 441 1531 babens
469 1481 591 1550 agros,
628 1468 663 1531 et
690 1461 795 1533 ιοΙιιι
820 1482 883 1551 pro
911 1481 1016 1532 censu
1051 1468 1126 1533 tres
1152 1483 1303 1552 marcas,
1340 1471 1377 1536 et
1403 1465 1570 1540 decimam
1597 1469 1702 1540 solvit
1728 1471 1766 1540 in

191 1575 427 1672 ponibbwom.
455 1580 580 1651 Item
571 1603 606 1652 1n
634 1581 753 1652 eadem
783 1582 866 1652 villa
892 1583 1113 1655 hortulaniae
1141 1583 1229 1654 duae
1256 1585 1425 1656 babentes
1453 1587 1566 1676 agros,
1593 1589 1769 1678 quaelibet

196 1698 311 1770 solvit
342 1721 449 1771 unum
476 1701 646 1773 fertonem
676 1710 712 1774 et
740 1724 845 1774 unum
873 1703 964 1774 diem
991 1703 1130 1774 laborat
1157 1705 1274 1793 pedes.
1300 1705 1389 1779 Item
1416 1707 1583 1779 decimam
1611 1711 1769 1808 manipu-

195 1819 315 1890 larem
348 1819 524 1893 solvunt
515 1843 548 1892 m
574 1820 789 1917 qonitdworu.
817 1823 905 1894 Item
933 1824 1166 1895 molendinum
1194 1846 1263 1896 non
1282 1833 1338 1898 est
1364 1827 1423 1897 ibi.
1450 1827 1537 1898 Item
1563 1829 1648 1900 villa
1665 1851 1768 1919 prae·
1848 1807 1853 1812 ’

198 1939 278 2010 lata
319 1941 481 2012 confluat
521 1963 597 2014 cum
638 1943 730 2014 viIIIs
770 1942 1130 2034 Olimyunthow,
1174 1933 1505 2035 Suiradchze,
1545 1947 1766 2040 Kamyen-

198 2081 387 2150 cffzycze

313 2181 587 2272 Tuonrsszow,
623 2183 707 2254 villa
734 2183 798 2256 snb
825 2185 991 2274 parocbia
1018 2185 1183 2256 ecclesiae
1209 2185 1254 2256 de
1279 2185 1523 2276 Igolomya
1549 2143 1636 2276 sita,
1671 2189 1768 2260 cuius

200 2304 413 2393 proprietas
438 2310 475 2374 et
502 2303 690 2376 domiuium
723 2305 766 2376 ad
803 2306 1051 2377 monasterium
1080 2306 1430 2377 sanctimonialium
1421 2327 1457 2377 ιι
1485 2306 1768 2399 Stbanyatb-
1789 2325 1793 2333 ’

106 2489 107 2492 ,
198 2423 258 2515 lry
287 2423 457 2513 pertinet.
502 2425 541 2495 ln
571 2433 650 2515 qua'
666 2431 746 2496 sunt
773 2424 1033 2516 quatuordecim
1060 2426 1162 2510 lanei,
1189 2432 1225 2497 et
1251 2427 1397 2516 quilibet
1422 2427 1543 2498 laneus
1571 2429 1677 2500 soluit
1702 2449 1768 2518 pro

198 2565 321 2617 annuo
352 2565 456 2617 censu
484 2547 668 2636 coenobio,
708 2567 811 2639 unam
843 2567 992 2617 marcam
1025 2567 1101 2618 cum
1130 2556 1281 2638 quatuor
1305 2549 1455 2637 grossis,
1490 2553 1649 2620 monetae
1676 2570 1768 2620 com·
1854 2601 1859 2610 .
1950 2589 1956 2596 ·

200 2667 334 2755 munis,
363 2667 444 2737 item
473 2667 596 2757 viginti
624 2688 699 2758 ιιι,
726 2669 809 2738 item
829 2666 916 2738 duos
935 2681 1092 2757 capones,
1121 2667 1208 2739 duos
1235 2687 1366 2756 caseos3
1393 2669 1476 2740 item
1503 2667 1677 2763 myodowe
1703 2691 1766 2759 per

202 2785 364 2858 medium
391 2809 559 2877 grossum,
586 2786 671 2859 item
699 2809 859 2882 ιριιιιιιι
885 2807 948 2878 per
975 2788 1123 2859 medium
1152 2808 1322 2877 grossum,
1348 2790 1432 2860 item
1460 2787 1546 2860 duos
1564 2809 1665 2860 coros
1684 2809 1766 2860 ave-

202 2927 270 2979 nae
300 2929 487 2980 mensurae
515 2909 700 2980 oonlertae.
725 2910 813 2979 Item
842 2915 1004 2980 tenentur
1031 2909 1118 2980 duos
1136 2909 1211 2980 dies
1226 2910 1264 2991 iu
1284 2911 1477 2999 septimana
1503 2911 1645 2999 proprio
1663 2930 1768 3015 curru

203 3036 267 3101 aut
296 3023 419 3101 aratro
447 3030 617 3102 laborare.
645 3031 732 3102 Item
751 3031 786 3100 iu
806 3031 926 3101 eadem
944 3029 1027 3100 villa
1045 3035 1127 3102 sunt
1152 3030 1241 3101 duae
1269 3031 1436 3101 tabernae
1463 3030 1631 3101 habentes
1653 3051 1766 3120 agros,

168 3131 171 3136 ¹
204 3157 240 3220 ιι
269 3149 452 3241 quaelibet
478 3171 543 3241 pro
561 3171 675 3222 annuo
703 3171 808 3222 censu
832 3151 937 3222 solvit
950 3151 1167 3222 monasterio
1193 3151 1229 3220 in
1257 3149 1588 3241 Stbanyathky
1616 3157 1767 3239 quatuor

204 3291 346 3343 mareas
373 3278 410 3343 et
436 3293 542 3344 unum
569 3272 717 3362 lapidem
747 3273 829 3362 sepi.
856 3272 944 3342 Item
964 3273 1000 3342 iu
1018 3272 1138 3343 eadem
1166 3271 1251 3342 villa
1277 3277 1358 3342 sunt
1384 3275 1516 3360 septem
1543 3271 1763 3344 bortulanIae

205 3392 380 3464 babentes
407 3414 529 3483 agros,
557 3398 594 3463 et
620 3393 795 3484 quaelibet
830 3413 893 3482 pro
921 3394 1134 3464 monasterio
1170 3391 1275 3463 solvit
1305 3397 1384 3462 octo
1409 3411 1569 3482 grossos,
1596 3397 1633 3462 et
1658 3412 1764 3462 unum

207 3513 299 3584 diem
331 3514 493 3604 pedester
519 3515 556 3585 in
584 3515 777 3604 septimana
812 3513 973 3586 laborare
1008 3518 1157 3584 tenetur.
1200 3507 1288 3583 Item
1315 3518 1480 3584 tenentur
1514 3512 1559 3598 ad
1586 3518 1768 3602 utramque

193 3632 401 3726 'parcebam
429 3635 591 3706 videlicet
617 3635 827 3726 hyemalium
854 3639 891 3705 et
916 3634 1136 3708 aestivalium
1162 3633 1428 3720 frumentorum,
1455 3639 1527 3702 tam
1555 3633 1766 3720 cmetbones,

207 3773 312 3843 quam
341 3755 517 3828 hortulani
544 3763 581 3827 et
606 3756 856 3828 tabernatores.
883 3755 971 3826 Item
998 3756 1033 3826 in
1061 3753 1181 3825 eadem
1201 3753 1284 3823 villa
1309 3759 1364 3824 est
1382 3752 1583 3842 praedium
1597 3752 1764 3839 optImum

208 3876 421 3965 coenobiale,
449 3877 581 3948 habens
608 3897 711 3967 agros
738 3878 773 3947 in
801 3883 951 3967 quatuor
978 3895 1116 3965 campos
1143 3873 1328 3944 distinctos
1355 3893 1435 3943 cum
1452 3872 1563 3962 prstIs
1591 3869 1766 3941 sufficien-
1846 3940 1850 3946 .

208 3997 313 4084 tibus,
342 3997 385 4068 de
413 3998 537 4088 quibus
564 3998 842 4092 sanctimonlales
869 3997 1035 4068 decimam
1055 3994 1304 4085 manipularem
1323 3991 1411 4064 nulli
1437 3992 1582 4079 solvunt,
1611 3991 1765 4061 sedeam

208 4137 272 4206 pro
301 4139 341 4190 ιι
367 4111 507 4208 ιιιιιιιι,
530 4125 569 4203 ιι
595 4120 631 4190 ιι
658 4119 821 4203 horreum
841 4137 941 4190 sunm
965 4116 1144 4188 inducunt.
1171 4116 1259 4186 Item
1277 4114 1478 4184 emetbones
1495 4130 1626 4198 omnes,
1650 4111 1794 4208 taber-D

210 4243 354 4311 natores
380 4245 417 4310 ιι
443 4239 620 4312 hortulani
647 4239 690 4310 de
717 4241 811 4330 agris
838 4239 979 4312 solvunt
1006 4227 1173 4309 decimam
1201 4233 1464 4323 manipularem,
1490 4231 1701 4304 monasterio
1729 4235 1765 4301 et

210 4361 533 4434 sanctimonialibus
561 4361 604 4432 de
631 4361 978 4451 Stbanyatbky,
1006 4364 1042 4430 at
1068 4357 1173 4429 etiarn
1192 4357 1359 4428 decimam
1377 4352 1575 4442 canapalem
1598 4371 1662 4443 per
1680 4371 1765 4441 qua-

209 4485 290 4553 tuor
318 4481 477 4572 ierugas,
504 4489 540 4552 et
566 4487 730 4553 tenentur
756 4481 850 4552 illam
878 4481 1076 4552 cmethones
1103 4478 1254 4569 propriis
1281 4475 1440 4557 curribus
1468 4473 1593 4544 ducere
1620 4473 1657 4542 in
1684 4473 1765 4543 bor·

213 4602 309 4672 reum
338 4624 360 4673 a
386 4603 705 4676 sanctimonialibus
732 4602 924 4691 locandum,
952 4608 989 4673 et
1007 4600 1114 4672 ¹valor
1140 4599 1217 4669 eius
1242 4597 1449 4667 aestimatur
1466 4593 1511 4664 ad
1529 4593 1654 4684 viginti
1671 4611 1762 4664 mar-

212 4741 277 4794 cas.
323 4723 409 4814 Item
438 4729 519 4794 suut
545 4723 634 4794 dnae
671 4723 824 4812 piscinae
860 4720 1086 4793 coenobiales.
1131 4718 1221 4788 Item
1246 4733 1355 4806 prope
1382 4712 1562 4784 VIslam
1588 4711 1694 4801 laone,
1721 4712 1764 4782 de

212 4863 277 4930 quo
305 4855 454 4932 censum,
482 4843 643 4914 videlicet
667 4849 742 4914 tres
769 4863 921 4930 marcas,
962 4841 1055 4912 tollit
1081 4837 1332 4911 monasterinm
1360 4833 1762 4923 de-Stbanyathlry

212 4981 279 5032 uno
308 4972 471 5053 anno‚·et
497 4964 607 5034 altero
637 4985 727 5034 anno
754 4962 1002 5034 monasterium
1029 4961 1073 5032 de
1099 4958 1139 5028 M
1148 4957 1343 5048 yechow.
1369 4955 1458 5025 Item
1485 4954 1562 5042 ripa
1589 4949 1764 5038 Vislae,

217 5081 258 5153 de
284 5105 354 5175 qua
381 5085 563 5158 solvuntur
590 5093 668 5156 octo
696 5085 810 5156 scotti.
838 5081 924 5154 Item
953 5079 1109 5172 praelata
1127 5079 1212 5149 villa
1237 5075 1389 5148 confinat
1415 5095 1491 5144 cum
1519 5069 1611 5142 vilIIs
1638 5070 1766 5161 Ocyr-

215 5206 447 5295 nyechou,
474 5204 800 5296 Pobyednilry,
828 5204 1077 5293 Igolomya.

314 5325 402 5397 Item
430 5326 619 5398 notandum
647 5311 683 5395 ιι
709 5323 883 5396 sciendum
911 5327 973 5407 est,
1002 5319 1093 5410 quod
1121 5319 1204 5388 lIcet
1221 5315 1379 5388 Clemens
1406 5315 1450 5386 de
1476 5259 1682 5384 sursera
1708 5329 1765 5382 oo·

177 5531 181 5542 ¹
216 5463 293 5535 mes,
320 5447 356 5517 in
382 5445 585 5518 fundatione
611 5452 649 5516 ιι
674 5444 853 5515 dotatione
880 5440 1082 5512 monasterii
1110 5439 1146 5508 ln
1175 5434 1524 5524 Stbanyatbky,
1551 5430 1664 5504 eidem
1691 5451 1773 5504 mo-

217 5567 365 5639 nasterio
392 5575 471 5638 octo
498 5565 598 5638 villas
633 5565 819 5637 donatione
855 5567 1040 5652 perpetua,
1081 5557 1246 5632 videlicet
1284 5557 1315 5627 L
1324 5575 1502 5646 ypowa,
1543 5551 1766 5665 babinae,

314 5853 363 5896 aa.
375 5853 472 5897 nmue.
479 5853 521 5897 111.
1429 5873 1440 5885 ·
1564 5819 1603 5868 3⁸
