4492 6592
506 677 586 802 arc
699 709 700 714 '

501 957 590 1026 quae
628 933 731 1016 solvit
766 951 830 1019 pro
858 949 965 998 censu
1000 926 1150 1000 mediam
1186 945 1347 997 marcam.
1386 924 1475 996 Item
1502 923 1724 995 hortulauiae
1750 943 1825 992 non
1855 924 1960 1008 suut,
1985 919 2056 991 item
2085 984 2096 1010 ,

411 1107 414 1119 ,
501 1053 683 1145 praedium
709 1072 778 1122 non
806 1055 869 1120 est.
911 1045 998 1118 item
1025 1053 1164 1138 serunt,
1192 1050 1340 1134 metunt,
1367 1049 1403 1115 et
1427 1043 1626 1116 conducunt
1650 1042 1831 1114 frumenta
1860 1042 1900 1110 in
1928 1039 2057 1129 praedio

501 1173 675 1261 coenobii,
711 1191 775 1260 pro
813 1188 894 1239 vere
930 1173 967 1238 et
1003 1167 1136 1258 hyeme.
1176 1165 1262 1236 Item
1300 1165 1367 1237 duo
1394 1164 1593 1236 molendlna
1627 1163 1837 1256 monasterii
1866 1162 1907 1231 in
1934 1160 2058 1231 flumine
2132 1221 2133 1239 ,

502 1295 698 1380 Szanna,
725 1289 890 1362 habentia
908 1308 1027 1376 agros,
1054 1306 1202 1375 quorum
1224 1306 1331 1356 unum
1349 1285 1542 1356 consistens
1570 1284 1721 1372 invilla,
1748 1282 1861 1354 solvit
1880 1301 1949 1370 pro
1966 1301 2060 1353 censu

501 1422 574 1485 tres
601 1432 749 1500 marcas,
776 1408 870 1480 aliud
897 1407 1002 1492 soluit
1029 1426 1131 1476 unam
1158 1425 1376 1494 sexagenam.
1415 1405 1501 1476 item
1529 1405 1750 1502 omues'agri
1778 1402 2060 1473 emethonumei

502 1535 724 1606 tabernamm
760 1529 941 1611 solvebant
967 1526 1135 1598 decimam
1162 1524 1431 1615 manipularem,
1461 1532 1498 1595 et
1524 1547 1587 1614 per
1613 1531 1764 1614 quatuor
1790 1525 1944 1611 ierugas
1971 1541 2061 1591 cam·

505 1653 636 1744 palem,
663 1650 892 1722 scholastriae
919 1645 1191 1745 Sandomirieusi
1218 1645 1319 1716 annis
1345 1644 1485 1732 multis;
1510 1645 1571 1715 sed
1599 1645 1745 1716 ecclesia
1770 1644 1804 1715 S.
1833 1641 2006 1713 Mauricii
2028 1662 2062 1713 er

504 1769 803 1845 ZawIchostb
832 1769 867 1840 in
895 1767 1057 1848 Borow
1084 1765 1272 1854 translata,
1300 1764 1485 1835 Luthko
1511 1762 1556 1835 de
1584 1763 1766 1855 Tokary
1792 1762 1973 1848 scoltetus
1989 1760 2064 1832 Sm-

506 1891 744 1980 dumiricusis,
780 1889 922 1975 donavit
958 1908 1031 1958 eam
1068 1886 1255 1958 donatione
1271 1911 1276 1919 ·
1292 1891 1461 1976 perpetua
1497 1884 1661 1956 eeclesiae
1693 1885 1729 1954 in
1755 1884 1946 1971 Borow,
1972 1904 2062 1972 qnam

508 2011 727 2098 donationem
764 2009 786 2081 J
797 2007 995 2080 ohannis
1031 2006 1295 2078 Luthirouis
1334 2005 1518 2095 episcopus
1548 2002 1790 2076 Crotoniensis
1820 2003 1871 2074 de
1903 2023 2064 2074 consensu

505 2131 648 2223 capituli
685 2151 774 2202 anno
815 2131 911 2201 1465
940 2127 1175 2216 confirmarit,
1211 2127 1308 2198 euius
1339 2126 1493 2198 decimae
1530 2124 1627 2196 valor
1663 2124 1876 2196 cestianatur
1915 2124 1962 2193 ad
1993 2131 2060 2193 octo

509 2272 664 2338 mareas3
691 2251 726 2320 in
745 2249 928 2340 aliqualem
955 2253 1070 2320 tamen
1097 2267 1358 2336 recompensam
1384 2245 1531 2316 eeclesia
1557 2246 1593 2316 iu
1611 2245 1731 2316 Boro
1742 2265 1803 2315 wa
1831 2242 1939 2315 dedit
1965 2243 2062 2315 scola-

358 2369 392 2410 ”
511 2371 619 2444 striae
647 2371 822 2442 decimam.
863 2370 950 2442 item
978 2367 1122 2440 eeclesia
1149 2367 1257 2440 babet
1282 2365 1508 2444 ibimedium
1536 2366 1674 2437 laneum
1700 2364 1870 2454 liberum,
1908 2363 2063 2434 donatum

506 2514 570 2584 per
588 2491 876 2564 sanctimoniales.
916 2489 1076 2562 mamas
1094 2509 1172 2562 cum
1190 2477 1282 2559 ¹villis
1300 2487 1672 2576 Sdzechowicze,
1689 2485 1908 2577 Senecio,
1934 2483 2063 2556 Ocho·

508 2610 606 2703 dra,
632 2611 821 2684 Ostrow.

611 2732 890 2806 Posrnuzurezn
908 2730 996 2802 alias
1014 2728 1067 2801 Ps
1078 2735 1260 2820 traugy,
1287 2728 1371 2801 villa
1389 2729 1453 2800 sub
1472 2727 1638 2818 parochia
1655 2726 1822 2799 ecclesiae
1841 2726 1890 2797 de
1912 2725 2062 2795 Borou

511 2855 610 2924 iuxta
628 2852 755 2942 lacum,
781 2851 817 2922 in
837 2871 938 2941 quem
956 2849 1080 2922 fluvius
1107 2848 1288 2920 Szauua
1313 2853 1540 2937 exoneratur,
1567 2847 1646 2936 sita,
1663 2854 1699 2918 et
1716 2867 1780 2938 per
1797 2845 2061 2918 Boleslaum

511 2973 731 3044 Pudicam
759 2971 858 3062 regni
885 2969 1051 3042 Poloniae
1079 2969 1200 3041 ducem
1227 2975 1264 3040 et
1280 2969 1502 3040 monarcham
1520 2968 1731 3040 monasterio
1750 2965 2060 3040 sanctimonialium
2089 3018 2091 3023 .

511 3093 627 3166 Sancti
655 3091 819 3164 Andreae
846 3091 985 3163 donata.
1024 3090 1153 3180 inqua
1180 3097 1262 3162 sunt
1279 3074 1352 3161 tres
1379 3089 1470 3182 lanei
1497 3088 1745 3178 matitunales,
1772 3094 1808 3159 et
1828 3087 1984 3178 quilibet
2000 3085 2058 3156 sol-

511 3214 563 3284 vit
589 3233 653 3301 pro
681 3232 786 3283 censu
821 3232 935 3282 annuo
971 3231 1077 3282 unum
1107 3210 1294 3301 fertonem,
1330 3210 1477 3302 triginta
1511 3231 1595 3300 ora,
1628 3209 1717 3282 duos
1750 3209 1885 3299 gallos,
1924 3213 2059 3298 quamor

513 3354 613 3404 coros
640 3352 789 3421 avenae,
816 3335 888 3404 tres
916 3329 1073 3421 siliginis.
1113 3330 1200 3402 Item
1226 3353 1296 3403 non
1314 3338 1396 3403 sunt
1423 3331 1474 3402 ibi
1491 3332 1671 3420 tabernae,
1699 3350 1810 3420 neque
1837 3328 2060 3402 hortulcmac

511 3453 599 3524 Item
627 3453 826 3525 emethenes
853 3472 916 3543 pro
943 3472 1025 3524 rere
1052 3457 1089 3524 et
1105 3451 1229 3542 hyeme
1255 3459 1384 3542 serunt,
1411 3458 1527 3542 arant,
1554 3457 1690 3523 metunt
1717 3457 1754 3524 et
1771 3450 1974 3522 conducunt
1997 3447 2058 3518 iru-

511 3581 629 3646 menta
663 3573 699 3644 in
735 3571 877 3664 praedio
914 3572 1080 3646 coenobii.
1124 3572 1212 3644 Item
1243 3594 1313 3644 uon
1345 3579 1400 3646 est
1426 3573 1475 3645 ibi
1511 3572 1701 3663 praedium.
1742 3572 1829 3644 Item
1867 3570 2056 3644 emethones

512 3716 631 3766 omnes
659 3693 702 3766 de
729 3694 801 3766 suis
829 3694 923 3785 agris
950 3693 1089 3766 solvunt
1115 3693 1283 3765 decimam
1314 3693 1584 3784 manipularem,
1609 3699 1647 3764 et
1663 3714 1726 3784 per
1753 3697 1908 3784 quatuor
1934 3691 2057 3778 iemgas

443 3835 446 3844 ·
513 3815 733 3906 canapalem,
760 3814 987 3886 scholastriae
1014 3813 1304 3903 sandomin‘msi,
1339 3821 1377 3886 et
1402 3813 1532 3905 ducunt
1562 3835 1639 3885 eam
1666 3814 1818 3905 propriis
1845 3813 2004 3884 curribus
2026 3809 2055 3877 in

514 3935 676 4007 horreum
704 3957 726 4006 a
753 3935 959 4008 scholastico
985 3934 1189 4025 locandum,
1223 3941 1261 4007 et
1287 3935 1386 4007 valor
1412 3935 1488 4008 eius
1514 3935 1720 4008 aestimatur
1745 3935 1790 4006 ad
1816 3941 1892 4007 tres
1927 3949 2055 4004 marcas·

512 4055 672 4128 eonmat
699 4075 775 4127 oum
802 4055 894 4128 villis
921 4053 1203 4146 Popowicze‚
1231 4055 1407 4144 Boron,
1434 4055 1697 4145 Komorzin,
1725 4054 1951 4126 Ochodza
2135 4052 2137 4208 l

617 4175 791 4265 Ossaea,
819 4175 902 4248 villa
920 4177 984 4248 sub
995 4176 1169 4266 parocbia
1186 4176 1415 4248 ecclesiaede
1433 4175 1593 4248 Borow
1611 4177 1693 4266 sita,
1720 4196 1784 4266 per
1802 4173 2053 4247 Boleslaum

515 4295 734 4367 Pudicum
771 4296 981 4368 monasterio
1009 4297 1127 4368 Sancti
1153 4295 1316 4368 Andreae
1343 4296 1492 4388 donata,
1519 4297 1565 4368 ad
1592 4298 1690 4368 cuius
1716 4297 1966 4386 proprietatem
1989 4310 2053 4383 per·

518 4417 616 4487 tinet.
643 4416 772 4506 inqua
801 4423 882 4488 sunt
909 4437 1031 4488 novem
1059 4416 1151 4488 lanei
1177 4415 1430 4507 emethenales‚
1457 4423 1493 4489 et
1511 4417 1659 4508 quilibet
1685 4416 1729 4490 de
1746 4417 1847 4489 laneo
1874 4416 1979 4489 solvit
2000 4431 2052 4502 pro

516 4557 621 4607 ceusu
649 4555 764 4608 annuo
791 4558 894 4608 unum
922 4537 1107 4627 fertonem,
1135 4533 1281 4629 triginta
1308 4559 1387 4629 ova,
1414 4539 1501 4610 duos
1527 4538 1656 4629 gallos,
1683 4532 1766 4611 item
1793 4545 1945 4629 quatuor
1968 4551 2050 4612 coros
2127 4579 2136 4639 l

389 4741 392 4746 Ι
515 4677 659 4746 avenae,
695 4664 768 4728 tres
795 4657 954 4748 siliginis.
995 4659 1081 4730 item
1108 4665 1163 4731 est
1189 4659 1238 4730 ibi
1265 4681 1335 4731 uua
1359 4643 1508 4732 taberna
1533 4659 1666 4732 habens
1692 4680 1816 4750 agros,
1852 4681 1942 4750 quae
1966 4651 2052 4728 soluit
2134 4642 2137 4728 l

515 4797 579 4867 pro
607 4797 712 4882 censu
740 4831 880 4846 ......
917 4778 1004 4850 Item
1040 4779 1260 4852 hortulaniae
1286 4802 1355 4852 non
1382 4786 1472 4852 sunt
1499 4780 1587 4852 Item
1615 4779 1848 4852 molendinum
1875 4799 1978 4850 unum
2000 4773 2049 4843 ha·
2134 4797 2135 4808 ¹

517 4900 604 4971 bens
631 4919 752 4990 agros,
789 4898 880 4990 quod
908 4899 1012 4971 solvit
1048 4919 1112 4990 pro
1140 4921 1246 4973 censu
1272 4906 1438 4974 metretas
1469 4901 1556 4974 duas
1583 4901 1735 4974 omnium
1762 4901 2048 4984 emolimentomna
2134 4878 2137 4932 ,¹

514 5040 579 5110 pro
597 5019 807 5092 monasterio
825 5017 972 5091 fratrum
990 5021 1162 5092 minorum
1183 5021 1221 5092 in
1247 5022 1562 5112 Zauichosth,
1589 5021 1634 5094 ad
1652 5041 1800 5112 quorum
1817 5022 2046 5112 proprietatem

515 5161 584 5212 une
611 5163 686 5214 cum
715 5123 847 5232 piscina
873 5141 1033 5231 pertinet
1074 5141 1162 5213 Item
1194 5141 1388 5234 praedium.
1401 5164 1470 5214 uon
1496 5149 1560 5215 est.
1600 5143 1688 5214 Item
1719 5161 1838 5214 omnes
1865 5142 1942 5232 agri
1966 5134 2046 5209 uillae

516 5263 657 5334 solvunt
683 5261 851 5333 decImam
870 5261 1138 5353 manipularem,
1165 5270 1201 5336 et
1218 5284 1282 5355 per
1300 5269 1450 5354 qumuor
1468 5263 1607 5354 ierogas
1624 5245 1825 5354 canapalem
1843 5255 2046 5369 scholastriae
2133 5232 2136 5313 d

516 5381 801 5473 Sandomiriensi,
829 5388 865 5454 et
883 5383 1014 5456 ducunt
1032 5403 1108 5456 eam
1127 5385 1327 5456 emethoues
1346 5384 1498 5476 propriis
1515 5385 1675 5456 curribus
1694 5384 1729 5455 iu
1748 5384 1913 5456 horreum
1930 5377 2043 5454 ascho-
2134 5446 2135 5481 ,

516 5501 639 5574 lastieo
665 5503 865 5593 locandum„
893 5510 929 5575 et
954 5504 1053 5576 valor
1079 5505 1154 5577 eius
1181 5505 1385 5577 aestimatur
1412 5505 1457 5577 ad
1483 5503 1601 5576 decem
1628 5523 1771 5574 marcas.
1807 5501 1965 5574 &alluat
1985 5511 2044 5568 cum
2131 5488 2134 5561 ι’

518 5620 610 5692 villis
636 5621 880 5718 Patraugy‚
908 5624 1087 5716 Borow,
1114 5623 1314 5698 Kossaia
1342 5631 1379 5697 et
1405 5624 1531 5716 oppido
1558 5623 1867 5696 Zawichosth
