<?xml version="1.0" encoding="UTF-8"?>
<!DOCTYPE html PUBLIC "-//W3C//DTD XHTML 1.0 Transitional//EN"
    "http://www.w3.org/TR/xhtml1/DTD/xhtml1-transitional.dtd">
<html xmlns="http://www.w3.org/1999/xhtml" xml:lang="en" lang="en">
 <head>
  <title>
</title>
<meta http-equiv="Content-Type" content="text/html;charset=utf-8" />
  <meta name='ocr-system' content='tesseract 3.04.00' />
  <meta name='ocr-capabilities' content='ocr_page ocr_carea ocr_par ocr_line ocrx_word'/>
</head>
<body>
  <div class='ocr_page' id='page_1' title='image "./operaomnia00paulgoog_0387.png"; bbox 0 0 4492 6592; ppageno 0'>
   <div class='ocr_carea' id='block_1_1' title="bbox 449 735 553 849">
    <p class='ocr_par' dir='ltr' id='par_1_1' title="bbox 449 735 553 849">
     <span class='ocr_line' id='line_1_1' title="bbox 449 735 553 849; baseline -0.019 -43"><span class='ocrx_word' id='word_1_1' title='bbox 449 735 522 806; x_wconf 77' lang='lat'>362</span> <span class='ocrx_word' id='word_1_2' title='bbox 550 842 553 849; x_wconf 90' lang='lat'>.</span> 
     </span>
    </p>
   </div>
   <div class='ocr_carea' id='block_1_2' title="bbox 356 877 2083 5631">
    <p class='ocr_par' dir='ltr' id='par_1_2' title="bbox 363 877 2005 1750">
     <span class='ocr_line' id='line_1_2' title="bbox 1354 877 1364 904; baseline 0 0"><span class='ocrx_word' id='word_1_3' title='bbox 1354 877 1364 904; x_wconf 63' lang='lat'><em>2</em></span> 
     </span>
     <span class='ocr_line' id='line_1_3' title="bbox 447 932 1996 1026; baseline -0.005 -15"><span class='ocrx_word' id='word_1_4' title='bbox 447 940 636 1011; x_wconf 91' lang='lat' dir='ltr'>Maurus</span> <span class='ocrx_word' id='word_1_5' title='bbox 664 936 846 1026; x_wconf 87' lang='lat' dir='ltr'>episcopus</span> <span class='ocrx_word' id='word_1_6' title='bbox 870 933 1121 1022; x_wconf 85' lang='lat' dir='ltr'>cracoviensis,</span> <span class='ocrx_word' id='word_1_7' title='bbox 1149 933 1230 1004; x_wconf 93' lang='lat' dir='ltr'>dnm</span> <span class='ocrx_word' id='word_1_8' title='bbox 1249 932 1430 1004; x_wconf 86' lang='lat' dir='ltr'>ecclesiam</span> <span class='ocrx_word' id='word_1_9' title='bbox 1456 934 1493 1002; x_wconf 95' lang='lat' dir='ltr'>in</span> <span class='ocrx_word' id='word_1_10' title='bbox 1520 932 1838 1003; x_wconf 85' lang='lat' dir='ltr'>Brzesznicza</span> <span class='ocrx_word' id='word_1_11' title='bbox 1865 952 1996 1020; x_wconf 74' lang='lat' dir='ltr'>aprae</span> 
     </span>
     <span class='ocr_line' id='line_1_4' title="bbox 445 1050 1997 1145; baseline -0.004 -15"><span class='ocrx_word' id='word_1_12' title='bbox 445 1060 526 1130; x_wconf 86' lang='lat' dir='ltr'>fatis</span> <span class='ocrx_word' id='word_1_13' title='bbox 563 1057 697 1128; x_wconf 89' lang='lat' dir='ltr'>duobus</span> <span class='ocrx_word' id='word_1_14' title='bbox 731 1055 905 1145; x_wconf 88' lang='lat' dir='ltr'>germanis</span> <span class='ocrx_word' id='word_1_15' title='bbox 941 1053 1154 1125; x_wconf 86' lang='lat' dir='ltr'>Johanne</span> <span class='ocrx_word' id='word_1_16' title='bbox 1191 1060 1227 1123; x_wconf 89' lang='lat' dir='ltr'>et</span> <span class='ocrx_word' id='word_1_17' title='bbox 1263 1050 1500 1124; x_wconf 80' lang='lat' dir='ltr'>Clemente</span> <span class='ocrx_word' id='word_1_18' title='bbox 1536 1074 1601 1142; x_wconf 92' lang='lat' dir='ltr'>pro</span> <span class='ocrx_word' id='word_1_19' title='bbox 1636 1051 1755 1123; x_wconf 90' lang='lat' dir='ltr'>futuro</span> <span class='ocrx_word' id='word_1_20' title='bbox 1793 1053 1997 1124; x_wconf 88' lang='lat' dir='ltr'>monasterio</span> 
     </span>
     <span class='ocr_line' id='line_1_5' title="bbox 446 1173 1998 1264; baseline -0.004 -14"><span class='ocrx_word' id='word_1_21' title='bbox 446 1177 668 1251; x_wconf 69' lang='lat' dir='ltr'>cisterciensi</span> <span class='ocrx_word' id='word_1_22' title='bbox 697 1175 847 1247; x_wconf 90' lang='lat' dir='ltr'>nondum</span> <span class='ocrx_word' id='word_1_23' title='bbox 867 1179 993 1264; x_wconf 89' lang='lat' dir='ltr'>erecto,</span> <span class='ocrx_word' id='word_1_24' title='bbox 1020 1173 1164 1244; x_wconf 82' lang='lat' dir='ltr'>fundato</span> <span class='ocrx_word' id='word_1_25' title='bbox 1192 1180 1309 1244; x_wconf 89' lang='lat' dir='ltr'>tamen</span> <span class='ocrx_word' id='word_1_26' title='bbox 1335 1179 1372 1244; x_wconf 92' lang='lat' dir='ltr'>et</span> <span class='ocrx_word' id='word_1_27' title='bbox 1399 1173 1539 1263; x_wconf 82' lang='lat' dir='ltr'>dotato,</span> <span class='ocrx_word' id='word_1_28' title='bbox 1556 1173 1760 1244; x_wconf 80' lang='lat' dir='ltr'>fabricatam</span> <span class='ocrx_word' id='word_1_29' title='bbox 1781 1174 1817 1243; x_wconf 95' lang='lat' dir='ltr'>in</span> <span class='ocrx_word' id='word_1_30' title='bbox 1836 1173 1998 1244; x_wconf 88' lang='lat' dir='ltr'>bonorem</span> 
     </span>
     <span class='ocr_line' id='line_1_6' title="bbox 447 1293 2001 1391; baseline -0.007 -19"><span class='ocrx_word' id='word_1_31' title='bbox 447 1306 484 1373; x_wconf 93' lang='lat' dir='ltr'>et</span> <span class='ocrx_word' id='word_1_32' title='bbox 510 1299 650 1370; x_wconf 89' lang='lat' dir='ltr'>titulum</span> <span class='ocrx_word' id='word_1_33' title='bbox 670 1297 800 1368; x_wconf 90' lang='lat' dir='ltr'>Beatae</span> <span class='ocrx_word' id='word_1_34' title='bbox 828 1303 863 1367; x_wconf 90' lang='lat' dir='ltr'>ot</span> <span class='ocrx_word' id='word_1_35' title='bbox 889 1296 1062 1385; x_wconf 84' lang='lat' dir='ltr'>gloriosae</span> <span class='ocrx_word' id='word_1_36' title='bbox 1081 1294 1238 1384; x_wconf 85' lang='lat' dir='ltr'>Virginis</span> <span class='ocrx_word' id='word_1_37' title='bbox 1257 1294 1402 1384; x_wconf 89' lang='lat' dir='ltr'>Mariae,</span> <span class='ocrx_word' id='word_1_38' title='bbox 1429 1301 1465 1365; x_wconf 86' lang='lat' dir='ltr'>ot</span> <span class='ocrx_word' id='word_1_39' title='bbox 1485 1293 1620 1391; x_wconf 29' lang='lat' dir='ltr'>‘Sancto</span> <span class='ocrx_word' id='word_1_40' title='bbox 1639 1293 1833 1365; x_wconf 89' lang='lat' dir='ltr'>Adalberto</span> <span class='ocrx_word' id='word_1_41' title='bbox 1860 1295 2001 1382; x_wconf 82' lang='lat' dir='ltr'>martyri</span> 
     </span>
     <span class='ocr_line' id='line_1_7' title="bbox 363 1413 2003 1510; baseline -0.005 -18"><span class='ocrx_word' id='word_1_42' title='bbox 363 1497 368 1502; x_wconf 69' lang='grc'><strong>,</strong></span> <span class='ocrx_word' id='word_1_43' title='bbox 448 1425 483 1492; x_wconf 91' lang='lat' dir='ltr'>et</span> <span class='ocrx_word' id='word_1_44' title='bbox 510 1418 666 1510; x_wconf 89' lang='lat' dir='ltr'>pontifici</span> <span class='ocrx_word' id='word_1_45' title='bbox 693 1417 834 1506; x_wconf 88' lang='lat' dir='ltr'>dicaret,</span> <span class='ocrx_word' id='word_1_46' title='bbox 854 1417 1010 1504; x_wconf 71' lang='lat' dir='ltr'>,contulit</span> <span class='ocrx_word' id='word_1_47' title='bbox 1037 1414 1149 1487; x_wconf 91' lang='lat' dir='ltr'>eidem</span> <span class='ocrx_word' id='word_1_48' title='bbox 1177 1415 1343 1486; x_wconf 86' lang='lat' dir='ltr'>ecclesiae</span> <span class='ocrx_word' id='word_1_49' title='bbox 1369 1416 1405 1486; x_wconf 93' lang='lat' dir='ltr'>in</span> <span class='ocrx_word' id='word_1_50' title='bbox 1433 1415 1694 1486; x_wconf 90' lang='lat' dir='ltr'>consecratione</span> <span class='ocrx_word' id='word_1_51' title='bbox 1720 1413 1875 1484; x_wconf 89' lang='lat' dir='ltr'>decimas</span> <span class='ocrx_word' id='word_1_52' title='bbox 1898 1415 2003 1484; x_wconf 91' lang='lat' dir='ltr'>mani-</span> 
     </span>
     <span class='ocr_line' id='line_1_8' title="bbox 448 1532 2004 1631; baseline -0.003 -20"><span class='ocrx_word' id='word_1_53' title='bbox 448 1541 589 1631; x_wconf 88' lang='lat' dir='ltr'>pulares</span> <span class='ocrx_word' id='word_1_54' title='bbox 608 1557 747 1609; x_wconf 86' lang='lat' dir='ltr'>mensae</span> <span class='ocrx_word' id='word_1_55' title='bbox 767 1557 850 1608; x_wconf 91' lang='lat' dir='ltr'>suae</span> <span class='ocrx_word' id='word_1_56' title='bbox 868 1536 1074 1626; x_wconf 87' lang='lat' dir='ltr'>episcopalis</span> <span class='ocrx_word' id='word_1_57' title='bbox 1093 1534 1346 1626; x_wconf 89' lang='lat' dir='ltr'>cracoviensis,</span> <span class='ocrx_word' id='word_1_58' title='bbox 1367 1537 1403 1605; x_wconf 93' lang='lat' dir='ltr'>in</span> <span class='ocrx_word' id='word_1_59' title='bbox 1421 1535 1522 1607; x_wconf 91' lang='lat' dir='ltr'>villis:</span> <span class='ocrx_word' id='word_1_60' title='bbox 1549 1534 1843 1623; x_wconf 78' lang='lat' dir='ltr'>Maronitas,</span> <span class='ocrx_word' id='word_1_61' title='bbox 1871 1532 1929 1604; x_wconf 93' lang='lat' dir='ltr'>Pr</span> <span class='ocrx_word' id='word_1_62' title='bbox 1943 1555 2004 1606; x_wconf 88' lang='lat' dir='ltr'>ze·</span> 
     </span>
     <span class='ocr_line' id='line_1_9' title="bbox 370 1655 2005 1750; baseline -0.001 -21"><span class='ocrx_word' id='word_1_63' title='bbox 370 1709 375 1718; x_wconf 83' lang='lat'><strong>·</strong></span> <span class='ocrx_word' id='word_1_64' title='bbox 448 1659 712 1750; x_wconf 85' lang='lat' dir='ltr'>myeslawe,</span> <span class='ocrx_word' id='word_1_65' title='bbox 750 1655 938 1746; x_wconf 90' lang='lat' dir='ltr'>conari,</span> <span class='ocrx_word' id='word_1_66' title='bbox 975 1655 1197 1747; x_wconf 80' lang='lat' dir='ltr'>Mychon,</span> <span class='ocrx_word' id='word_1_67' title='bbox 1227 1655 1516 1745; x_wconf 82' lang='lat' dir='ltr'>Wyeglowo,</span> <span class='ocrx_word' id='word_1_68' title='bbox 1552 1656 1650 1727; x_wconf 90' lang='lat' dir='ltr'>cuius</span> <span class='ocrx_word' id='word_1_69' title='bbox 1678 1655 1904 1729; x_wconf 90' lang='lat' dir='ltr'>immediatus</span> <span class='ocrx_word' id='word_1_70' title='bbox 1931 1677 2005 1727; x_wconf 88' lang='lat' dir='ltr'>suc-</span> 
     </span>
    </p>

    <p class='ocr_par' dir='ltr' id='par_1_3' title="bbox 385 1751 2060 2228">
     <span class='ocr_line' id='line_1_10' title="bbox 404 1751 2007 1880; baseline -0.002 -29"><span class='ocrx_word' id='word_1_71' title='bbox 404 1811 406 1816; x_wconf 45' lang='lat'>*</span> <span class='ocrx_word' id='word_1_72' title='bbox 450 1801 568 1851; x_wconf 89' lang='lat' dir='ltr'>cessor</span> <span class='ocrx_word' id='word_1_73' title='bbox 594 1751 806 1880; x_wconf 36' lang='lat' dir='ltr'>Rad&#39;osclr</span> <span class='ocrx_word' id='word_1_74' title='bbox 834 1776 1073 1848; x_wconf 74' lang='lat' dir='ltr'>cracoviensis</span> <span class='ocrx_word' id='word_1_75' title='bbox 1102 1777 1295 1866; x_wconf 91' lang='lat' dir='ltr'>episcopus,</span> <span class='ocrx_word' id='word_1_76' title='bbox 1314 1782 1351 1847; x_wconf 91' lang='lat' dir='ltr'>et</span> <span class='ocrx_word' id='word_1_77' title='bbox 1369 1776 1590 1847; x_wconf 83' lang='lat' dir='ltr'>donationem</span> <span class='ocrx_word' id='word_1_78' title='bbox 1618 1776 1769 1867; x_wconf 86' lang='lat' dir='ltr'>quinque</span> <span class='ocrx_word' id='word_1_79' title='bbox 1796 1776 2007 1848; x_wconf 90' lang='lat' dir='ltr'>decimarum</span> 
     </span>
     <span class='ocr_line' id='line_1_11' title="bbox 451 1896 2008 1990; baseline -0.001 -19"><span class='ocrx_word' id='word_1_80' title='bbox 451 1901 505 1971; x_wconf 93' lang='lat' dir='ltr'>sui</span> <span class='ocrx_word' id='word_1_81' title='bbox 531 1898 810 1990; x_wconf 85' lang='lat' dir='ltr'>praedecessoris</span> <span class='ocrx_word' id='word_1_82' title='bbox 837 1896 1007 1985; x_wconf 84' lang='lat' dir='ltr'>Mauri,</span> <span class='ocrx_word' id='word_1_83' title='bbox 1034 1917 1125 1968; x_wconf 91' lang='lat' dir='ltr'>nova</span> <span class='ocrx_word' id='word_1_84' title='bbox 1153 1896 1339 1967; x_wconf 88' lang='lat' dir='ltr'>donatione</span> <span class='ocrx_word' id='word_1_85' title='bbox 1367 1897 1603 1986; x_wconf 90' lang='lat' dir='ltr'>confirmavit,</span> <span class='ocrx_word' id='word_1_86' title='bbox 1630 1903 1667 1968; x_wconf 92' lang='lat' dir='ltr'>et</span> <span class='ocrx_word' id='word_1_87' title='bbox 1693 1897 1737 1969; x_wconf 91' lang='lat' dir='ltr'>de</span> <span class='ocrx_word' id='word_1_88' title='bbox 1764 1898 1910 1988; x_wconf 88' lang='lat' dir='ltr'>proprio</span> <span class='ocrx_word' id='word_1_89' title='bbox 1936 1902 2008 1970; x_wconf 86' lang='lat' dir='ltr'>tres</span> 
     </span>
     <span class='ocr_line' id='line_1_12' title="bbox 451 2009 2060 2116; baseline -0.001 -26"><span class='ocrx_word' id='word_1_90' title='bbox 451 2020 540 2091; x_wconf 91' lang='lat' dir='ltr'>alias</span> <span class='ocrx_word' id='word_1_91' title='bbox 569 2019 738 2108; x_wconf 78' lang='lat' dir='ltr'>decimae,</span> <span class='ocrx_word' id='word_1_92' title='bbox 775 2019 879 2089; x_wconf 90' lang='lat' dir='ltr'>etiarn</span> <span class='ocrx_word' id='word_1_93' title='bbox 907 2037 1045 2088; x_wconf 89' lang='lat' dir='ltr'>mensae</span> <span class='ocrx_word' id='word_1_94' title='bbox 1073 2036 1157 2089; x_wconf 88' lang='lat' dir='ltr'>suae</span> <span class='ocrx_word' id='word_1_95' title='bbox 1184 2016 1390 2107; x_wconf 89' lang='lat' dir='ltr'>episcopalis</span> <span class='ocrx_word' id='word_1_96' title='bbox 1417 2009 1676 2108; x_wconf 70' lang='lat' dir='ltr'>cracoviensis,</span> <span class='ocrx_word' id='word_1_97' title='bbox 1704 2017 1862 2108; x_wconf 80' lang='lat' dir='ltr'>praefato</span> <span class='ocrx_word' id='word_1_98' title='bbox 1890 2038 2011 2116; x_wconf 89' lang='lat' dir='ltr'>mona-</span> <span class='ocrx_word' id='word_1_99' title='bbox 2049 2059 2060 2067; x_wconf 91' lang='lat'><em>-</em></span> 
     </span>
     <span class='ocr_line' id='line_1_13' title="bbox 385 2135 2010 2228; baseline -0.001 -16"><span class='ocrx_word' id='word_1_100' title='bbox 385 2203 388 2211; x_wconf 91' lang='lat'>.</span> <span class='ocrx_word' id='word_1_101' title='bbox 452 2142 561 2212; x_wconf 89' lang='lat' dir='ltr'>sterio</span> <span class='ocrx_word' id='word_1_102' title='bbox 590 2138 748 2212; x_wconf 91' lang='lat' dir='ltr'>donando</span> <span class='ocrx_word' id='word_1_103' title='bbox 777 2139 911 2210; x_wconf 91' lang='lat' dir='ltr'>adiecit.</span> <span class='ocrx_word' id='word_1_104' title='bbox 954 2137 1043 2210; x_wconf 89' lang='lat' dir='ltr'>ltem</span> <span class='ocrx_word' id='word_1_105' title='bbox 1080 2135 1172 2207; x_wconf 92' lang='lat' dir='ltr'>idem</span> <span class='ocrx_word' id='word_1_106' title='bbox 1208 2137 1490 2228; x_wconf 86' lang='lat' dir='ltr'>archiepiscopus</span> <span class='ocrx_word' id='word_1_107' title='bbox 1518 2135 1731 2210; x_wconf 86' lang='lat' dir='ltr'>cneznensis</span> <span class='ocrx_word' id='word_1_108' title='bbox 1766 2137 1790 2211; x_wconf 89' lang='lat' dir='ltr'>J</span> <span class='ocrx_word' id='word_1_109' title='bbox 1800 2139 2010 2211; x_wconf 90' lang='lat' dir='ltr'>ohannes</span> 
     </span>
    </p>

    <p class='ocr_par' dir='ltr' id='par_1_4' title="bbox 356 2246 2083 5631">
     <span class='ocr_line' id='line_1_14' title="bbox 420 2246 2010 2352; baseline 0 -19"><span class='ocrx_word' id='word_1_110' title='bbox 420 2246 486 2333; x_wconf 58' lang='lat' dir='ltr'>&#39;in</span> <span class='ocrx_word' id='word_1_111' title='bbox 516 2262 816 2352; x_wconf 88' lang='lat' dir='ltr'>archiepiscopatu</span> <span class='ocrx_word' id='word_1_112' title='bbox 852 2260 1063 2347; x_wconf 83' lang='lat' dir='ltr'>consistens,</span> <span class='ocrx_word' id='word_1_113' title='bbox 1100 2258 1262 2329; x_wconf 91' lang='lat' dir='ltr'>ardorem</span> <span class='ocrx_word' id='word_1_114' title='bbox 1298 2257 1494 2330; x_wconf 92' lang='lat' dir='ltr'>devotionis</span> <span class='ocrx_word' id='word_1_115' title='bbox 1530 2264 1566 2330; x_wconf 93' lang='lat' dir='ltr'>et</span> <span class='ocrx_word' id='word_1_116' title='bbox 1601 2259 1824 2332; x_wconf 85' lang='lat' dir='ltr'>liberalitatis</span> <span class='ocrx_word' id='word_1_117' title='bbox 1861 2281 1946 2332; x_wconf 87' lang='lat' dir='ltr'>suae</span> <span class='ocrx_word' id='word_1_118' title='bbox 1965 2262 2010 2332; x_wconf 80' lang='lat' dir='ltr'>‘in</span> 
     </span>
     <span class='ocr_line' id='line_1_15' title="bbox 452 2363 2012 2472; baseline 0 -20"><span class='ocrx_word' id='word_1_119' title='bbox 452 2363 645 2472; x_wconf 77' lang='lat' dir='ltr'>praelatam</span> <span class='ocrx_word' id='word_1_120' title='bbox 683 2381 932 2453; x_wconf 90' lang='lat' dir='ltr'>monasterium</span> <span class='ocrx_word' id='word_1_121' title='bbox 958 2379 1241 2451; x_wconf 86' lang='lat' dir='ltr'>Andrzeoviense</span> <span class='ocrx_word' id='word_1_122' title='bbox 1276 2399 1367 2450; x_wconf 92' lang='lat' dir='ltr'>nova</span> <span class='ocrx_word' id='word_1_123' title='bbox 1393 2379 1580 2470; x_wconf 84' lang='lat' dir='ltr'>largitione</span> <span class='ocrx_word' id='word_1_124' title='bbox 1613 2380 1804 2471; x_wconf 85' lang='lat' dir='ltr'>effusurus,</span> <span class='ocrx_word' id='word_1_125' title='bbox 1822 2381 2012 2462; x_wconf 61' lang='lat' dir='ltr'>„decimam</span> 
     </span>
     <span class='ocr_line' id='line_1_16' title="bbox 452 2502 2013 2594; baseline -0.001 -20"><span class='ocrx_word' id='word_1_126' title='bbox 452 2504 702 2594; x_wconf 89' lang='lat' dir='ltr'>manipularem</span> <span class='ocrx_word' id='word_1_127' title='bbox 731 2503 981 2593; x_wconf 89' lang='lat' dir='ltr'>quinquaginta</span> <span class='ocrx_word' id='word_1_128' title='bbox 1007 2504 1215 2592; x_wconf 89' lang='lat' dir='ltr'>aratrorum,</span> <span class='ocrx_word' id='word_1_129' title='bbox 1255 2521 1358 2592; x_wconf 88' lang='lat' dir='ltr'>quam</span> <span class='ocrx_word' id='word_1_130' title='bbox 1384 2507 1507 2592; x_wconf 89' lang='lat' dir='ltr'>postea</span> <span class='ocrx_word' id='word_1_131' title='bbox 1535 2502 1692 2592; x_wconf 87' lang='lat' dir='ltr'>specifice</span> <span class='ocrx_word' id='word_1_132' title='bbox 1718 2502 1754 2572; x_wconf 93' lang='lat' dir='ltr'>in</span> <span class='ocrx_word' id='word_1_133' title='bbox 1782 2503 1876 2573; x_wconf 91' lang='lat' dir='ltr'>villis</span> <span class='ocrx_word' id='word_1_134' title='bbox 1903 2502 2013 2574; x_wconf 89' lang='lat' dir='ltr'>infra-</span> 
     </span>
     <span class='ocr_line' id='line_1_17' title="bbox 452 2613 2013 2714; baseline 0 -19"><span class='ocrx_word' id='word_1_135' title='bbox 452 2625 614 2714; x_wconf 89' lang='lat' dir='ltr'>scriptis,</span> <span class='ocrx_word' id='word_1_136' title='bbox 656 2620 819 2694; x_wconf 88' lang='lat' dir='ltr'>videlicet</span> <span class='ocrx_word' id='word_1_137' title='bbox 858 2613 1135 2713; x_wconf 85' lang='lat' dir='ltr'>Zlothnihy,</span> <span class='ocrx_word' id='word_1_138' title='bbox 1177 2621 1560 2712; x_wconf 83' lang='lat' dir='ltr'>Rambyeszicze,</span> <span class='ocrx_word' id='word_1_139' title='bbox 1598 2613 2013 2713; x_wconf 83' lang='lat' dir='ltr'>Lysszakowicze,</span> 
     </span>
     <span class='ocr_line' id='line_1_18' title="bbox 452 2740 2014 2838; baseline 0 -22"><span class='ocrx_word' id='word_1_140' title='bbox 452 2745 721 2834; x_wconf 88' lang='lat' dir='ltr'>Zarczicze,</span> <span class='ocrx_word' id='word_1_141' title='bbox 748 2741 1063 2832; x_wconf 87' lang='lat' dir='ltr'>Sda&#39;novioza,</span> <span class='ocrx_word' id='word_1_142' title='bbox 1090 2740 1315 2832; x_wconf 75' lang='lat' dir='ltr'>czaczoW,</span> <span class='ocrx_word' id='word_1_143' title='bbox 1343 2743 1597 2838; x_wconf 84' lang='lat' dir='ltr'>Brzeszna,</span> <span class='ocrx_word' id='word_1_144' title='bbox 1625 2744 1794 2835; x_wconf 91' lang='lat' dir='ltr'>Brzem,</span> <span class='ocrx_word' id='word_1_145' title='bbox 1821 2745 2014 2816; x_wconf 89' lang='lat' dir='ltr'>demensa</span> 
     </span>
     <span class='ocr_line' id='line_1_19' title="bbox 453 2863 2014 2968; baseline -0.002 -28"><span class='ocrx_word' id='word_1_146' title='bbox 453 2889 516 2940; x_wconf 90' lang='lat' dir='ltr'>sua</span> <span class='ocrx_word' id='word_1_147' title='bbox 544 2865 829 2956; x_wconf 89' lang='lat' dir='ltr'>archiepiscopali</span> <span class='ocrx_word' id='word_1_148' title='bbox 857 2866 1048 2968; x_wconf 55' lang='lat' dir='ltr'>consignat,</span> <span class='ocrx_word' id='word_1_149' title='bbox 1091 2865 1180 2936; x_wconf 89' lang='lat' dir='ltr'>Item</span> <span class='ocrx_word' id='word_1_150' title='bbox 1217 2865 1307 2936; x_wconf 89' lang='lat' dir='ltr'>idem</span> <span class='ocrx_word' id='word_1_151' title='bbox 1333 2863 1356 2936; x_wconf 83' lang='lat' dir='ltr'>J</span> <span class='ocrx_word' id='word_1_152' title='bbox 1367 2865 1573 2936; x_wconf 90' lang='lat' dir='ltr'>ohannes</span> <span class='ocrx_word' id='word_1_153' title='bbox 1608 2866 1895 2957; x_wconf 83' lang='lat' dir='ltr'>archiepiscopus</span> <span class='ocrx_word' id='word_1_154' title='bbox 1918 2864 2014 2938; x_wconf 87' lang='lat' dir='ltr'>Gne-</span> 
     </span>
     <span class='ocr_line' id='line_1_20' title="bbox 453 2985 2014 3076; baseline -0.001 -16"><span class='ocrx_word' id='word_1_155' title='bbox 453 2989 589 3060; x_wconf 90' lang='lat' dir='ltr'>znensis</span> <span class='ocrx_word' id='word_1_156' title='bbox 617 2987 718 3059; x_wconf 89' lang='lat' dir='ltr'>villas</span> <span class='ocrx_word' id='word_1_157' title='bbox 746 2991 781 3058; x_wconf 90' lang='lat' dir='ltr'>et</span> <span class='ocrx_word' id='word_1_158' title='bbox 807 2986 1042 3058; x_wconf 86' lang='lat' dir='ltr'>haereditates</span> <span class='ocrx_word' id='word_1_159' title='bbox 1069 3006 1151 3058; x_wconf 88' lang='lat' dir='ltr'>suas</span> <span class='ocrx_word' id='word_1_160' title='bbox 1177 2985 1429 3076; x_wconf 81' lang='lat' dir='ltr'>infrascriptas,</span> <span class='ocrx_word' id='word_1_161' title='bbox 1456 2987 1493 3058; x_wconf 93' lang='lat' dir='ltr'>in</span> <span class='ocrx_word' id='word_1_162' title='bbox 1520 2986 1670 3060; x_wconf 91' lang='lat' dir='ltr'>dioecesi</span> <span class='ocrx_word' id='word_1_163' title='bbox 1689 2986 1912 3059; x_wconf 86' lang='lat' dir='ltr'>cracoviensi</span> <span class='ocrx_word' id='word_1_164' title='bbox 1931 3009 2014 3058; x_wconf 83' lang='lat' dir='ltr'>mn-</span> 
     </span>
     <span class='ocr_line' id='line_1_21' title="bbox 454 3092 2041 3198; baseline -0.003 -17"><span class='ocrx_word' id='word_1_165' title='bbox 454 3111 627 3198; x_wconf 89' lang='lat' dir='ltr'>sistentes,</span> <span class='ocrx_word' id='word_1_166' title='bbox 646 3114 681 3180; x_wconf 89' lang='lat' dir='ltr'>et</span> <span class='ocrx_word' id='word_1_167' title='bbox 700 3128 788 3198; x_wconf 86' lang='lat' dir='ltr'>quae</span> <span class='ocrx_word' id='word_1_168' title='bbox 807 3108 851 3179; x_wconf 93' lang='lat' dir='ltr'>ad</span> <span class='ocrx_word' id='word_1_169' title='bbox 870 3128 947 3178; x_wconf 93' lang='lat' dir='ltr'>eum</span> <span class='ocrx_word' id='word_1_170' title='bbox 966 3106 1106 3178; x_wconf 82' lang='lat' dir='ltr'>inerunt</span> <span class='ocrx_word' id='word_1_171' title='bbox 1124 3112 1287 3198; x_wconf 78' lang='lat' dir='ltr'>exparte</span> <span class='ocrx_word' id='word_1_172' title='bbox 1305 3107 1445 3196; x_wconf 88' lang='lat' dir='ltr'>cognati</span> <span class='ocrx_word' id='word_1_173' title='bbox 1463 3108 1517 3178; x_wconf 91' lang='lat' dir='ltr'>sui</span> <span class='ocrx_word' id='word_1_174' title='bbox 1534 3106 1628 3178; x_wconf 84' lang='lat' dir='ltr'>Sam</span> <span class='ocrx_word' id='word_1_175' title='bbox 1640 3107 1692 3198; x_wconf 89' lang='lat' dir='ltr'>il,</span> <span class='ocrx_word' id='word_1_176' title='bbox 1719 3108 1782 3179; x_wconf 88' lang='lat' dir='ltr'>tilii</span> <span class='ocrx_word' id='word_1_177' title='bbox 1808 3107 2015 3180; x_wconf 89' lang='lat' dir='ltr'>Bodzan-</span> <span class='ocrx_word' id='word_1_178' title='bbox 2037 3092 2041 3096; x_wconf 49' lang='grc'><strong>’</strong></span> 
     </span>
     <span class='ocr_line' id='line_1_22' title="bbox 454 3217 2015 3320; baseline 0 -20"><span class='ocrx_word' id='word_1_179' title='bbox 454 3223 562 3302; x_wconf 80' lang='lat' dir='ltr'>th&#39;ae</span> <span class='ocrx_word' id='word_1_180' title='bbox 585 3232 666 3301; x_wconf 69' lang='lat' dir='ltr'>‘iure</span> <span class='ocrx_word' id='word_1_181' title='bbox 693 3228 919 3301; x_wconf 87' lang='lat' dir='ltr'>successionis</span> <span class='ocrx_word' id='word_1_182' title='bbox 947 3228 1141 3318; x_wconf 89' lang='lat' dir='ltr'>devolutae,</span> <span class='ocrx_word' id='word_1_183' title='bbox 1167 3228 1331 3299; x_wconf 90' lang='lat' dir='ltr'>videlicet</span> <span class='ocrx_word' id='word_1_184' title='bbox 1358 3217 1564 3318; x_wconf 81' lang='lat' dir='ltr'>Ugyazd,</span> <span class='ocrx_word' id='word_1_185' title='bbox 1601 3229 1798 3320; x_wconf 83' lang='lat' dir='ltr'>Blonye,</span> <span class='ocrx_word' id='word_1_186' title='bbox 1830 3228 1860 3299; x_wconf 93' lang='lat' dir='ltr'>Z</span> <span class='ocrx_word' id='word_1_187' title='bbox 1868 3229 2015 3300; x_wconf 87' lang='lat' dir='ltr'>erczi-</span> 
     </span>
     <span class='ocr_line' id='line_1_23' title="bbox 456 3347 2015 3443; baseline 0 -21"><span class='ocrx_word' id='word_1_188' title='bbox 456 3371 550 3440; x_wconf 87' lang='lat' dir='ltr'>oze,</span> <span class='ocrx_word' id='word_1_189' title='bbox 577 3350 828 3441; x_wconf 90' lang='lat' dir='ltr'>Blonycza,</span> <span class='ocrx_word' id='word_1_190' title='bbox 856 3348 1160 3438; x_wconf 86' lang='lat' dir='ltr'>Skowrodno,</span> <span class='ocrx_word' id='word_1_191' title='bbox 1187 3347 1571 3440; x_wconf 76' lang='lat' dir='ltr'>Kamyenczicze3</span> <span class='ocrx_word' id='word_1_192' title='bbox 1614 3351 1698 3443; x_wconf 82' lang='lat' dir='ltr'>item</span> <span class='ocrx_word' id='word_1_193' title='bbox 1725 3350 1816 3423; x_wconf 91' lang='lat' dir='ltr'>idem</span> <span class='ocrx_word' id='word_1_194' title='bbox 1843 3349 2015 3422; x_wconf 88' lang='lat' dir='ltr'>Johan-</span> 
     </span>
     <span class='ocr_line' id='line_1_24' title="bbox 356 3450 2013 3562; baseline 0 -20"><span class='ocrx_word' id='word_1_195' title='bbox 356 3489 361 3494; x_wconf 85' lang='lat'>·</span> <span class='ocrx_word' id='word_1_196' title='bbox 456 3493 534 3542; x_wconf 89' lang='lat' dir='ltr'>nes</span> <span class='ocrx_word' id='word_1_197' title='bbox 562 3473 840 3562; x_wconf 86' lang='lat' dir='ltr'>archiepiscopus</span> <span class='ocrx_word' id='word_1_198' title='bbox 868 3469 1082 3543; x_wconf 76' lang='lat' dir='ltr'>(lucanensis</span> <span class='ocrx_word' id='word_1_199' title='bbox 1110 3471 1197 3542; x_wconf 90' lang='lat' dir='ltr'>alias</span> <span class='ocrx_word' id='word_1_200' title='bbox 1224 3470 1326 3541; x_wconf 90' lang='lat' dir='ltr'>villas</span> <span class='ocrx_word' id='word_1_201' title='bbox 1344 3475 1380 3542; x_wconf 90' lang='lat' dir='ltr'>et</span> <span class='ocrx_word' id='word_1_202' title='bbox 1397 3471 1634 3543; x_wconf 88' lang='lat' dir='ltr'>haereditates</span> <span class='ocrx_word' id='word_1_203' title='bbox 1661 3473 1767 3544; x_wconf 92' lang='lat' dir='ltr'>etiam</span> <span class='ocrx_word' id='word_1_204' title='bbox 1793 3450 1830 3544; x_wconf 80' lang='lat' dir='ltr'>in</span> <span class='ocrx_word' id='word_1_205' title='bbox 1857 3472 2013 3544; x_wconf 89' lang='lat' dir='ltr'>dioecesi</span> 
     </span>
     <span class='ocr_line' id='line_1_25' title="bbox 456 3591 2016 3683; baseline 0 -19"><span class='ocrx_word' id='word_1_206' title='bbox 456 3591 686 3682; x_wconf 84' lang='lat' dir='ltr'>Graooviensi,</span> <span class='ocrx_word' id='word_1_207' title='bbox 715 3613 800 3683; x_wconf 89' lang='lat' dir='ltr'>quas</span> <span class='ocrx_word' id='word_1_208' title='bbox 828 3597 1018 3682; x_wconf 90' lang='lat' dir='ltr'>coemerat,</span> <span class='ocrx_word' id='word_1_209' title='bbox 1045 3591 1209 3663; x_wconf 86' lang='lat' dir='ltr'>videlicet</span> <span class='ocrx_word' id='word_1_210' title='bbox 1234 3591 1618 3682; x_wconf 84' lang='lat' dir='ltr'>Dzerzansznam,</span> <span class='ocrx_word' id='word_1_211' title='bbox 1644 3591 1881 3683; x_wconf 83' lang='lat' dir='ltr'>anzlrow,</span> <span class='ocrx_word' id='word_1_212' title='bbox 1910 3593 2016 3664; x_wconf 89' lang='lat' dir='ltr'>Tro-</span> 
     </span>
     <span class='ocr_line' id='line_1_26' title="bbox 382 3711 2031 3820; baseline 0 -36"><span class='ocrx_word' id='word_1_213' title='bbox 382 3728 389 3746; x_wconf 58' lang='lat'>*</span> <span class='ocrx_word' id='word_1_214' title='bbox 456 3714 635 3804; x_wconf 83' lang='lat' dir='ltr'>pisnovv,</span> <span class='ocrx_word' id='word_1_215' title='bbox 663 3713 858 3806; x_wconf 88' lang='lat' dir='ltr'>Byalya,</span> <span class='ocrx_word' id='word_1_216' title='bbox 885 3713 1141 3805; x_wconf 89' lang='lat' dir='ltr'>Byeszden,</span> <span class='ocrx_word' id='word_1_217' title='bbox 1168 3711 1407 3803; x_wconf 75' lang='lat' dir='ltr'>Miraevva,</span> <span class='ocrx_word' id='word_1_218' title='bbox 1433 3711 1734 3803; x_wconf 85' lang='lat' dir='ltr'>Pelcznicza,</span> <span class='ocrx_word' id='word_1_219' title='bbox 1760 3713 2031 3820; x_wconf 52' lang='lat' dir='ltr'>Krzenczi3</span> 
     </span>
     <span class='ocr_line' id='line_1_27' title="bbox 456 3833 2016 3927; baseline 0.001 -22"><span class='ocrx_word' id='word_1_220' title='bbox 456 3858 509 3906; x_wconf 91' lang='lat' dir='ltr'>no</span> <span class='ocrx_word' id='word_1_221' title='bbox 537 3839 572 3905; x_wconf 92' lang='lat' dir='ltr'>et</span> <span class='ocrx_word' id='word_1_222' title='bbox 599 3834 854 3906; x_wconf 86' lang='lat' dir='ltr'>Sdzeczcze</span> <span class='ocrx_word' id='word_1_223' title='bbox 882 3834 998 3924; x_wconf 89' lang='lat' dir='ltr'>donat,</span> <span class='ocrx_word' id='word_1_224' title='bbox 1026 3833 1195 3906; x_wconf 88' lang='lat' dir='ltr'>adscribit</span> <span class='ocrx_word' id='word_1_225' title='bbox 1221 3835 1432 3906; x_wconf 90' lang='lat' dir='ltr'>monasterio</span> <span class='ocrx_word' id='word_1_226' title='bbox 1458 3841 1628 3925; x_wconf 88' lang='lat' dir='ltr'>perpetuo</span> <span class='ocrx_word' id='word_1_227' title='bbox 1655 3836 1951 3927; x_wconf 87' lang='lat' dir='ltr'>Audrzeoviensi,</span> <span class='ocrx_word' id='word_1_228' title='bbox 1978 3843 2016 3907; x_wconf 88' lang='lat' dir='ltr'>et</span> 
     </span>
     <span class='ocr_line' id='line_1_28' title="bbox 457 3952 2014 4047; baseline 0 -20"><span class='ocrx_word' id='word_1_229' title='bbox 457 3957 618 4046; x_wconf 85' lang='lat' dir='ltr'>assignat.</span> <span class='ocrx_word' id='word_1_230' title='bbox 646 3955 733 4026; x_wconf 88' lang='lat' dir='ltr'>Item</span> <span class='ocrx_word' id='word_1_231' title='bbox 762 3952 947 4036; x_wconf 87' lang='lat' dir='ltr'>Gedeon</span> <span class='ocrx_word' id='word_1_232' title='bbox 984 3957 1166 4046; x_wconf 89' lang='lat' dir='ltr'>episcopus</span> <span class='ocrx_word' id='word_1_233' title='bbox 1193 3954 1449 4046; x_wconf 85' lang='lat' dir='ltr'>Gracoviensis,</span> <span class='ocrx_word' id='word_1_234' title='bbox 1485 3958 1647 4047; x_wconf 90' lang='lat' dir='ltr'>qnoniam</span> <span class='ocrx_word' id='word_1_235' title='bbox 1673 3961 1711 4028; x_wconf 91' lang='lat' dir='ltr'>et</span> <span class='ocrx_word' id='word_1_236' title='bbox 1737 3957 1812 4047; x_wconf 91' lang='lat' dir='ltr'>ipse</span> <span class='ocrx_word' id='word_1_237' title='bbox 1838 3955 1884 4029; x_wconf 88' lang='lat' dir='ltr'>de</span> <span class='ocrx_word' id='word_1_238' title='bbox 1910 3956 2014 4036; x_wconf 88' lang='lat' dir='ltr'>domo</span> 
     </span>
     <span class='ocr_line' id='line_1_29' title="bbox 457 4073 2083 4169; baseline 0.001 -22"><span class='ocrx_word' id='word_1_239' title='bbox 457 4084 493 4147; x_wconf 92' lang='lat' dir='ltr'>et</span> <span class='ocrx_word' id='word_1_240' title='bbox 520 4077 629 4167; x_wconf 90' lang='lat' dir='ltr'>stirpe</span> <span class='ocrx_word' id='word_1_241' title='bbox 656 4073 931 4167; x_wconf 87' lang='lat' dir='ltr'>Grysfonum</span> <span class='ocrx_word' id='word_1_242' title='bbox 960 4075 1109 4148; x_wconf 87' lang='lat' dir='ltr'>ducebat</span> <span class='ocrx_word' id='word_1_243' title='bbox 1134 4097 1263 4167; x_wconf 90' lang='lat' dir='ltr'>genus,</span> <span class='ocrx_word' id='word_1_244' title='bbox 1290 4077 1326 4147; x_wconf 90' lang='lat' dir='ltr'>in</span> <span class='ocrx_word' id='word_1_245' title='bbox 1353 4077 1512 4148; x_wconf 92' lang='lat' dir='ltr'>omnibus</span> <span class='ocrx_word' id='word_1_246' title='bbox 1539 4077 1631 4149; x_wconf 87' lang='lat' dir='ltr'>villis</span> <span class='ocrx_word' id='word_1_247' title='bbox 1658 4077 1826 4168; x_wconf 87' lang='lat' dir='ltr'>praefatis</span> <span class='ocrx_word' id='word_1_248' title='bbox 1853 4099 1918 4169; x_wconf 91' lang='lat' dir='ltr'>per</span> <span class='ocrx_word' id='word_1_249' title='bbox 1943 4078 1968 4149; x_wconf 87' lang='lat' dir='ltr'>J</span> <span class='ocrx_word' id='word_1_250' title='bbox 1977 4099 2015 4150; x_wconf 91' lang='lat' dir='ltr'>o·</span> <span class='ocrx_word' id='word_1_251' title='bbox 2078 4094 2083 4102; x_wconf 82' lang='grc'><strong><em>·</em></strong></span> 
     </span>
     <span class='ocr_line' id='line_1_30' title="bbox 456 4173 2014 4289; baseline 0.001 -20"><span class='ocrx_word' id='word_1_252' title='bbox 456 4199 648 4269; x_wconf 88' lang='lat' dir='ltr'>hannem</span> <span class='ocrx_word' id='word_1_253' title='bbox 689 4173 984 4287; x_wconf 76' lang='lat' dir='ltr'>archiepiscopum</span> <span class='ocrx_word' id='word_1_254' title='bbox 1022 4195 1260 4268; x_wconf 87' lang='lat' dir='ltr'>Gneznensem</span> <span class='ocrx_word' id='word_1_255' title='bbox 1297 4199 1508 4270; x_wconf 89' lang='lat' dir='ltr'>monasterio</span> <span class='ocrx_word' id='word_1_256' title='bbox 1544 4198 1819 4271; x_wconf 87' lang='lat' dir='ltr'>Andrzeoviensi</span> <span class='ocrx_word' id='word_1_257' title='bbox 1855 4198 2014 4289; x_wconf 89' lang='lat' dir='ltr'>donatis,</span> 
     </span>
     <span class='ocr_line' id='line_1_31' title="bbox 458 4317 2015 4409; baseline 0.001 -19"><span class='ocrx_word' id='word_1_258' title='bbox 458 4318 608 4391; x_wconf 89' lang='lat' dir='ltr'>decimas</span> <span class='ocrx_word' id='word_1_259' title='bbox 636 4339 716 4390; x_wconf 89' lang='lat' dir='ltr'>suas</span> <span class='ocrx_word' id='word_1_260' title='bbox 745 4324 780 4389; x_wconf 89' lang='lat' dir='ltr'>at</span> <span class='ocrx_word' id='word_1_261' title='bbox 808 4339 946 4390; x_wconf 90' lang='lat' dir='ltr'>mensae</span> <span class='ocrx_word' id='word_1_262' title='bbox 983 4339 1065 4389; x_wconf 89' lang='lat' dir='ltr'>suae</span> <span class='ocrx_word' id='word_1_263' title='bbox 1102 4319 1308 4409; x_wconf 89' lang='lat' dir='ltr'>episcopalis</span> <span class='ocrx_word' id='word_1_264' title='bbox 1336 4317 1592 4408; x_wconf 88' lang='lat' dir='ltr'>cracoviensis;</span> <span class='ocrx_word' id='word_1_265' title='bbox 1635 4321 1719 4392; x_wconf 82' lang='lat' dir='ltr'>item</span> <span class='ocrx_word' id='word_1_266' title='bbox 1746 4320 1836 4393; x_wconf 89' lang='lat' dir='ltr'>alias</span> <span class='ocrx_word' id='word_1_267' title='bbox 1861 4320 2015 4392; x_wconf 86' lang='lat' dir='ltr'>decimas</span> 
     </span>
     <span class='ocr_line' id='line_1_32' title="bbox 457 4431 2062 4543; baseline 0.002 -33"><span class='ocrx_word' id='word_1_268' title='bbox 457 4441 691 4531; x_wconf 88' lang='lat' dir='ltr'>manipulares</span> <span class='ocrx_word' id='word_1_269' title='bbox 727 4441 831 4511; x_wconf 91' lang='lat' dir='ltr'>etiam</span> <span class='ocrx_word' id='word_1_270' title='bbox 867 4459 1006 4510; x_wconf 89' lang='lat' dir='ltr'>mensae</span> <span class='ocrx_word' id='word_1_271' title='bbox 1043 4459 1128 4511; x_wconf 91' lang='lat' dir='ltr'>suae</span> <span class='ocrx_word' id='word_1_272' title='bbox 1164 4439 1383 4530; x_wconf 82' lang='lat' dir='ltr'>episcopatus</span> <span class='ocrx_word' id='word_1_273' title='bbox 1410 4431 1651 4514; x_wconf 87' lang='lat' dir='ltr'>cracoviensis</span> <span class='ocrx_word' id='word_1_274' title='bbox 1686 4442 1722 4512; x_wconf 92' lang='lat' dir='ltr'>in</span> <span class='ocrx_word' id='word_1_275' title='bbox 1747 4441 1842 4543; x_wconf 86' lang='lat' dir='ltr'>villis</span> <span class='ocrx_word' id='word_1_276' title='bbox 1880 4441 2014 4513; x_wconf 79' lang='lat' dir='ltr'>Skro</span> <span class='ocrx_word' id='word_1_277' title='bbox 2056 4483 2062 4486; x_wconf 97' lang='lat'>-</span> 
     </span>
     <span class='ocr_line' id='line_1_33' title="bbox 459 4550 2014 4653; baseline 0.001 -21"><span class='ocrx_word' id='word_1_278' title='bbox 459 4583 605 4652; x_wconf 81' lang='lat' dir='ltr'>nyov,</span> <span class='ocrx_word' id='word_1_279' title='bbox 640 4560 897 4650; x_wconf 85' lang='lat' dir='ltr'>Waszlino,</span> <span class='ocrx_word' id='word_1_280' title='bbox 934 4560 1016 4632; x_wconf 91' lang='lat' dir='ltr'>item</span> <span class='ocrx_word' id='word_1_281' title='bbox 1045 4561 1189 4632; x_wconf 89' lang='lat' dir='ltr'>alterius</span> <span class='ocrx_word' id='word_1_282' title='bbox 1216 4558 1455 4634; x_wconf 90' lang='lat' dir='ltr'>Waszlino</span> <span class='ocrx_word' id='word_1_283' title='bbox 1482 4583 1571 4653; x_wconf 88' lang='lat' dir='ltr'>qnae</span> <span class='ocrx_word' id='word_1_284' title='bbox 1598 4563 1696 4635; x_wconf 90' lang='lat' dir='ltr'>sedet</span> <span class='ocrx_word' id='word_1_285' title='bbox 1723 4583 1830 4653; x_wconf 90' lang='lat' dir='ltr'>supra</span> <span class='ocrx_word' id='word_1_286' title='bbox 1857 4550 2014 4634; x_wconf 82' lang='lat' dir='ltr'>Nidzi-</span> 
     </span>
     <span class='ocr_line' id='line_1_34' title="bbox 459 4681 2015 4775; baseline 0.003 -23"><span class='ocrx_word' id='word_1_287' title='bbox 459 4703 600 4772; x_wconf 88' lang='lat' dir='ltr'>ozam,</span> <span class='ocrx_word' id='word_1_288' title='bbox 626 4685 662 4754; x_wconf 93' lang='lat' dir='ltr'>in</span> <span class='ocrx_word' id='word_1_289' title='bbox 691 4704 758 4773; x_wconf 85' lang='lat' dir='ltr'>qua</span> <span class='ocrx_word' id='word_1_290' title='bbox 781 4681 903 4754; x_wconf 88' lang='lat' dir='ltr'>sedent</span> <span class='ocrx_word' id='word_1_291' title='bbox 931 4683 1102 4754; x_wconf 83' lang='lat' dir='ltr'>Conari</span> <span class='ocrx_word' id='word_1_292' title='bbox 1129 4683 1223 4754; x_wconf 87' lang='lat' dir='ltr'>inter</span> <span class='ocrx_word' id='word_1_293' title='bbox 1241 4683 1359 4755; x_wconf 89' lang='lat' dir='ltr'>villam</span> <span class='ocrx_word' id='word_1_294' title='bbox 1386 4683 1671 4775; x_wconf 79' lang='lat' dir='ltr'>Bugniovvet</span> <span class='ocrx_word' id='word_1_295' title='bbox 1697 4683 2015 4775; x_wconf 84' lang='lat' dir='ltr'>Nyegoslawi-</span> 
     </span>
     <span class='ocr_line' id='line_1_35' title="bbox 458 4805 2014 4898; baseline 0.003 -24"><span class='ocrx_word' id='word_1_296' title='bbox 458 4825 533 4875; x_wconf 91' lang='lat' dir='ltr'>cze</span> <span class='ocrx_word' id='word_1_297' title='bbox 561 4805 673 4894; x_wconf 85' lang='lat' dir='ltr'>sitam,</span> <span class='ocrx_word' id='word_1_298' title='bbox 701 4805 808 4894; x_wconf 88' lang='lat' dir='ltr'>dedit,</span> <span class='ocrx_word' id='word_1_299' title='bbox 836 4805 987 4894; x_wconf 91' lang='lat' dir='ltr'>donavit,</span> <span class='ocrx_word' id='word_1_300' title='bbox 1016 4811 1052 4876; x_wconf 92' lang='lat' dir='ltr'>et</span> <span class='ocrx_word' id='word_1_301' title='bbox 1079 4809 1247 4895; x_wconf 91' lang='lat' dir='ltr'>perpetuo</span> <span class='ocrx_word' id='word_1_302' title='bbox 1275 4805 1460 4895; x_wconf 85' lang='lat' dir='ltr'>inscripsit.</span> <span class='ocrx_word' id='word_1_303' title='bbox 1489 4805 1575 4878; x_wconf 90' lang='lat' dir='ltr'>cum</span> <span class='ocrx_word' id='word_1_304' title='bbox 1593 4806 1742 4898; x_wconf 90' lang='lat' dir='ltr'>denique</span> <span class='ocrx_word' id='word_1_305' title='bbox 1768 4806 1860 4878; x_wconf 86' lang='lat' dir='ltr'>infra</span> <span class='ocrx_word' id='word_1_306' title='bbox 1886 4807 2014 4879; x_wconf 90' lang='lat' dir='ltr'>limites</span> 
     </span>
     <span class='ocr_line' id='line_1_36' title="bbox 458 4925 2015 5034; baseline 0.001 -38"><span class='ocrx_word' id='word_1_307' title='bbox 458 4926 561 4997; x_wconf 89' lang='lat' dir='ltr'>villae</span> <span class='ocrx_word' id='word_1_308' title='bbox 589 4926 922 5014; x_wconf 88' lang='lat' dir='ltr'>Brzesznicza,</span> <span class='ocrx_word' id='word_1_309' title='bbox 958 4927 996 4996; x_wconf 91' lang='lat' dir='ltr'>in</span> <span class='ocrx_word' id='word_1_310' title='bbox 1022 4946 1090 5016; x_wconf 90' lang='lat' dir='ltr'>qua</span> <span class='ocrx_word' id='word_1_311' title='bbox 1117 4925 1262 4997; x_wconf 90' lang='lat' dir='ltr'>eeclesia</span> <span class='ocrx_word' id='word_1_312' title='bbox 1283 4931 1325 4996; x_wconf 87' lang='lat' dir='ltr'>et</span> <span class='ocrx_word' id='word_1_313' title='bbox 1351 4928 1555 4999; x_wconf 88' lang='lat' dir='ltr'>coenobium</span> <span class='ocrx_word' id='word_1_314' title='bbox 1580 4927 1727 5000; x_wconf 83' lang='lat' dir='ltr'>fundata</span> <span class='ocrx_word' id='word_1_315' title='bbox 1751 4934 1788 5000; x_wconf 90' lang='lat' dir='ltr'>et</span> <span class='ocrx_word' id='word_1_316' title='bbox 1814 4934 2015 5034; x_wconf 83' lang='lat' dir='ltr'>constructa</span> 
     </span>
     <span class='ocr_line' id='line_1_37' title="bbox 458 5047 2014 5140; baseline 0.002 -22"><span class='ocrx_word' id='word_1_317' title='bbox 458 5053 567 5136; x_wconf 86' lang='lat' dir='ltr'>erant,</span> <span class='ocrx_word' id='word_1_318' title='bbox 595 5047 759 5138; x_wconf 91' lang='lat' dir='ltr'>oppidum</span> <span class='ocrx_word' id='word_1_319' title='bbox 786 5047 999 5138; x_wconf 81' lang='lat' dir='ltr'>Andrzey</span> <span class='ocrx_word' id='word_1_320' title='bbox 1012 5069 1072 5118; x_wconf 91' lang='lat' dir='ltr'>ow</span> <span class='ocrx_word' id='word_1_321' title='bbox 1099 5047 1233 5120; x_wconf 88' lang='lat' dir='ltr'>diemm</span> <span class='ocrx_word' id='word_1_322' title='bbox 1261 5066 1425 5138; x_wconf 90' lang='lat' dir='ltr'>processu</span> <span class='ocrx_word' id='word_1_323' title='bbox 1451 5049 1738 5140; x_wconf 88' lang='lat' dir='ltr'>consurrexisset,</span> <span class='ocrx_word' id='word_1_324' title='bbox 1766 5051 2014 5122; x_wconf 88' lang='lat' dir='ltr'>monasterium</span> 
     </span>
     <span class='ocr_line' id='line_1_38' title="bbox 458 5147 2013 5263; baseline 0.003 -25"><span class='ocrx_word' id='word_1_325' title='bbox 458 5167 650 5257; x_wconf 88' lang='lat' dir='ltr'>praefatum</span> <span class='ocrx_word' id='word_1_326' title='bbox 679 5167 967 5240; x_wconf 85' lang='lat' dir='ltr'>Brzeszniozense</span> <span class='ocrx_word' id='word_1_327' title='bbox 1003 5169 1105 5239; x_wconf 92' lang='lat' dir='ltr'>titulo</span> <span class='ocrx_word' id='word_1_328' title='bbox 1141 5169 1321 5259; x_wconf 89' lang='lat' dir='ltr'>abrogato,</span> <span class='ocrx_word' id='word_1_329' title='bbox 1362 5147 1644 5243; x_wconf 77' lang='lat' dir='ltr'>Andraeoviense</span> <span class='ocrx_word' id='word_1_330' title='bbox 1671 5171 1819 5242; x_wconf 81' lang='lat' dir='ltr'>vocitari</span> <span class='ocrx_word' id='word_1_331' title='bbox 1855 5177 2013 5263; x_wconf 90' lang='lat' dir='ltr'>coeptum</span> 
     </span>
     <span class='ocr_line' id='line_1_39' title="bbox 459 5289 2015 5384; baseline 0.004 -25"><span class='ocrx_word' id='word_1_332' title='bbox 459 5295 512 5360; x_wconf 90' lang='lat' dir='ltr'>est</span> <span class='ocrx_word' id='word_1_333' title='bbox 539 5291 572 5359; x_wconf 93' lang='lat' dir='ltr'>in</span> <span class='ocrx_word' id='word_1_334' title='bbox 601 5290 690 5362; x_wconf 91' lang='lat' dir='ltr'>hanc</span> <span class='ocrx_word' id='word_1_335' title='bbox 718 5290 827 5378; x_wconf 88' lang='lat' dir='ltr'>diem,</span> <span class='ocrx_word' id='word_1_336' title='bbox 855 5311 896 5362; x_wconf 86' lang='lat' dir='ltr'>ex</span> <span class='ocrx_word' id='word_1_337' title='bbox 924 5289 1236 5362; x_wconf 89' lang='lat' dir='ltr'>Morimundinensi</span> <span class='ocrx_word' id='word_1_338' title='bbox 1263 5297 1377 5362; x_wconf 90' lang='lat' dir='ltr'>autem</span> <span class='ocrx_word' id='word_1_339' title='bbox 1405 5294 1616 5365; x_wconf 88' lang='lat' dir='ltr'>monasterio</span> <span class='ocrx_word' id='word_1_340' title='bbox 1643 5293 1680 5364; x_wconf 92' lang='lat' dir='ltr'>in</span> <span class='ocrx_word' id='word_1_341' title='bbox 1706 5293 1912 5384; x_wconf 89' lang='lat' dir='ltr'>Burgundia</span> <span class='ocrx_word' id='word_1_342' title='bbox 1939 5295 2015 5382; x_wconf 90' lang='lat' dir='ltr'>sito,</span> 
     </span>
     <span class='ocr_line' id='line_1_40' title="bbox 457 5409 2014 5508; baseline 0.003 -27"><span class='ocrx_word' id='word_1_343' title='bbox 457 5409 587 5482; x_wconf 89' lang='lat' dir='ltr'>fratres</span> <span class='ocrx_word' id='word_1_344' title='bbox 614 5413 791 5503; x_wconf 90' lang='lat' dir='ltr'>accersiti,</span> <span class='ocrx_word' id='word_1_345' title='bbox 829 5433 954 5484; x_wconf 91' lang='lat' dir='ltr'>novum</span> <span class='ocrx_word' id='word_1_346' title='bbox 982 5413 1230 5508; x_wconf 84' lang='lat' dir='ltr'>monasterium</span> <span class='ocrx_word' id='word_1_347' title='bbox 1257 5413 1540 5486; x_wconf 85' lang='lat' dir='ltr'>Andrzeoviense</span> <span class='ocrx_word' id='word_1_348' title='bbox 1567 5421 1695 5487; x_wconf 83' lang='lat' dir='ltr'>extunc</span> <span class='ocrx_word' id='word_1_349' title='bbox 1721 5415 1874 5487; x_wconf 89' lang='lat' dir='ltr'>incolere</span> <span class='ocrx_word' id='word_1_350' title='bbox 1901 5422 1939 5487; x_wconf 93' lang='lat' dir='ltr'>et</span> <span class='ocrx_word' id='word_1_351' title='bbox 1965 5417 2014 5486; x_wconf 93' lang='lat' dir='ltr'>in-</span> 
     </span>
     <span class='ocr_line' id='line_1_41' title="bbox 459 5532 2015 5631; baseline 0.004 -29"><span class='ocrx_word' id='word_1_352' title='bbox 459 5532 618 5606; x_wconf 86' lang='lat' dir='ltr'>habitare</span> <span class='ocrx_word' id='word_1_353' title='bbox 655 5541 862 5628; x_wconf 89' lang='lat' dir='ltr'>coeperunt,</span> <span class='ocrx_word' id='word_1_354' title='bbox 898 5535 978 5608; x_wconf 91' lang='lat' dir='ltr'>hinc</span> <span class='ocrx_word' id='word_1_355' title='bbox 1016 5555 1153 5628; x_wconf 91' lang='lat' dir='ltr'>quoque</span> <span class='ocrx_word' id='word_1_356' title='bbox 1187 5533 1415 5629; x_wconf 84' lang='lat' dir='ltr'>factumest,</span> <span class='ocrx_word' id='word_1_357' title='bbox 1442 5537 1730 5631; x_wconf 85' lang='lat' dir='ltr'>ntaplerisque</span> <span class='ocrx_word' id='word_1_358' title='bbox 1766 5539 2015 5610; x_wconf 87' lang='lat' dir='ltr'>monasterinm</span> 
     </span>
    </p>
   </div>
   <div class='ocr_carea' id='block_1_3' title="bbox 0 0 2263 6592">
    <p class='ocr_par' dir='ltr' id='par_1_5' title="bbox 0 0 2263 6592">
     <span class='ocr_line' id='line_1_42' title="bbox 0 0 2263 6592; baseline 0 0"><span class='ocrx_word' id='word_1_359' title='bbox 0 0 2263 6592; x_wconf 95' lang='lat' dir='ltr'> </span> 
     </span>
    </p>
   </div>
  </div>
 </body>
</html>
