4492 6592
1553 807 1557 814 ·
1704 769 1855 838 lll'

323 949 580 1063 Tnznczrasm
607 971 741 1044 decima
768 973 986 1062 monasterii,
1013 973 1200 1046 aestimata
1224 973 1270 1045 ad
1288 972 1405 1046 decem
1424 992 1569 1046 marcas.
1614 962 1618 968 ’

222 1131 223 1139 ¹
323 1093 562 1185 Ziannorum,
596 1093 731 1166 decima
758 1094 960 1166 monasterii
979 1093 1293 1184 Ymramoniensis,
1319 1095 1505 1167 aestimata
1531 1069 1775 1194 adduodecim

223 1234 366 1286 marcas.

309 1332 516 1427 Brauon,
551 1335 636 1408 villa
670 1336 735 1408 suh
770 1288 937 1427 parochia
972 1337 1139 1408 ecclesiae
1174 1337 1533 1425 Ymramawicze
1568 1338 1653 1427 sita,
1680 1340 1778 1411 cuius
1851 1410 1854 1414 ,
2002 1397 2006 1404 .

91 1527 92 1530 ,
220 1457 344 1527 haeres
371 1455 536 1530 Nicolaus
563 1455 977 1548 Ghrzauatonsky‚
1004 1454 1176 1528 vexillifer
1204 1456 1588 1532 Oraconiensisnohilis
1614 1459 1777 1532 dedomo

221 1578 532 1669 Strzegomya
572 1578 612 1649 In
640 1599 709 1669 qna
734 1583 817 1650 snut
843 1579 968 1668 viginti
998 1578 1091 1649 lanei
1116 1579 1370 1669 cmethnnales,
1408 1579 1451 1650 de
1479 1580 1603 1670 quibua
1629 1582 1777 1653 solvitur

221 1703 255 1769 uu
281 1698 490 1770 conducitur
525 1681 658 1771 uuuiuu
691 1699 917 1790 manipularis
955 1719 1020 1789 pru
1047 1699 1192 1771 auruum
1226 1700 1417 1789 uuuuniui
1452 1700 1570 1773 auum
1597 1701 1778 1774 auumiuu
1913 1774 1916 1780 a

91 1913 92 1916 Ἴ
222 1819 534 1910 Ymramoriensis‚
563 1825 599 1892 et
624 1821 724 1892 valor
755 1820 830 1892 eius
857 1820 1062 1892 aestimatur
1088 1820 1134 1891 ad
1159 1819 1283 1910 uiginti
1310 1841 1454 1893 marcas.
1497 1822 1586 1893 Item
1612 1825 1778 1895 tabernae

221 1939 325 2030 duae,
362 1962 433 2012 una
460 1941 598 2012 sculteti
634 1963 703 2012 non
730 1941 862 2013 hahens
899 1961 1017 2032 agros,
1053 1941 1122 2013 alla
1148 1941 1330 2030 haeredis,
1353 1963 1455 2032 .quae
1480 1943 1586 2014 solvit
1612 1943 1779 2057 decimam

220 2061 387 2134 curleaiae
423 2062 541 2134 Sancd
575 2063 782 2134 Benedicti·
817 2063 906 2134 Item
941 2063 1162 2134 hortulauiae
1201 2070 1353 2154 quatuor
1388 2064 1557 2136 hahentes
1592 2085 1701 2155 agros.
1734 2065 1778 2138 de

225 2183 388 2274 praedic,
416 2195 505 2276 quae
523 2183 665 2256 solvunt
689 2184 857 2256 decimam
875 2185 1125 2275 manipularem
1143 2185 1308 2256 ecclesiae
1326 2185 1445 2256 Sancti
1463 2185 1654 2257 Benedicti.
1692 2187 1780 2258 Item
1862 2274 1866 2280 q

91 2303 93 2306 ’
223 2310 277 2378 est
303 2305 355 2378 ibi
383 2305 563 2396 praedium
590 2327 695 2377 unum
723 2306 891 2395 militare,
927 2305 970 2378 de
998 2306 1094 2378 cuius
1126 2306 1221 2396 agris
1247 2306 1354 2378 etiam
1380 2305 1485 2378 datur
1511 2307 1644 2379 decima
1670 2308 1781 2378 mani-

91 2473 92 2480 n
220 2421 353 2517 pulcris
379 2429 445 2518 pro
463 2427 609 2500 eoelesia
633 2427 825 2518 parochiali
852 2426 971 2500 Sancti
997 2427 1181 2499 Benedicti
1208 2427 1494 2500 Ymramoviensi.
1534 2429 1622 2502 Item
1650 2429 1779 2501 sculte-

91 2589 92 2646 j
222 2549 272 2620 tia
297 2555 355 2620 est
382 2549 447 2640 ihi,
473 2549 607 2626 habens
622 2554 768 2631 ,autum
797 2548 884 2621 duas
902 2549 1022 2620 laneos
1050 2569 1229 2638 agrorum,
1256 2547 1443 2640 dequibus
1470 2550 1618 2622 solvitur
1644 2551 1780 2621 damma

91 2689 92 2704 ¹
221 2670 412 2761 pecunialis
448 2670 613 2742 ccclesiae
649 2670 842 2760 parochiali
878 2669 996 2741 Sancti
1023 2669 1204 2741 Benedicti
1238 2670 1275 2753 in
1304 2669 1679 2760 Ymramowicze3
1704 2671 1779 2743 iure

91 2819 93 2882 l
221 2797 302 2862 runt
328 2797 449 2863 autem
484 2791 534 2863 ihi
561 2811 621 2862 sex
657 2791 750 2862 lanei
776 2791 1005 2880 contectales,
1042 2789 1103 2862 scd
1131 2790 1301 2881 redempti
1331 2797 1415 2862 aaut
1440 2811 1505 2882 per
1530 2792 1718 2882 haeredes,
1736 2797 1780 2863 ‘et

91 2891 93 2926 *
151 2915 157 2932 “
189 2993 192 3000 ,
222 2911 364 2984 solvunt
379 2913 556 2984 w(decimam
584 2912 749 2984 ecclmiae
777 2911 809 2982 S.
836 2911 1027 2984 Benedicti.

324 3031 553 3124 Grannona,
580 3033 663 3104 villa
689 3033 754 3104 suh
772 3033 939 3124 parochia
965 3033 1132 3104 ecclesiae
1158 3032 1202 3103 de
1221 3030 1442 3103 Tscchza
1468 3033 1547 3124 sita,
1573 3033 1670 3106 cuius
1697 3034 1780 3105 hae-

222 3154 486 3228 res-Juhuunes
513 3153 600 3226 alias
634 3153 720 3225 Iuan
748 3154 791 3225 de
817 3153 1043 3244 Obychow
1078 3153 1122 3225 de
1150 3154 1256 3225 armis
1291 3153 1475 3226 Zuhrza
1509 3155 1656 3244 glonna
1693 3148 1780 3226 alias

91 3275 93 3364 l
225 3274 507 3367 Wyenyawa.
546 3275 586 3346 In
616 3295 684 3366 qua
711 3279 792 3347 aunt
817 3275 910 3346 lanei
937 3275 1189 3363 cmethnnales,
1225 3273 1269 3346 de
1297 3275 1422 3364 quibus
1449 3276 1608 3347 omnihus
1634 3275 1781 3347 soluitur

91 3377 93 3500 ἑ
225 3401 260 3466 11
276 3396 486 3468 conducitur
512 3395 646 3467 decima
680 3395 906 3486 manipularis
941 3396 1153 3468 monasterio
1189 3377 1482 3487 Ymramon'ieusi,
1518 3402 1554 3468 et
1584 3397 1683 3468 valor
1709 3397 1783 3468 eius

91 3555 93 3584 u
223 3517 429 3592 aestimatur
455 3516 499 3589 ad
527 3517 651 3608 uiginti
676 3523 830 3606 marcas,
857 3517 939 3588 item
967 3517 1114 3588 taberna
1140 3539 1212 3588 una
1237 3518 1370 3590 habens
1398 3539 1519 3610 agros,
1547 3518 1631 3589 item
1658 3519 1780 3590 hortu-

222 3635 308 3730 lani,
346 3639 431 3710 item
467 3638 647 3728 praedium
682 3645 737 3710 est
772 3637 911 3710 unicum
938 3637 1107 3728 militare,
1135 3638 1179 3711 de
1214 3639 1312 3712 cuius
1348 3641 1444 3730 agris
1474 3639 1622 3712 solvitur
1648 3639 1781 3711 decima

223 3759 452 3851 manipularis
471 3811 692 3829 .........
728 3818 736 3830 .

91 3985 93 3992 J
324 3881 618 3970 Pmusuuuuuu,
636 3879 720 3952 nilla
738 3860 801 3952 sub
819 3881 986 3970 parochia
1003 3879 1047 3951 de
1065 3877 1371 3972 Gywanonicze
1390 3881 1480 3971 sita,
1497 3881 1596 3952 cuins
1613 3881 1780 3953 haeredes
1847 3927 1856 3936 -
1934 3849 1939 3859 ’

91 3996 100 4024 Γ
226 4003 405 4075 Iohannes
431 4001 734 4094 Pyenyaszeli
762 4001 805 4072 de
824 4000 1263 4073 armisOdrowansch
1289 3999 1781 4095 et.'...'Zagorzenshy.

91 4103 116 4170 ἶ·
229 4125 266 4195 In
288 4147 360 4216 qna
380 4129 462 4196 sunt
478 4123 571 4194 lanei
589 4123 837 4212 cmethnnales,
856 4123 899 4194 de
918 4123 1042 4214 quibua
1061 4123 1189 4196 solutio
1207 4122 1361 4194 decimae
1377 4123 1604 4214 manipularis
1623 4130 1660 4195 et
1678 4145 1781 4195 cana-
1892 4136 1899 4142 '

91 4275 92 4320 r
224 4245 310 4336 palis
338 4245 518 4333 variatur3
546 4265 624 4314 nam
643 4244 810 4316 medietas
827 4240 930 4316 villae
957 4244 1062 4316 soluIt
1080 4263 1155 4315 eam
1181 4265 1247 4334 pro
1264 4245 1477 4317 monasterio
1495 4244 1781 4336 Ymramoniensi,
1866 4335 1874 4344 .

91 4423 93 4436 .
224 4373 258 4438 ct
283 4368 385 4438 valor
421 4367 495 4437 eius
532 4366 738 4437 aestimatur
774 4365 819 4437 ad
847 4419 961 4436 .....
967 4419 976 4456 ,
1011 4365 1181 4436 medietas
1217 4371 1334 4437 autem
1370 4366 1473 4438 uillae
1506 4367 1616 4439 soluit
1642 4387 1718 4438 eam
1745 4373 1782 4438 et

91 4489 95 4570 ζ
225 4489 387 4560 conducit
414 4507 477 4578 pro
506 4487 650 4558 ecclesia
676 4486 870 4577 parochiali
896 4487 932 4558 in
951 4483 1313 4579 Gynanonicze‚
1339 4493 1376 4559 et
1392 4488 1492 4560 valor
1517 4489 1593 4560 eius
1620 4489 1781 4561 aestima-

225 4614 282 4681 tur
308 4609 353 4681 ad
383 4663 523 4678 ......
562 4608 650 4679 Item
685 4608 852 4680 tabernae
880 4613 1076 4698 nunaunt,
1108 4609 1192 4679 item
1218 4609 1438 4682 hortulaniae
1465 4630 1534 4682 nun
1561 4615 1652 4682 sunt.
1693 4611 1781 4681 Item
1811 4706 1817 4714 1

227 4731 406 4821 praedium
434 4752 503 4802 non
531 4735 594 4820 est,
621 4729 705 4801 item
731 4729 966 4802 molendinum
991 4749 1062 4802 non
1088 4737 1152 4801 est.

91 4827 93 4914 ζ
204 4863 207 4868 ·
256 4867 261 4872 ’
329 4851 570 4941 Tuscznczr,
597 4851 681 4922 nilla
706 4852 940 4942 parochialem
968 4850 1147 4923 ecclesiam
1174 4851 1306 4923 hahens
1332 4852 1369 4922 in
1396 4871 1435 4924 ae
1461 4857 1632 4923 muratam
1658 4851 1783 4942 lapide,

227 4973 320 5045 cuius
340 4973 538 5045 medietatis
557 4973 680 5059 haeres
698 4971 875 5045 Johannes
897 4973 1157 5087 Denowsky
1183 4971 1346 5045 dedomo
1373 4971 1599 5045 Zamhrza
1624 4973 1780 5063 glonna,

229 5099 263 5164 et
288 5095 362 5166 lilia
387 5093 558 5166 Johannis
584 5093 911 5184 Baliczsky'de
937 5093 1038 5167 domo
1066 5093 1376 5186 Bippennium
1403 5094 1548 5165 alterius
1574 5092 1781 5165 medietatis.
1823 5186 1827 5191 Ι

91 5199 92 5270 ᾗ
148 5209 152 5217 “
228 5215 264 5284 11
284 5236 353 5306 qua
379 5221 461 5287 sunt
486 5215 578 5286 lanei
605 5215 855 5305 cmethnnales,
883 5194 981 5288 etde
1000 5216 1159 5288 omnibus
1187 5215 1336 5286 solvitur
1362 5220 1400 5286 et
1417 5201 1622 5285 conducitur
1648 5214 1781 5285 decima

224 5337 452 5428 manipularis
478 5341 516 5408 et
541 5335 717 5426 cauapalis
743 5357 807 5426 pro
833 5337 1046 5411 monasterio
1073 5337 1109 5406 ln
1136 5335 1502 5440 Ymramonioze,
1529 5340 1565 5407 et
1582 5334 1680 5406 valor
1707 5336 1781 5406 eius

231 5458 433 5530 aestimatur
460 5455 504 5528 ad
522 5455 672 5529 sedecim
698 5477 844 5529 marcas,
883 5457 972 5529 Item
990 5457 1157 5530 tabernae
1181 5461 1269 5546 tres,
1296 5477 1367 5527 una
1392 5455 1571 5547 haeredis,
1597 5456 1687 5528 duae
1708 5436 1781 5548 pless

91 5599 93 5662 ᾖ
212 5577 307 5648 ¹bani
332 5579 503 5652 habentes
529 5599 647 5669 agnou,
674 5585 710 5650 et
727 5579 840 5670 prima
867 5578 972 5650 solvit
999 5577 1148 5668 plebano
1270 5577 1359 5649 Item
1377 5577 1574 5667 hortulani,
1600 5578 1685 5650 item
1711 5577 1780 5649 duo

91 5727 92 5800 j
231 5700 371 5788 praedia
406 5699 590 5792 militaria,
625 5701 730 5773 etde
757 5701 939 5794 utrIusque
975 5699 1069 5796 agris
1105 5698 1252 5776 solvitur
1275 5687 1422 5777 ‘decima
1455 5700 1682 5796 manipularis
1716 5722 1780 5791 pro
