4492 6592
503 768 577 839 398

498 972 647 1064 quilibet
669 970 718 1041 de
741 970 845 1041 laneo
871 986 932 1041 sex
949 988 1092 1059 gronam
1110 967 1268 1039 latorum
1287 986 1487 1057 grossorum
1507 966 1742 1058 Prageusium,
1769 973 1832 1038 aut
1859 972 1938 1037 octo
1952 984 2043 1056 gros-

502 1113 559 1164 ευε
584 1091 784 1163 communis.
810 1089 898 1161 Item
924 1095 980 1161 est
1005 1088 1054 1161 ibi
1080 1088 1252 1177 scoltetia,
1279 1088 1411 1160 liabens
1438 1108 1543 1159 uuum
1571 1088 1718 1177 laneum3
1743 1088 1828 1159 item
1852 1106 1923 1157 roa
1940 1086 2043 1159 taber-

501 1232 547 1283 ua
573 1211 794 1300 monasterii,
829 1210 962 1287 babens
988 1224 1093 1281 nrum
1120 1208 1266 1299 haeum,
1294 1215 1331 1280 et
1357 1209 1502 1300 quilibet
1529 1208 1634 1281 solvit
1660 1226 1731 1300 pro
1751 1195 1966 1299 monasterio
1991 1226 2044 1297 pro

500 1332 634 1403 decima
659 1352 720 1403 ser
746 1350 888 1421 grossos
914 1330 1014 1420 latos,
1040 1336 1102 1401 aut
1128 1334 1207 1400 octo
1234 1349 1439 1401 communes.

604 1443 837 1541 Rcarsszm,
873 1450 956 1523 villa
982 1450 1047 1520 sub
1073 1450 1240 1555 parocbia
1266 1450 1432 1521 ecclesiae
1458 1449 1502 1521 de
1528 1450 1849 1541 Kelczouicze
1885 1448 1975 1536 sita,
2008 1448 2045 1518 ad

499 1572 750 1663 proprieutem
777 1570 981 1643 monasterii
1008 1567 1347 1660 Goprzynoicueusis
1374 1568 1562 1660 pertinens.
1598 1568 1639 1641 Im
1666 1590 1735 1661 qua
1761 1574 1844 1641 sunt
1871 1566 2045 1641 duodecim

500 1692 592 1763 lanei
619 1692 872 1782 cmethouales,
907 1696 944 1762 et
970 1690 1111 1763 solvunt
1146 1690 1312 1761 decimam
1341 1690 1553 1779 pecunialem
1571 1753 1576 1761 ,
1592 1690 1803 1761 monasterio
1830 1686 2047 1779 Goprzywui-

500 1815 625 1904 czeusi,
652 1813 799 1904 quilibet
824 1811 868 1883 de
894 1812 995 1883 laneo
1021 1831 1081 1883 sex
1108 1832 1250 1901 grossos
1277 1810 1377 1901 latos,
1404 1818 1467 1883 aut
1493 1816 1572 1883 octo
1599 1806 1915 1887 commistam
1934 1814 1989 1879 est
2006 1810 2048 1879 ibi

501 1935 688 2022 scultetus,
722 1934 856 2005 babeas
883 1940 1034 2023 quatuor
1059 1932 1198 2022 lamus,
1233 1932 1430 2022 dequibus
1464 1932 1572 2005 solvit
1606 1932 1773 2003 deducam
1800 1930 2047 2022 manipularem

497 2055 668 2126 mesiae
692 2054 885 2144 parochiali
911 2054 948 2125 iu
973 2052 1303 2125 Kelczowiczc.
1330 2053 1416 2125 Item
1444 2054 1623 2143 praedium
1649 2074 1719 2125 nou
1744 2059 1810 2124 est

606 2173 850 2266 Gsomrsro,
878 2174 961 2246 villa
986 2175 1052 2245 sub
1078 2173 1244 2263 parocbia
1271 2173 1314 2244 de
1341 2174 1653 2246 Dobrzecbow
1681 2175 1758 2262 sita,
1785 2173 1829 2244 ad
1857 2172 2049 2263 proprieta-

431 2299 435 2307 '
500 2302 571 2368 tem
596 2297 776 2387 pertiuam
802 2295 1006 2367 monasterii
1032 2292 1380 2386 Goprzyrrniczonsis.
1420 2295 1459 2365 Iu
1488 2316 1557 2386 qua
1582 2300 1667 2365 sunt
1691 2294 1783 2365 lanei
1810 2294 2050 2382 cmellrooales,

374 2452 381 2461 ·
501 2425 539 2489 ct
565 2416 711 2509 quilibet
736 2417 842 2489 addc
868 2436 933 2507 pro
948 2416 1085 2487 decima
1110 2416 1282 2506 pecuniali
1300 2416 1514 2489 monasterio
1533 2414 1852 2507 Gopruywnicaensi
1877 2418 1940 2485 s'ex
1956 2435 2050 2503 gros·

502 2556 559 2609 sos
585 2537 735 2610 htorum
759 2558 973 2628 quorsom,
995 2542 1059 2609 ut
1074 2542 1165 2635 octo
1191 2556 1334 2627 grossos
1360 2537 1559 2630 communis.

536 2676 540 2691 ·
603 2658 795 2749 Zenona,
835 2658 919 2730 villa
943 2658 1009 2729 sub
1034 2657 1393 2748 parochiaeoclesiee
1420 2658 1464 2729 de
1491 2656 1805 2729 Dobrzecbow
1832 2657 1922 2745 sita,
1958 2656 2049 2727 cuius

500 2782 698 2871 proprietas
732 2780 777 2851 ad
808 2780 1055 2851 mwastemm
1089 2776 1421 2869 Ooprrywniczcuse
1456 2780 1617 2869 pertinet
1662 2778 1701 2849 Im
1738 2798 1808 2868 qra
1843 2784 1928 2849 sunt
1963 2778 2049 2847 lanei

500 2901 746 2991 cmethonales,
768 2907 808 2971 et
834 2900 981 2992 quilibet
1003 2900 1111 2971 solvit
1145 2920 1209 2989 pro
1237 2899 1369 2971 decima
1396 2900 1566 2990 pecuniali
1594 2900 1805 2973 nonmerio
1831 2896 2050 2988 Ooprzprrri-

501 3024 615 3093 czeusi
642 3044 703 3093 sex
728 3042 870 3112 grossos
897 3021 1046 3093 latorum
1072 3040 1282 3111 grossorum,
1311 3026 1373 3093 aut
1398 3026 1477 3092 octo
1503 3042 1644 3111 grossos
1671 3021 1870 3091 eommunis.

604 3141 865 3214 Gonczoweaa
892 3140 1049 3231 Wonra,
1076 3141 1160 3212 villa
1186 3140 1251 3213 sub
1278 3142 1444 3231 parocbia
1469 3142 1514 3213 de
1539 3140 1852 3213 Dobrzccbow
1880 3141 1968 3227 sita,
1995 3162 2048 3211 cu-

500 3263 557 3334 ius
582 3264 779 3353 preprietas
804 3262 849 3333 ad
876 3262 1123 3335 monasterinm
1141 3261 1472 3355 Goprzywniczense
1499 3264 1661 3353 pertinet
1684 3262 1727 3333 ln
1756 3282 1824 3352 qua
1850 3270 1935 3333 sunt
1950 3258 2048 3333 'lanei

451 3476 454 3481 Ι
501 3384 746 3472 matitunales,
772 3389 810 3455 et
836 3383 981 3473 quilibet
1013 3382 1116 3455 solvit
1144 3404 1208 3473 pro
1235 3384 1368 3455 decima
1395 3384 1565 3474 peculum
1592 3374 1804 3455 monasterio
1830 3380 2048 3474 &muni-

500 3504 614 3575 crcusi
641 3524 702 3575 sex
728 3524 869 3594 grossos
895 3504 1044 3575 latorum
1070 3524 1281 3596 grossorum,
1308 3512 1370 3577 aut
1394 3526 1537 3595 grossos
1562 3512 1643 3577 octo
1669 3506 1869 3579 mmmrnia

604 3624 844 3696 Zenoucmna
871 3623 1026 3715 Woenr,
1052 3626 1137 3696 villa
1163 3626 1228 3697 sab
1246 3626 1412 3716 parocbia
1438 3626 1481 3698 de
1508 3606 1821 3697 Dobr'uecbow
1848 3626 1929 3715 sita,
1956 3626 2046 3697 cuim

499 3725 697 3837 proprietas
731 3746 776 3818 ad
811 3725 1059 3819 monasterinm
1094 3746 1433 3837 (loprryuniozeuse¹
1460 3749 1621 3839 pertimet,
1647 3748 1705 3819 .lu
1743 3766 1810 3839 qua
1845 3754 1930 3819 sunt
1962 3746 2046 3817 lrmei

450 3864 455 3873 ’
500 3868 744 3965 cmetbonales,
770 3876 808 3941 et
834 3868 981 3959 quilibet
1006 3867 1113 3940 solvit
1145 3888 1208 3959 pro
1236 3869 1369 3941 decima
1396 3870 1565 3961 psmnidi
1592 3869 1803 3943 mosterio
1825 3861 2047 3959 Goprzyrrri·

497 3967 612 4059 cneum
640 4008 701 4060 sex
727 4008 870 4079 moseos
896 3990 1043 4061 latorum
1070 4008 1282 4081 grossorum,
1309 3998 1370 4063 ant
1395 3998 1475 4063 octo
1500 3985 1643 4083 'grossos
1669 3991 1869 4064 communis.

602 4109 879 4182 Sznnononrur
907 4110 1052 4181 Wonua
1079 4110 1168 4182 alias
1195 4111 1383 4203 Vrszons,
1412 4112 1494 4184 villa
1512 4114 1576 4184 sub
1595 4114 1759 4204 parocbia
1785 4112 1830 4183 de
1857 4112 2046 4183 Dobrae

498 4231 622 4303 ebor
648 4231 727 4322 site,
753 4230 852 4303 cuius
879 4232 1074 4322 proprietas
1100 4232 1146 4303 ad
1175 4236 1422 4305 monasterium
1449 4232 1777 4325 Goprayaroiczeuse
1803 4235 1969 4324 pertinet
2011 4233 2046 4303 ln

499 4374 569 4443 qna
596 4359 677 4424 sunt
701 4352 792 4423 lanei
820 4353 1072 4443 cnuethonales,
1107 4360 1144 4425 et
1171 4354 1317 4445 quilibet
1345 4355 1449 4450 solvit
1485 4376 1548 4446 pro
1574 4355 1708 4427 decima
1726 4356 1905 4446 pecuniali
1933 4376 2047 4427 nona·
2141 4338 2143 4433 l

328 4554 335 4561 ,
480 4475 608 4545 sterio
632 4474 953 4566 Gopraywmicnensi
989 4496 1049 4546 sor
1084 4496 1226 4565 grossos
1261 4474 1411 4547 latorum
1446 4497 1665 4568 grossorum,
1706 4483 1767 4549 aut
1791 4484 1874 4549 octo
1909 4486 2049 4567 grossos

499 4596 700 4667 communis.

392 4812 402 4822 α
603 4712 768 4789 oona
795 4716 836 4787 Iu
863 4714 1093 4789 Gracovia
1119 4718 1225 4790 habet
1251 4720 1496 4791 monasterium
1520 4718 1847 4812 Uoprayumczense
1874 4722 2047 4812 propriam
2142 4804 2143 4813 ἵ

495 4843 536 4909 et
562 4842 763 4928 perpetuam
790 4838 947 4926 donum,
983 4860 1092 4929 prope
1128 4840 1306 4911 ecclesiam
1336 4840 1453 4911 Sancti
1481 4839 1632 4931 Spiritus
1659 4841 1862 4932 hospitalis,
1889 4848 1927 4913 et
1956 4844 2048 4914 iuxta
2142 4842 2143 4895 i

497 4959 636 5031 domum
663 4958 1046 5047 sanctimonialiumde
1073 4960 1434 5053 Stbanyantbky
1471 4962 1583 5033 sitam.
1624 4960 1719 5032 llaec
1746 4965 1960 5033 monasterio
1988 4963 2047 5033 Oo-
2142 5038 2143 5049 ,

497 5080 766 5171 przywmiczensi
792 5078 913 5151 taliter
939 5081 1108 5171 provenit:
1138 5081 1363 5153 Nicolaus
1400 5082 1584 5173 siquidem.
1598 5084 1706 5155 abbas
1732 5081 1900 5154 Clarae
1929 5083 2046 5155 Tum·

497 5202 597 5291 bae,
624 5202 740 5273 vllam
768 5202 911 5291 hang,
946 5222 1034 5293 quae
1060 5208 1138 5273 erat
1164 5203 1207 5273 de
1233 5208 1330 5275 sorte
1354 5210 1393 5273 et
1420 5182 1463 5274 de
1490 5204 1656 5294 primaria
1691 5204 1894 5282 baladone
1934 5222 2047 5277 mona·
2141 5226 2143 5309 J

497 5325 596 5395 sterii
622 5323 979 5417 Coprzywniczeusis,
1014 5332 1051 5396 et
1077 5346 1179 5415 quarn
1216 5326 1463 5397 monasterium
1491 5316 1820 5419 Ooprzywniczcn'se
1847 5316 2045 5401 consulibus
2142 5370 2143 5379 κ

490 5445 783 5518 cracoviensibus
808 5446 1023 5539 vendiderat,
1051 5448 1086 5517 in
1103 5468 1200 5518 suam
1218 5449 1375 5520 traheret
1402 5450 1659 5541 proprietatem,
1686 5456 1851 5541 tauquam
1869 5452 1938 5522 sibi
1969 5472 2044 5541 pro-

497 5574 577 5657 pter
604 5568 815 5639 uicinitatem
843 5568 944 5641 valde
970 5569 1234 5661 commodosaru,
1263 5570 1477 5661 praedictam
1496 5572 1613 5643 uillam
1641 5566 1765 5662 Labg
1791 5594 1882 5645 aruo
1905 5573 2046 5645 vDomini
2142 5626 2143 5643 ,

500 5687 611 5775 raas,
635 5690 672 5759 iu
698 5690 756 5761 die
780 5687 912 5762 Baetae
929 5688 1328 5781 Mariaeldagdalenae,
1355 5694 1530 5783 emptione
1555 5700 1726 5783 perpetua
1752 5701 1789 5765 ot
1815 5694 2044 5784 irrevocabili,
