4492 6592
503 695 576 765 124

603 900 850 989 Snasuownn,
877 898 960 969 villa
987 898 1051 968 sub
1078 897 1245 988 parocbia
1270 897 1315 968 de
1341 895 1390 969 01
1403 897 1640 969 obuczslso
1668 899 1744 988 sita,
1772 897 1875 968 cuius
1904 897 2059 986 proprie·

499 1030 554 1092 tas
567 1021 625 1093 ad
652 1020 898 1091 monasterium
918 1018 1254 1093 Ozanstochoviense
1281 1020 1444 1110 pertinet,
1471 1017 1603 1090 donata
1628 1019 1740 1090 eidem
1757 1017 1982 1090 monasterio
2000 1039 2058 1108 per

499 1142 793 1215 Vludislaum
821 1140 1076 1211 Secund-um
1103 1138 1271 1212 Poloniae
1296 1159 1424 1230 regem.
1450 1140 1491 1210 In
1510 1161 1580 1230 qna
1596 1145 1678 1211 sunt
1694 1139 1787 1210 lanei
1805 1139 2058 1228 cmetbonales,

500 1268 537 1334 et
563 1262 708 1352 quilibet
722 1260 840 1332 'solvit
859 1315 972 1350 .....
1000 1261 1083 1330 item
1111 1280 1187 1350 ova
1216 1261 1298 1332 item
1317 1261 1439 1351 gallos,
1465 1261 1549 1331 item
1568 1280 1696 1348 caseos,
1723 1262 1806 1330 item
1836 1260 1952 1347 labor,
1978 1260 2058 1329 item

493 1381 686 1478 poscebam,
713 1383 796 1452 item
823 1377 979 1476 baazpep,
1014 1382 1095 1452 item
1124 1403 1194 1452 nou
1222 1388 1304 1453 sunt
1330 1383 1365 1452 in
1392 1381 1512 1452 eadem
1540 1381 1632 1469 villa'
1649 1381 1836 1469 tabernae,
1874 1401 1948 1450 non
1980 1386 2058 1450 aunt

370 1595 373 1604 ¹
499 1505 729 1592 hortulaniae3
755 1511 810 1573 est
837 1504 884 1573 ibi
912 1503 1082 1591 scoltetia,
1110 1503 1243 1574 babens
1261 1557 1269 1572 .
1288 1559 1296 1572 .
1315 1558 1323 1572 .
1342 1527 1381 1591 .;
1419 1503 1503 1599 item
1531 1525 1599 1574 non
1627 1511 1682 1573 est
1708 1503 1757 1573 ibi
1785 1491 1934 1592 aliquod
1961 1521 2057 1590 prae·

499 1625 604 1714 dium;
631 1625 714 1695 item
742 1625 785 1695 de
813 1624 971 1694 omnibus
998 1623 1109 1692 laneis
1143 1630 1180 1693 et
1206 1625 1367 1694 scoltetia
1392 1614 1546 1695 solvitur
1567 1623 1701 1694 decima
1727 1623 1926 1712 pecunialis
1953 1622 2057 1692 eccle

499 1747 571 1817 siae
599 1748 634 1816 in
663 1743 977 1833 Globuozsko,
1005 1743 1048 1813 de
1077 1743 1232 1833 quolibet
1257 1744 1359 1815 laneo
1385 1765 1449 1835 per
1475 1764 1536 1816 sex
1563 1763 1715 1835 grossos.
1925 1721 1929 1725 ’

603 1867 778 1955 Loosm,
813 1865 896 1936 villa
923 1865 987 1935 sub
1014 1864 1181 1954 parocbia
1207 1864 1250 1935 de
1277 1864 1575 1937 Globuczsko
1601 1867 1690 1955 sita,
1730 1866 1828 1936 cuius
1857 1863 2056 1954 proprietas

500 1987 544 2058 ad
571 1987 817 2058 monasterium
854 1983 1188 2056 Gzanstocboviense
1224 1990 1395 2075 pertinet,
1432 1986 1562 2058 donata
1596 1986 1707 2057 eidem
1743 1985 1963 2057 monasterio
1998 2003 2056 2073 per

499 2107 794 2180 Vladisla'um
829 2105 1085 2178 Secundum
1121 2104 1286 2178 Polouiae
1322 2127 1449 2197 regem.
1493 2107 1534 2178 In
1561 2127 1631 2200 qua
1664 2113 1748 2178 sunt
1781 2107 1955 2178 tredecim
1983 2125 2055 2174 cum

499 2229 613 2299 medio
637 2227 730 2297 lanei
758 2227 1002 2316 cmetbonales,
1030 2233 1066 2297 et
1085 2228 1232 2318 quilibet
1247 2227 1365 2298 solvit
1389 2227 1538 2299 mediam
1565 2242 1728 2317 marcam,
1754 2229 1839 2298 item
1871 2247 1949 2316 ova,
1976 2226 2053 2296 item

499 2349 620 2440 gallos,
646 2349 729 2418 item
757 2367 885 2436 caseos,
913 2348 997 2418 item
1024 2347 1134 2437 labor,
1160 2348 1244 2418 item
1264 2346 1458 2442 poscebam,
1485 2349 1569 2418 item
1587 2370 1734 2444 osazyep.
1760 2349 1851 2419 Item
1880 2368 1953 2418 non
1979 2351 2055 2416 sunt

495 2472 532 2540 in
559 2470 680 2540 eadem
707 2469 790 2538 villa
816 2469 992 2557 tabernae,
1020 2489 1089 2539 non
1108 2475 1190 2539 sunt
1207 2469 1434 2540 hortuloniae.
1459 2469 1549 2540 Item
1574 2468 1641 2540 luit
1666 2471 1702 2540 in
1720 2469 1842 2540 eadem
1861 2487 1955 2538 unns
1973 2465 2053 2537 villa

499 2591 625 2660 nobilis
643 2588 862 2677 Mikosch,
880 2589 1011 2659 habens
1035 2589 1105 2658 illio
1122 2610 1228 2659 unum
1246 2595 1383 2660 tantum
1410 2590 1601 2679 praedium
1628 2589 1690 2660 sed
1707 2589 1876 2660 Nicotaus
1904 2586 2053 2659 Borei-

500 2710 685 2800 nowsky
721 2710 874 2780 existens
909 2716 992 2779 tuno
1032 2710 1130 2798 prior
1165 2709 1388 2799 provincialis
1423 2709 1784 2799 Gzanstocboviensis,
1821 2709 1890 2800 p'ro
1917 2713 2050 2779 centum

498 2832 624 2902 marcis
652 2831 777 2900 coemit
802 2829 888 2900 illud
915 2849 978 2918 pro
1006 2831 1233 2924 monasterio,
1254 2837 1291 2901 et
1308 2831 1416 2901 babet
1443 2832 1491 2901 ibi
1518 2831 1766 2902 monasterium
1792 2830 1989 2921 praedium,
2014 2827 2053 2898 de

501 2973 569 3042 quo
596 2951 700 3022 solvit
718 2927 885 3020 decimam
904 2950 1156 3038 manipularem
1183 2951 1347 3021 ecclesiae
1374 2952 1409 3021 io
1437 2950 1698 3022 Globuczsl(
1712 2973 1742 3022 o.
1769 2952 1856 3021 Item
1886 2950 1931 3020 de
1950 2949 2053 3020 omni-

498 3073 563 3143 bus
591 3071 684 3160 agris
713 3069 815 3141 villae
843 3069 991 3140 solvitur
1018 3076 1053 3140 et
1081 3071 1285 3142 conducitur
1312 3071 1445 3142 decima
1470 3073 1697 3162 manipularis
1719 3078 1756 3144 et
1774 3071 1956 3161 canapalis
1983 3089 2050 3138 mo·

500 3191 653 3262 nasterio
681 3191 717 3260 in
744 3189 1056 3279 Olobuczsko,
1084 3199 1120 3262 et
1146 3191 1246 3262 valor
1263 3194 1337 3262 eius
1357 3193 1562 3264 aestimatur
1585 3193 1630 3264 nd
1647 3192 1763 3264 decom
1792 3213 1941 3264 marcas.
1968 3189 2051 3260 Cou—

470 3311 588 3428 'inat
614 3331 689 3381 cum
718 3309 994 3418 Pyerschne.

603 3431 791 3521 Jnmrsun,
819 3452 887 3502 non
916 3437 971 3501 est
997 3431 1089 3520 villa,
1117 3432 1178 3502 sed
1206 3433 1304 3523 sylva
1331 3439 1367 3504 et
1384 3434 1491 3504 borra
1516 3441 1661 3504 extensa
1687 3439 1723 3504 et
1749 3435 1830 3523 lata,
1857 3453 1949 3524 quae
1975 3429 2049 3499 olim

500 3553 544 3624 ad
572 3553 688 3624 villam
724 3551 944 3624 Zakrzovv
980 3571 1088 3644 prope
1123 3551 1417 3624 Globuczslro
1453 3556 1573 3643 sitam,
1601 3554 1708 3626 etad
1744 3556 1818 3624 eius
1853 3553 1985 3625 incolas
2011 3570 2048 3618 ex

500 3675 643 3765 antiquo
671 3673 877 3764 pertinebat,
905 3679 941 3744 et
967 3695 1069 3764 quam
1097 3673 1246 3764 praelati
1263 3675 1398 3746 incolae
1424 3675 1468 3746 de
1495 3675 1720 3747 Zakrzovv
1746 3696 1848 3766 apum
1877 3682 1926 3746 et·
1941 3670 2045 3744 mellis

500 3797 670 3872 alveariis
688 3794 917 3885 impleverant
937 3801 980 3901 'et
1006 3815 1070 3884 pro
1097 3793 1263 3867 Poloniae
1290 3816 1373 3886 rege
1400 3797 1534 3868 tributa
1551 3797 1665 3867 mellis
1693 3797 1882 3867 secundum
1920 3790 2050 3885 quanti-

499 3923 607 3988 tatem
634 3917 746 3988 mellis
773 3938 815 3990 ex
843 3916 903 3988 illa
929 3916 1129 4010 solvebant,
1155 3916 1287 4007 sylvam
1322 3924 1439 3990 autem
1466 3917 1656 4008 praefatam
1685 3939 1762 3988 oum
1787 3919 1859 3989 suis
1893 3912 2047 3988 alveariis

501 4039 658 4110 omnibus
695 4045 731 4108 et
758 4037 953 4111 attinentiis
988 4037 1167 4128 praefatus
1201 4037 1483 4111 Vladislaus
1522 4038 1763 4110 Secundus
1789 4038 1957 4110 Poloniae
1983 4053 2050 4120 rer,

498 4159 674 4231 fundando
690 4159 938 4230 monasterium
953 4157 1298 4249 Ozanstocbovieuse,
1313 4161 1357 4230 ab
1371 4160 1501 4231 eisdem
1516 4161 1755 4231 cmetbonibus
1769 4160 1812 4231 de
1832 4160 1981 4230 Zakr'z
1990 4176 2010 4225 o
2019 4173 2047 4223 v

501 4279 664 4368 abstulit,
699 4286 736 4348 et
762 4279 971 4350 monasterio
1005 4277 1335 4351 Gzanstocboviensi
1370 4287 1536 4370 perpetuu
1573 4260 1720 4352 contulit
1746 4287 1783 4351 et
1808 4277 2047 4375 incorporavit,

501 4404 599 4498 iuxta
627 4421 728 4490 quam
755 4399 879 4470 fluvius
906 4399 1153 4470 Suarnowa
1188 4400 1351 4490 decurrit,
1378 4401 1414 4471 in
1443 4423 1510 4491 quo
1536 4401 1641 4473 fluvio
1676 4401 1793 4473 locata
1828 4408 1882 4473 est
1914 4400 2046 4478 laomen

503 4543 591 4612 quae
619 4521 771 4610 pertinet
789 4519 832 4590 ad
861 4527 1011 4594 castrum
1031 4519 1278 4610 Grzepiczense
1304 4527 1341 4592 et
1366 4529 1511 4592 vocatur
1538 4522 1770 4593 Hankova
1795 4523 1987 4594 fabrica.

607 4640 927 4730 Gzarvssocuovvs,
955 4640 1118 4730 oppidum
1146 4643 1278 4714 babens
1296 4643 1332 4712 in
1351 4663 1389 4714 se
1415 4643 1593 4714 ecclesiam
1620 4645 1853 4733 parochialem
1870 4648 2044 4722 muratam,

503 4765 601 4834 iuxta
626 4758 767 4832 fluvium
794 4759 984 4832 Wartha
1011 4762 1135 4850 situm,
1171 4764 1267 4832 onius
1304 4765 1500 4853 proprietas
1527 4763 1571 4834 ad
1599 4765 1858 4836 serenissimum
1890 4761 2044 4847 Poloniae¹

502 4883 817 4974 regem'pertinet,
855 4881 897 4952 de
925 4883 1021 4952 cuius
1048 4884 1286 4973 proventibus
1302 4884 1580 4956 Vladislaus
1615 4885 1854 4957 Secundus
1889 4882 2042 4956 Polouiac

502 5027 575 5094 rer,
594 5002 770 5076 fundando
790 5003 1037 5074 monasterium
1056 5002 1399 5093 Gzanstochoviense,
1419 5012 1569 5094 quatuor
1586 5027 1721 5078 marcas
1738 5008 1890 5078 latorum
1916 5021 2044 5097 grosso-

503 5148 579 5198 rum
606 5123 833 5214 Pragensium
869 5125 1079 5218 monasterio
1115 5113 1275 5213 praelato
1310 5125 1638 5197 Gzanstocboviensi
1666 5127 1818 5217 donavit,
1846 5123 2043 5198 contulitet

503 5247 690 5336 inscripsit,
718 5265 761 5316 cx
789 5245 948 5316 censibus
985 5245 1103 5336 oppidi
1139 5244 1304 5334 praelati.
1344 5267 1408 5336 per
1438 5249 1686 5318 monasterium
1720 5247 2042 5322 Osanstocboviense

504 5366 752 5464 percipiendas.
1575 5438 1579 5446 ,
1792 5344 1795 5352 ’

585 5471 700 5560 Ιὓυο
738 5485 909 5561 macella.
953 5487 1040 5558 Item
1077 5487 1111 5557 in
1139 5486 1298 5576 praelato
1334 5509 1397 5559 suo
1434 5490 1559 5579 oppido
1596 5491 1693 5580 regio
1729 5479 2041 5561 Granstocbovieusi

505 5606 704 5696 praedictus
722 5605 835 5676 Vlad
846 5609 857 5676 i
868 5628 883 5676 s
894 5606 994 5677 laus
1012 5606 1249 5679 Secundus
1268 5607 1433 5703 Poloniae
1446 5631 1516 5697 rex,
1531 5610 1706 5681 fundando
1719 5609 2040 5682 Gzanstochoviense
