4492 6592
470 655 579 791 86}

466 947 529 1014 pro
558 923 685 1014 insigni
712 923 909 1014 deferentis,
937 925 1114 994 innovata
1140 921 1240 994 Hanc
1266 929 1381 995 autam
1409 923 1527 995 villam
1554 922 1802 1014 monasterium
1821 921 2022 993 Buscbense

466 1048 534 1116 iam
561 1067 629 1116 non
657 1044 804 1146 retinet3
840 1065 921 1115 nam
948 1065 1025 1115 cum
1051 1039 1209 1135 'propter
1244 1044 1384 1117 labores
1418 1045 1536 1136 regios
1570 1063 1659 1134 pene
1698 1043 1862 1118 uniuersa
1897 1041 2022 1114 inisset

467 1166 660 1256 desertata,
696 1165 862 1236 cambivit
889 1185 964 1236 eam
991 1165 1256 1254 monasterium,
1284 1171 1321 1237 et
1339 1187 1370 1260 ,a
1395 1165 1555 1239 Johanne
1580 1165 1818 1255 Dlugoscb
1850 1165 1924 1236 sive
1951 1163 1976 1236 J
1985 1185 2022 1234 a·

394 1277 399 1284 ’
467 1289 630 1360 nussia
657 1287 700 1360 de
728 1287 1028 1379 Gzarnoczyn
1056 1288 1165 1359 nobili
1191 1287 1235 1358 de
1260 1287 1365 1360 domu
1393 1287 1653 1378 Wyenawr,
1679 1286 1766 1358 duas
1793 1285 1894 1357 villas
1911 1280 2022 1356 multu

467 1409 637 1500 meliores,
664 1409 943 1499 monasterioque
969 1409 1246 1499 propinquiores,
1273 1409 1405 1479 nullum
1423 1429 1513 1480 onus
1530 1407 1709 1496 babentes,
1737 1406 1899 1478 uidelicet
1925 1405 2022 1477 Slu-
2105 1439 2110 1444 ·

467 1553 583 1603 szow
610 1535 646 1603 et
671 1529 887 1620 Kostira,
916 1550 992 1600 cum
1020 1529 1198 1600 additione
1219 1534 1455 1602 trecentarum
1473 1547 1669 1600 marcarum
1695 1528 1731 1604 in
1759 1529 1892 1617 paretis
1918 1547 2023 1617 pecn-

465 1652 543 1743 niis,
571 1673 661 1727 anno
689 1652 828 1723 Domini
860 1653 958 1722 1470
986 1651 1136 1740 recepit,
1172 1649 1389 1722 transferens
1414 1651 1554 1741 plenum
1582 1648 1772 1721 dominium
1798 1649 1902 1720 villae
1929 1649 2023 1719 Sla-

467 1794 654 1846 woszow
681 1774 717 1844 in
745 1771 940 1863 praefatum
976 1771 999 1844 J
1009 1773 1267 1862 amussim,
1301 1793 1372 1843 uua
1408 1793 1484 1843 curn
1512 1773 1796 1861 inrepatronatns
1822 1776 1860 1843 et
1885 1769 2022 1840 decima
2102 1865 2106 1870 ¹

465 1893 634 1985 praediali
661 1894 825 1966 ecclesiae
853 1894 888 1963 iu
915 1892 1245 1982 Slawoscbow,
1281 1913 1451 1965 consensu
1477 1891 1700 1963 Oasimiri
1728 1891 1884 1962 Tertii
1918 1889 2022 1961 Pele

464 2016 543 2086 niae
561 2015 654 2105 regis
673 2014 717 2086 ad
734 2013 931 2086 huiusmodi
950 1991 1239 2105 permutationem
1257 2013 1455 2104 specialiter
1482 2011 1675 2085 aceedente.
1701 2011 1927 2102 Privilegium
1956 2033 2017 2082 au-

467 2142 537 2207 tem
566 2136 648 2207 dicti
684 2135 854 2225 Dersla
861 2135 873 2205 i
909 2135 1054 2226 palatini
1092 2131 1401 2224 Sandomirieusis,
1441 2135 1525 2204 item
1553 2133 1701 2224 praefati
1738 2128 2016 2223 Slawodcbii

469 2259 690 2329 donatiouem
710 2256 906 2328 huiusmodi
924 2257 1114 2346 continens,
1140 2255 1318 2348 praesenti
1335 2261 1495 2346 regestro
1522 2255 1715 2326 inserimus.
1743 2253 2023 2325 vladislaus

467 2380 610 2470 insuper
637 2377 873 2450 Secundus
909 2375 1074 2448 Poluniae
1101 2397 1183 2466 rex,
1218 2376 1366 2466 prouida
1392 2376 1644 2448 deliberatione
1678 2375 1912 2465 perpendens,
1950 2376 2020 2445 tria

468 2500 679 2571 ruonasteria
707 2483 1019 2570 sanctimonialium
1045 2498 1178 2570 ordinis
1206 2497 1558 2587 praemonstratensis
1577 2497 1613 2567 in
1631 2497 1780 2568 dioecesi
1799 2495 2022 2567 Gracoviensi

467 2621 702 2710 consistentia,
730 2620 892 2693 videlieet
917 2613 953 2690 in
982 2619 1183 2710 Buszkn,
1224 2618 1585 2690 Ymramouicze
1625 2619 1700 2689 sire
1735 2617 1949 2707 Dlnbnya
1988 2623 2024 2687 et

467 2731 693 2814 Grziszan‘
701 2741 890 2832 owicze,
917 2747 953 2812 et
981 2741 1016 2810 iu
1043 2741 1202 2830 personis
1229 2738 1430 2812 defectuosa
1456 2746 1493 2811 et
1519 2739 1753 2829 infrequentia
1779 2740 1877 2810 etin
1904 2737 2023 2809 reddi·

466 2865 560 2934 tibus
588 2863 774 2934 secundum
803 2883 840 2932 se
868 2862 945 2952 ipsa
971 2867 1077 2932 tenna
1103 2860 1196 2951 iore,
1235 2861 1367 2932 salubri
1401 2881 1485 2932 usus
1520 2859 1681 2950 consino,
1718 2860 1824 2931 etde
1851 2880 2022 2931 consensu

466 2990 502 3055 et
528 2985 669 3056 licentia
696 2984 788 3055 sedis
816 2982 1043 3072 Apostolicae·
1066 2988 1102 3053 et
1129 2981 1272 3072 capituli
1299 2981 1490 3072 generalis,
1529 3002 1571 3053 ac
1597 2981 1728 3052 Petri
1755 2981 1893 3052 abbatis
1918 3001 2022 3071 prae·

468 3105 741 3193 monstratensiS,
770 3125 833 3193 per
860 3103 1106 3174 Albe'rtum
1135 3102 1159 3174 J
1168 3104 1523 3195 astrzambyecz
1558 3109 1642 3174 tuuc
1668 3103 1867 3192 episcopum
1895 3101 2023 3172 Gracc

467 3226 639 3313 viensem,
667 3231 703 3294 et
731 3225 958 3296 Breszensem
985 3245 1026 3295 ac
1053 3223 1315 3307 Vitbuviensem
1354 3225 1500 3296 abbates
1527 3224 1782 3295 commissarios
1809 3223 1854 3294 ad
1882 3223 1917 3293 id
1944 3244 2023 3312 spe·

347 3353 350 3364 '
467 3346 602 3418 cialiter
630 3346 825 3436 deputatos,
853 3345 887 3416 in
916 3365 1020 3416 unum
1049 3347 1298 3416 monasterium
1317 3352 1353 3416 et
1371 3346 1484 3417 locum
1509 3345 1752 3433 Buscbensem‚
1779 3343 1851 3416 sub.
1863 3345 2024 3416 clausura

352 3513 358 3518 -
466 3473 635 3557 perpetua
662 3488 841 3556 mansura,
870 3488 960 3537 anno
988 3467 1127 3536 Domini
1159 3467 1277 3557 1418,
1312 3465 1400 3538 ieria
1427 3467 1588 3547 secunda,-
1605 3473 1686 3556 post
1710 3465 1837 3538 festum
1864 3487 2022 3556 assump

466 3588 571 3659 tionis
598 3587 743 3658 Sanctae
770 3587 924 3677 Mariae,
960 3587 1052 3677 apud
1081 3587 1310 3658 Visliceusem
1338 3587 1503 3677 oppidum
1529 3593 1614 3659 tuuc
1640 3609 1765 3677 agens,
1801 3587 1955 3677 redegit,
1987 3592 2023 3657 et
2078 3623 2081 3628 ·

466 3709 500 3778 in
527 3729 633 3780 uuum
660 3729 785 3799 eorpus
812 3709 965 3798 singulas
994 3708 1170 3798 moniales,
1199 3709 1264 3780 sub
1292 3709 1460 3798 regimine
1486 3707 1740 3780 Michaelis
1767 3708 1957 3798 praepositi
1985 3701 2021 3778 et

466 3830 665 3901 Iachnae
694 3830 880 3920 priorissae
899 3830 1118 3920 Busebensis,
1145 3850 1188 3900 ex
1214 3828 1382 3920 praefatis
1409 3829 1529 3902 tribus
1542 3831 1763 3934 monasteriis
1790 3830 2021 3928 concinuerit,

430 3938 435 3947 ’
467 3951 642 4041 applicans
662 3951 760 4022 villas
789 3949 1018 4042 Oowalye,
1046 3951 1224 4042 Sarbye
1251 3957 1288 4022 et
1315 3949 1583 4022 Gliczanow
1619 3952 2020 4041 perpetuomcnasterio

466 4071 666 4162 Buscbensi
694 4092 782 4163 quae
810 4071 897 4143 alias
924 4072 967 4143 ad
995 4073 1244 4144 monasterium
1271 4073 1307 4143 in
1335 4071 1742 4144 Orniszanouicze
1777 4093 1819 4143 en
1845 4070 2023 4142 fundatio·

465 4194 520 4264 nis
555 4192 636 4265 dota
667 4194 907 4284 pertinebant,
945 4194 980 4264 in
1009 4215 1156 4284 quarum
1193 4195 1297 4264 etiarn
1333 4195 1502 4265 hactenus
1538 4193 1785 4266 monasterium
1822 4193 2023 4265 ancbense
2140 4234 2142 4237 -

466 4315 625 4390 censistit
642 4314 860 4404 possessione
880 4319 915 4385 et
933 4315 1160 4405 proprietate·
1187 4315 1313 4386 Relicti
1340 4321 1457 4390 eutem
1475 4322 1558 4386 sunt
1580 4315 1617 4386 in
1635 4322 1784 4405 utroque
1810 4312 2024 4387 monasterio

466 4434 625 4506 videlicet
653 4434 1010 4507 Ymramouicze
1046 4441 1082 4507 et
1115 4435 1532 4509 Krziszanowicze
1568 4437 1887 4514 sanctimonialibus
1913 4437 2022 4508 desti-

395 4619 399 4636 ,
463 4560 540 4626 tuto
567 4556 787 4645 praepositus
805 4562 841 4626 et
858 4554 985 4629 fratres
1014 4558 1363 4647 praemonstratensis
1390 4558 1532 4648 ordinis,
1561 4559 1619 4648 qui
1646 4557 1760 4641 illa-in
1780 4557 2022 4648 spiritualibus

467 4682 502 4746 et
528 4677 778 4767 temporalibus
797 4677 1050 4768 administrent,
1079 4677 1212 4749 relictis
1230 4679 1443 4750 monasterio
1463 4677 1760 4751 Graiszauuviensi
1780 4679 1872 4750 villis
1899 4678 2025 4750 Orni-

467 4789 767 4887 szanouicze,
804 4797 1098 4889 Lyesanicza
1133 4806 1170 4870 et
1205 4799 1390 4891 Gonary
1427 4821 1504 4871 erun
1531 4799 1695 4890 praediis,
1722 4801 1941 4891 caeterisque
1967 4801 2021 4871 in-

465 4919 647 5009 troitibus,
684 4939 747 5008 pro
775 4920 966 5008 praepositi
994 4925 1030 4990 et
1056 4918 1204 4991 fratrum
1231 4922 1503 5011 sustentatione,
1539 4923 1750 4993 monasterio
1786 4942 1869 4993 vero
1896 4921 2023 4993 Ymra·

465 5041 634 5112 moriensi
662 5041 735 5112 sive
763 5040 806 5111 dc
833 5041 1049 5130 Dlubuya
1076 5062 1195 5112 omues
1222 5043 1297 5113 eius
1316 5042 1428 5131 villae,
1456 5042 1611 5114 dammae
1629 5049 1665 5115 et
1683 5044 1831 5133 quilibet
1857 5045 2022 5115 introitus

459 5162 601 5252 ,integre
629 5162 788 5252 relictae,
825 5163 979 5234 nescitur
1006 5183 1075 5252 qua
1102 5165 1282 5234 occasione
1309 5163 1363 5234 vel
1391 5185 1514 5254 rausa,
1541 5185 1618 5235 cnm
1645 5165 1748 5237 villae
1774 5165 2024 5255 Brzesznu,

466 5283 709 5355 Dambowa
744 5283 920 5372 Lanka,
964 5270 1366 5375 Sczepauowicze,
1403 5286 1486 5357 item
1523 5287 1677 5357 decimae
1714 5287 1946 5377 manipulares
1984 5288 2020 5357 in
2101 5379 2105 5386 .

466 5404 679 5496 Jedlcza,
699 5406 937 5495 Tsezicna,
966 5405 1281 5497 NovaWyesa
1309 5405 2021 5498 (ipwanowicze,Praestansko,

468 5525 658 5596 Buschensi
676 5529 895 5617 monasterio,
914 5528 1013 5598 iuxta
1031 5529 1282 5599 ordinationem
1315 5530 1488 5619 privilegii
1516 5529 1645 5601 Petri
1672 5530 1809 5600 abbatis
1841 5552 2021 5620 praemon-

465 5647 651 5718 stratensis
670 5649 838 5738 applicari
857 5649 1057 5722 debuerant.
1087 5649 1244 5720 Contulit
1261 5651 1403 5740 insuper
1421 5651 1513 5722 circa
1532 5651 1731 5723 huiusmodi
1756 5652 2021 5726 translationem
