4492 6592
490 737 564 812 150

485 968 548 1036 pro
576 965 679 1016 censu
707 943 811 1015 solvit
845 897 949 1013 unum
976 962 1145 1031 grossum.
1184 941 1271 1012 Item
1300 941 1446 1031 quilibet
1475 939 1666 1030 propinans
1691 937 1895 1024 cervisiam,
1931 934 2039 1007 solvit

485 1087 591 1137 unum
616 1084 784 1154 grossum.
1392 1071 1399 1078 ’
1702 1131 1707 1137 ἢ
2148 1060 2149 1069 1

592 1183 750 1256 Macella
780 1183 1016 1255 carnificum.
1056 1183 1146 1254 Item
1183 1189 1264 1252 sunt
1297 1183 1333 1252 in
1369 1181 1490 1255 eodem
1517 1181 1645 1271 oppido
1672 1179 1865 1270 quindecim
1892 1177 2042 1248 macella
2149 1178 2150 1181 ’

485 1303 694 1393 carnificum,
721 1311 757 1375 et
776 1304 963 1394 'quodlibet
990 1304 1095 1374 solvit
1122 1304 1333 1374 monasterio
1361 1324 1427 1392 pro
1452 1323 1567 1374 annuo
1585 1321 1691 1372 censu
1708 1308 1783 1371 tres
1800 1299 1935 1389 lapides
1953 1298 2041 1387 sepi,
2149 1308 2150 1311 ’

484 1429 567 1497 item
595 1426 742 1516 quilibet
768 1433 884 1496 sartor
911 1445 974 1514 pro
1002 1445 1115 1495 annno
1143 1445 1248 1495 censu
1275 1424 1380 1495 solvit
1405 1424 1615 1494 monasterio
1642 1443 1747 1492 unum
1766 1441 1937 1510 grossum,
1955 1421 2042 1488 item
2149 1456 2150 1483 1

486 1546 631 1636 quilibet
665 1553 764 1642 sutor
801 1546 905 1616 solvit
939 1546 1150 1616 monasterio
1182 1553 1256 1616 tres
1282 1565 1443 1633 grossos3
1478 1544 1560 1613 item
1588 1543 1733 1614 suntin
1761 1541 1882 1612 eodem
1910 1539 2042 1629 oppido
2117 1625 2122 1634 ρ

486 1667 554 1738 duo
581 1665 778 1752 molendina
804 1667 839 1736 in
865 1666 1004 1736 flumine
1032 1664 1223 1734 Wartlia
1250 1666 1328 1753 sita,
1354 1672 1392 1734 et
1418 1665 1556 1735 solvunt
1582 1683 1646 1752 pro
1673 1663 1886 1732 monasterio
1914 1666 2043 1731 metre-
2143 1665 2151 1678 ’

485 1795 550 1858 tas.
585 1787 674 1856 Item
708 1787 784 1876 agri
811 1785 1062 1875 oppidanorum
1099 1793 1137 1856 et
1162 1785 1394 1856 advocatiales
1429 1785 1570 1855 solvunt
1595 1783 1761 1854 decimam
1788 1780 2040 1870 manipularem

485 1909 695 1978 monasterio
733 1906 965 1978 Msthoviensi
1000 1914 1036 1976 et
1071 1912 1235 1976 tenentur
1262 1907 1355 1976 illam
1384 1891 1546 1995 oppidani
1572 1903 1724 1994 propriis
1751 1903 1911 1974 curribus
1939 1899 2042 1970 indu·

346 2029 349 2036 ’
488 2048 566 2098 cere
593 2028 628 2098 in
656 2028 819 2098 borreum
847 2027 1064 2114 coenobiale,
1092 2033 1128 2098 et
1155 2027 1253 2097 valor
1279 2028 1354 2097 eius
1381 2027 1586 2099 aestimatur
1612 2025 1657 2096 ad
1683 2023 1865 2097 duodecim
1892 2040 2041 2092 marcas.

486 2148 587 2220 Hanc
613 2149 779 2220 decimam
807 2147 954 2218 contulit
980 2149 1189 2218 monasterio
1215 2147 1446 2218 Msthoviensi
1473 2147 1654 2236 episcopus
1681 2144 1923 2218 Gracoriensis
1949 2142 2043 2224 lvo,

488 2269 531 2340 de
558 2289 677 2340 mensa
703 2268 889 2358 episcopali
920 2269 1029 2338 1220.

592 2385 848 2462 Tbeloneum.
889 2388 976 2458 Item
1012 2389 1048 2458 in
1085 2388 1206 2460 eodem
1242 2389 1370 2478 oppido
1405 2393 1459 2460 est
1487 2388 1690 2459 theloneum
1719 2387 1763 2457 ad
1790 2384 2041 2475 proprietatem

487 2511 689 2581 monasterii
716 2509 965 2581 Msthoviensis
992 2510 1182 2599 pertinens,
1209 2518 1246 2580 et
1271 2510 1440 2599 recipitur
1465 2531 1487 2580 a
1513 2492 1669 2599 quolibet
1685 2527 1775 2598 equo
1792 2527 1858 2596 pro
1875 2504 2054 2576 theloneo

489 2629 622 2701 medius
657 2651 818 2720 grossuS,
854 2631 938 2700 item
974 2651 997 2700 a
1031 2631 1187 2720 quolibet
1220 2631 1309 2702 bove
1343 2630 1538 2720 quadrupe,
1564 2632 1647 2700 item
1682 2627 1886 2719 aqualibet
1912 2646 1978 2696 ore
2005 2629 2043 2693 et

488 2749 602 2822 scrofa
628 2769 717 2820 unus
744 2750 915 2821 denarius.
1540 2808 1544 2814 .

595 2868 754 2942 Gontinat
782 2891 857 2940 oum
885 2871 997 2959 villis3
1032 2869 1303 2961 Szyedlecz,
1330 2871 1528 2962 Lgotlia,
1554 2869 1872 2960 Kusszyatha,
1899 2865 2042 2936 Malu·

489 2987 2043 3082 sabe,Klobukowicze‚Rzesobauczicze,Chorzemyczalludniky,

424 3125 429 3136 '
491 3109 741 3209 Burndzyny
768 3117 804 3180 et
832 3110 1057 3200 Wycirpy.
1124 3189 1128 3202 ,

597 3229 797 3320 Snoczsuo,
825 3231 907 3300 villa
933 3232 996 3302 sub
1023 3232 1190 3321 parocbia
1215 3233 1259 3303 de
1280 3231 1474 3306 Msthow
1499 3233 1570 3306 sita
1587 3231 1685 3304 etad
1702 3231 1952 3322 proprietatem
1970 3249 2044 3299 mo

420 3427 423 3434 ‚
490 3325 633 3421 nastenii
660 3349 910 3422 Msthoviensis
937 3353 1123 3442 pertinens.
1150 3351 1191 3423 ln
1218 3375 1288 3443 qua
1313 3360 1395 3425 sunt
1421 3354 1578 3426 undecim
1606 3353 1698 3424 lanei
1725 3350 1979 3438 cmetlionsleS,
2006 3354 2042 3420 et

481 3471 638 3560 quilibet
663 3492 727 3560 pro
755 3492 869 3542 annuo
906 3491 1010 3542 censu
1036 3473 1141 3544 solvit
1167 3494 1272 3544 unum
1298 3474 1486 3566 fertonem,
1512 3477 1596 3546 item
1623 3481 1697 3545 tres
1723 3473 1800 3543 dies
1826 3469 1974 3562 quilibet
2000 3469 2044 3540 de

491 3592 591 3662 laneo
627 3593 769 3682 proprio
806 3611 909 3663 curru
944 3599 1006 3664 aut
1041 3599 1160 3664 aratro
1188 3595 1222 3664 in
1250 3615 1340 3666 anno
1366 3597 1521 3684 laborat,
1547 3597 1632 3666 item
1659 3593 1800 3666 solvunt
1826 3613 1887 3663 sex
1915 3592 2041 3662 choros

490 3733 620 3784 arenae
648 3733 829 3784 mensurae
856 3713 1040 3804 confertae,
1067 3715 1151 3785 item
1178 3715 1265 3786 duos
1291 3717 1412 3806 gallos,
1439 3717 1523 3788 item
1550 3717 1673 3806 viginti
1701 3735 1785 3804 ora3
1812 3715 1896 3784 item
1922 3731 2042 3783 caseos

492 3853 560 3903 non
588 3833 692 3923 dant,
718 3833 800 3904 item
837 3854 905 3904 non
933 3835 1047 3906 estin
1075 3827 1195 3906 eadem
1223 3837 1307 3906 villa
1332 3837 1530 3926 praedium,
1556 3857 1624 3907 uon
1652 3841 1735 3908 sunt
1760 3835 1947 3920 tabernae,
1973 3853 2042 3902 non

491 3961 572 4025 sunt
598 3954 825 4026 hortulaniae.
853 3955 939 4026 Item
969 3975 1088 4028 omnes
1116 3958 1191 4046 agri
1219 3959 1454 4029 cmetbonales
1489 3958 1630 4028 solvunt
1656 3957 1823 4028 decimam
1850 3952 2042 4042 manipula·

491 4095 563 4145 rem
591 4077 802 4146 monasterio
831 4074 1062 4148 Msthoviensi
1089 4083 1130 4148 et
1153 4077 1322 4148 inducunt
1347 4099 1424 4149 eam
1450 4079 1603 4169 propriis
1630 4078 1790 4150 curribus
1816 4076 1852 4146 in
1879 4075 2042 4146 borreum

491 4195 689 4266 coenobiale
716 4196 771 4268 vel
799 4215 820 4266 a
846 4197 1011 4268 coenobio
1039 4196 1231 4287 locandum,
1259 4199 1356 4270 cuius
1383 4199 1481 4281 valor
1506 4201 1711 4270 aestimatur
1736 4197 1781 4269 ad
1807 4196 1925 4268 decem
1952 4214 2047 4264 marm

492 4337 558 4388 cas.
593 4317 733 4388 Donata
767 4319 979 4388 monasterio
1014 4339 1078 4408 per
1113 4319 1297 4389 Ivonem
1328 4320 1528 4410 episcopum
1562 4319 1826 4392 cracoviensem
1854 4317 1900 4387 de
1923 4333 2042 4386 mensa

492 4437 690 4526 episcopali.
726 4436 885 4509 Confinat
912 4458 987 4509 cum
1015 4438 1358 4531 Kusszyantby,
1384 4441 1572 4530 Lgotha,
1600 4439 1834 4530 Syedlecz.

598 4556 779 4648 annnn,
807 4558 890 4629 villa
916 4560 980 4630 sub
998 4561 1164 4649 parochia
1181 4561 1346 4632 ecclesiae
1373 4561 1416 4632 de
1442 4560 1639 4633 Msthow
1665 4561 1744 4650 sita,
1771 4559 1870 4632 et-ad
1888 4559 2042 4649 proprie

387 4697 393 4710 ‘
493 4683 603 4747 tatem
630 4679 832 4749 monasterii
858 4678 1108 4752 Msthoviensis
1135 4683 1323 4769 pertinens.
1358 4683 1398 4751 ln
1426 4701 1495 4774 qna
1520 4687 1602 4754 sunt
1628 4681 1809 4754 duodecim
1835 4681 1927 4751 lanei
1953 4699 2042 4749 ome·

497 4797 677 4888 thonales,
705 4803 741 4868 et
767 4797 915 4888 quilibet
940 4799 1046 4871 solvit
1072 4801 1137 4890 pro
1164 4821 1269 4873 censu
1298 4821 1412 4874 annuo
1439 4823 1544 4872 unum
1571 4801 1760 4890 tertonem3
1787 4802 1870 4872 item
1897 4799 2042 4890 quilibet

494 4918 538 4988 de
559 4917 658 4988 laneo
686 4923 827 4988 tenetur
853 4919 1014 4990 laborare
1041 4921 1183 5011 proprio
1210 4941 1315 4992 curru
1341 4929 1403 4993 aut
1424 4928 1543 4994 aratro
1570 4923 1606 4993 in
1624 4942 1715 4994 anno
1741 4912 1818 4994 tres
1842 4921 1935 5010 dies,
1962 4921 2042 4991 item

438 5091 442 5101 .
493 5039 633 5110 solvunt
669 5059 727 5110 sex
752 5039 890 5110 'choros
927 5061 1055 5112 avenae
1091 5061 1274 5112 mensurae
1308 5042 1504 5132 consertae,
1539 5045 1624 5116 item
1650 5043 1762 5132 gallos
1788 5042 1893 5132 duos,
1923 5030 2042 5131 viginti

494 5181 578 5250 ova;
605 5179 723 5232 caseos
750 5180 819 5231 non
846 5160 938 5230 dant.
965 5161 1052 5231 ltem
1080 5181 1148 5232 non
1175 5163 1292 5233 estin
1319 5163 1440 5237 eadem
1467 5164 1551 5234 villa
1567 5163 1757 5252 praedium,
1775 5165 1858 5234 item
1875 5184 1946 5234 non
1964 5169 2042 5234 sunt
2071 5176 2077 5184 ·

492 5282 677 5370 tabernae,
714 5301 826 5371 neque
853 5281 1090 5370 hortulaniae3
1118 5282 1200 5352 item
1229 5303 1347 5352 omnes
1374 5284 1450 5372 agri
1468 5283 1703 5354 cmetbonales
1720 5284 1861 5354 solvunt
1878 5283 2041 5354 decimam

494 5400 741 5489 manipularem
769 5401 978 5472 monasterio
1007 5400 1255 5492 Msthoviensi,
1283 5410 1319 5473 et
1345 5403 1520 5474 inducitur
1547 5403 1698 5491 propriis
1724 5403 1884 5474 curribus
1911 5403 1946 5474 in
1965 5403 2041 5474 bor-

494 5537 590 5588 reum
618 5521 831 5610 coenobiale,
859 5522 956 5594 cuius
984 5523 1080 5594 valor
1107 5525 1312 5594 aestimatur
1335 5525 1383 5594 -ad
1401 5524 1518 5593 decem
1546 5543 1690 5594 marcas.
1717 5523 1855 5593 Donata
1872 5531 2042 5594 monaste

496 5638 549 5708 rio
576 5659 640 5726 per
665 5639 849 5710 Inonem
876 5643 1074 5732 episcopum
1101 5643 1375 5716 Crotoniensem.
