4492 6592
478 744 553 837 214
645 686 651 793 ἶ

433 1002 436 1007 -
478 949 648 1037 laborant,
673 948 756 1017 item
784 967 922 1041 oaazyep
947 966 1016 1018 non
1044 946 1199 1037 solvunt3
1234 946 1317 1017 item
1345 946 1493 1018 taberna
1518 964 1587 1015 nna
1613 945 1744 1015 babens
1766 944 1907 1035 ‘agnam
1941 940 2063 1011 solvit

477 1048 581 1140 unam
608 1088 825 1158 sexagenum,
851 1068 935 1139 item
961 1068 1180 1139 hortulaniae
1208 1088 1276 1139 non
1304 1072 1405 1157 sunt,
1432 1067 1515 1138 item
1544 1065 1722 1156 praedium
1749 1085 1817 1137 nou
1846 1068 1934 1153 est,
1967 1062 2062 1132 item

477 1170 628 1261 laborat=
641 1187 760 1259 eadem
779 1188 863 1259 villa
879 1189 916 1259 in
943 1189 1138 1278 septimana
1164 1193 1237 1259 tres
1264 1188 1338 1259 dies
1366 1188 1509 1278 proprio
1537 1191 1656 1258 aratro
1682 1193 1744 1258 aut
1771 1205 1905 1274 cumu3
1938 1184 2064 1254 habet

475 1330 541 1400 pro
559 1331 597 1381 se
623 1316 660 1380 et
677 1309 820 1400 praedio
838 1329 902 1381 sno
920 1309 1038 1380 laneos
1056 1315 1093 1380 et
1110 1309 1216 1380 solvit
1234 1308 1442 1380 decimam...
1462 1306 1549 1379 Item
1567 1328 1686 1379 omnes
1704 1308 1779 1398 agni
1797 1310 1918 1379 totius
1941 1303 2061 1376 uillae

477 1430 618 1503 solvunt
643 1430 810 1501 decimam
836 1430 1086 1521 manipularem
1113 1436 1150 1499 et
1175 1431 1392 1520 canapalem,
1420 1429 1466 1501 de
1489 1449 1558 1500 nno
1586 1446 1709 1518 campo
1733 1447 1797 1519 pro
1825 1428 2061 1519 episcopatu

477 1550 714 1639 Gracauiensi,
741 1556 778 1621 et
804 1570 868 1640 pro
895 1550 1042 1621 ecclesia
1068 1550 1103 1619 in
1132 1549 1399 1639 Xangnicze
1424 1555 1460 1623 et
1486 1550 1564 1621 eius
1588 1548 1735 1639 plebano
1763 1549 1807 1621 de
1833 1550 1988 1637 altero,
2020 1552 2061 1617 et

477 1672 576 1743 valor
610 1672 686 1743 eius
721 1672 926 1743 aestimatur
961 1670 1006 1741 ad
1043 1670 1161 1741 decem
1192 1689 1326 1741 marcas
1362 1670 1404 1741 de
1440 1690 1509 1742 nno
1544 1690 1665 1760 campo
1701 1671 1755 1743 vel
1783 1668 1962 1755 aestivali
1995 1668 2058 1739 vel

476 1793 645 1883 hyemali3
672 1813 763 1863 anno
790 1797 904 1863 antam
932 1791 1040 1862 tertio
1072 1790 1166 1862 tollit
1191 1795 1301 1862 totam
1329 1792 1550 1881 episcopatus
1577 1790 1826 1863 Ormenienais.
1866 1789 2059 1863 Continet

337 2000 342 2009 ¹
477 1936 554 1987 cum
580 1912 903 2006 Moylrowicze,
930 1912 1214 2002 Bislrupicze
1241 1917 1277 1999 et
1302 1912 1577 2003 Xangnicze.

581 2036 749 2124 Douanr,
775 2035 859 2105 villa
884 2034 950 2105 sub
974 2034 1142 2123 parocbia
1169 2033 1211 2105 de
1239 2032 1505 2125 Xangnicze
1532 2036 1609 2127 sita,
1636 2035 1733 2108 cuins
1760 2034 1974 2125 proprietas
2005 2032 2054 2103 ad

478 2157 727 2230 monasterium
754 2154 979 2226 Tbinczieuse
1005 2156 1167 2245 pertinet.
1203 2155 1243 2225 In
1272 2176 1340 2246 qua
1366 2176 1435 2228 non
1461 2162 1543 2228 suunt
1569 2158 1660 2229 lanei
1687 2156 1952 2245 emetbonales,
1984 2152 2054 2225 sed

477 2277 718 2351 tantammodo
740 2273 821 2349 octo
847 2276 1086 2366 hortulaniae,
1101 2282 1139 2347 et
1165 2276 1312 2367 quilibet
1338 2277 1442 2349 solvit
1468 2282 1545 2349 octo
1571 2297 1712 2368 grossos
1729 2296 1793 2368 pro
1812 2296 1936 2367 censu,
1958 2254 2059 2346 item'

478 2420 546 2472 oua
579 2420 649 2471 non
685 2398 840 2487 solvunt,
867 2398 951 2468 item
977 2396 1088 2487 gallos
1115 2418 1184 2467 non
1212 2397 1368 2486 solvunt,
1385 2398 1477 2468 finem
1505 2416 1624 2471 caseos
1650 2418 1720 2471 non
1746 2398 1908 2487 solvonl3
1956 2388 2049 2467 item

477 2522 640 2592 laborant
665 2538 769 2590 unum
797 2518 886 2589 diem
914 2519 950 2588 in
978 2517 1172 2608 septimana
1198 2520 1340 2608 proprio
1367 2535 1471 2589 curru
1498 2524 1559 2591 aut
1586 2524 1723 2608 aratra,
1749 2520 1830 2593 item
1848 2515 2047 2614 procumbam

479 2662 551 2714 noa
573 2642 753 2730 laborant,
780 2640 864 2711 item
891 2660 1028 2735 oaazyep
1055 2660 1125 2710 non
1153 2639 1311 2739 solvunt,
1338 2640 1422 2710 item
1448 2641 1595 2711 tabenna
1622 2648 1677 2712 est
1702 2640 1751 2711 ibi
1778 2660 1865 2729 nna,
1895 2640 2041 2711 babens

477 2783 590 2854 agros,
617 2782 706 2853 quae
732 2760 838 2832 soluit
863 2780 927 2850 pro
954 2777 1060 2833 canan
1087 2780 1191 2831 unam
1218 2780 1445 2850 soxagenam3
1472 2762 1553 2831 item
1582 2762 1788 2850 nortmania,
1815 2741 1902 2831 item·
1932 2780 2043 2850 prae-
2117 2792 2123 2803 ,

477 2884 572 2955 mum
598 2889 655 2953 est
680 2880 890 2970 coenobiale,
917 2880 960 2951 de
987 2901 1056 2972 qno
1082 2882 1330 2952 monasterinm
1348 2878 1441 2951 tollit
1460 2900 1524 2971 pro
1541 2900 1579 2953 se
1597 2881 1773 2953 decimam.
1801 2882 1888 2953 bem
1910 2898 2041 2951 omnes
2097 2969 2101 2977 Ι

478 3007 555 3096 agri
580 3003 683 3076 villae
718 3002 859 3073 solvunt
893 3006 930 3071 et
964 3000 1161 3073 conducunt
1195 3002 1360 3073 decimam
1389 3002 1638 3094 manipularem
1674 3009 1710 3073 et
1736 3003 1941 3093 canapalem
1971 3020 2040 3091 pro

477 3126 625 3197 ecclesia
648 3122 840 3213 parochiali
865 3120 901 3192 in
929 3119 1206 3212 Xangnicze‚
1233 3128 1270 3193 et
1295 3124 1394 3194 valor
1420 3124 1495 3194 eius
1514 3124 1780 3197 aestmatmaa
1799 3124 1918 3195 decem
1941 3142 2039 3193 mar-

478 3267 546 3318 cas.
574 3244 734 3316 Confimt
760 3263 834 3313 cum
862 3241 1100 3332 Jalrsicza,
1128 3242 1507 3334 Sziroslawicze,
1534 3244 1818 3335 Xangnicze,
1845 3244 2038 3335 Moylro-
2068 3244 2071 3254 '

478 3366 626 3453 wicco,
654 3362 949 3452 Bialcupicze.
1438 3441 1444 3452 ι

581 3481 805 3573 Wnnnrnzn,
831 3484 915 3554 villa
942 3485 1006 3555 sub
1032 3484 1198 3575 parocbia
1224 3485 1267 3556 de
1295 3484 1503 3557 Ozirlreu
1528 3481 1605 3576 sita
1632 3486 1729 3557 cuins
1755 3488 1957 3577 proprietas
1986 3485 2032 3557 ad
2111 3498 2113 3502 ’

477 3605 724 3677 monasterium
759 3604 964 3675 aliudesse
998 3605 1159 3694 pertinet.
1200 3606 1240 3674 ln
1278 3626 1345 3695 qua
1376 3610 1457 3676 sunt
1491 3610 1563 3676 tres
1598 3606 1692 3677 lanei
1716 3606 1964 3695 cmptionalm,
1994 3610 2032 3675 et

477 3728 616 3799 susum
640 3747 705 3815 pro
731 3746 837 3797 censa
862 3726 949 3797 deas
975 3707 1109 3799 marcas
1138 3726 1257 3815 simnl,
1285 3727 1368 3796 item
1397 3746 1464 3797 ova
1488 3727 1652 3816 triginta,
1680 3728 1761 3797 ilem
1789 3728 1900 3816 gallos
1928 3728 2030 3811 dnm,

478 3850 561 3919 item
589 3868 725 3919 cassam
761 3868 887 3936 unum·;
921 3847 1004 3917 dem
1040 3847 1181 3918 labores·
1206 3848 1341 3937 aliquos
1368 3868 1436 3917 non
1463 3846 1613 3937 iaciunt,
1639 3848 1721 3918 item
1748 3846 1929 3943 mona
1958 3866 2028 3917 non

477 3970 645 4059 laborant,
673 3969 753 4038 ilem
781 3988 918 4062 omzyep
946 3988 1014 4038 non
1042 3969 1196 4056 solvunt;
1223 3969 1303 4039 itam
1323 3970 1575 4039 tabernoenon
1595 3970 1786 4058 stultitam
1806 3968 2029 4040 bortnlaniae

477 4111 546 4161 non
572 4096 662 4178 sunt,
689 4090 777 4160 item
799 4088 979 4179 praedium
1006 4088 1205 4159 coenobiale
1232 4108 1299 4157 non
1328 4092 1390 4157 est.
1418 4088 1503 4158 ltem
1532 4105 1651 4159 omnes
1669 4089 1746 4177 agri
1765 4086 1867 4159 villae
1885 4089 2028 4160 solvont

477 4210 643 4281 decimam
670 4209 918 4299 manipularem
946 4230 1009 4300 pro
1036 4208 1181 4279 ecclesia
1207 4214 1243 4279 at
1269 4188 1417 4299 plebano
1444 4209 1479 4279 in
1508 4208 1771 4300 Lapszicz'e,
1799 4210 1896 4280 cuins
1927 4210 2026 4281 valor

477 4331 521 4402 ad
548 4336 699 4421 quatuor
724 4350 879 4419 marcae,
905 4330 989 4401 item
1016 4335 1071 4400 est
1097 4328 1147 4399 ibi
1175 4330 1332 4400 scoltetia
1358 4330 1490 4402 babens
1508 4330 1594 4402 dnos
1615 4331 1743 4402 laneos.
1770 4329 1931 4403 Confluat
1947 4350 2025 4401 cum

478 4450 832 4541 Wanszowicze,
858 4450 1167 4539 Dambrowlra,
1195 4450 1547 4543 Brathuczicze,
1576 4452 1874 4543 Boguczioae,
1902 4451 2025 4523 Cui-r-

477 4573 581 4662 keu,
608 4570 836 4643 Banszon.
1367 4580 1370 4585 '

578 4691 797 4764 Xannmczn
824 4690 985 4782 Manus,
1021 4690 1104 4760 villa
1130 4691 1261 4763 babens
1289 4690 1467 4763 ecclesiam
1494 4692 1728 4782 parochialem
1755 4695 1789 4763 in
1818 4670 1865 4784 se,
1892 4693 2020 4763 Sancto

476 4813 651 4903 Stephano
677 4814 753 4903 regi
780 4812 938 4902 dicatam,
965 4811 1065 4883 'cnius-
1076 4814 1272 4907 proprietas
1291 4812 1338 4883 ad
1353 4813 1599 4885 monasterinm
1629 4811 1834 4884 Tbiuciense
1862 4816 2021 4904 pertinet,

475 4935 605 5006 donata
630 4933 841 5005 monasterio
867 4952 930 5023 per
946 4932 980 5014 ‚J
989 4932 1121 5003 udith
1149 4932 1312 5003 Poloniae
1339 4934 1504 5022 reginam.
1530 4932 1569 5003 In
1590 4954 1658 5024 qua
1684 4940 1766 5005 sunt
1782 4934 1909 5005 ¹decern
1929 4934 2019 5005 lanai

476 5054 726 5145 emethonales,
761 5054 805 5125 de
833 5074 978 5144 qnorum
1006 5049 1161 5144 quolibet
1186 5054 1332 5124 solvitur
1367 5074 1431 5143 pro
1459 5074 1562 5125 censu
1590 5072 1705 5125 annuo
1742 5076 1811 5126 una
1838 5076 2018 5144 sexagena,

342 5138 374 5186 ’ἱ
474 5178 559 5247 item
587 5196 654 5247 ova
678 5176 832 5263 triginta,
859 5175 943 5245 item
969 5174 1053 5264 galli
1080 5174 1167 5263 dno3
1204 5176 1285 5244 item
1314 5194 1432 5245 caseos
1459 5194 1528 5245 non
1555 5174 1715 5264 solvunt3
1749 5176 1832 5247 item
1861 5176 2020 5247 laborant

475 5303 549 5367 tres
575 5296 650 5367 dies
677 5298 713 5366 in
740 5295 943 5385 septimana,
983 5297 1125 5384 proprio
1152 5316 1255 5366 curru
1283 5301 1343 5365 ant
1370 5301 1507 5385 aratro,
1543 5296 1624 5365 item
1648 5294 1831 5390 pnwobmn
1857 5318 1925 5367 non
1953 5297 2020 5367 sol·

475 5422 579 5506 vunt,
614 5417 696 5487 item
713 5509 716 5513 ι
732 5417 881 5487 taberna
914 5437 984 5485 nna
1018 5416 1155 5506 plebani
1179 5416 1322 5488 ,habens
1358 5434 1478 5505 agros,
1506 5420 1542 5485 et
1568 5416 1671 5487 solvit
1705 5421 1853 5507 quatuor
1878 5434 2018 5502 marcas,

320 5566 344 5576 ··
474 5538 560 5607 item
585 5538 674 5608 dnae
700 5538 920 5609 hortulaniae
946 5536 1103 5627 plebani,
1141 5541 1177 5605 et
1204 5536 1365 5606 laborant
1390 5537 1499 5628 diem,
1536 5538 1618 5609 item
1649 5538 1867 5609 honuleniae
1903 5558 2020 5609 mona·

476 5659 576 5730 sterii
602 5665 689 5749 octo,
717 5658 821 5730 solvit
838 5656 1013 5749 quaelibet
1031 5662 1180 5746 quatuor
1196 5676 1338 5746 grossos
1356 5663 1392 5727 et
1411 5678 1515 5729 uuum
1534 5658 1625 5729 diem
1642 5658 1822 5747 pedestres
1848 5656 2019 5732 laborant.
