4492 6592
1001 1735 1516 1874 enloevmma.
1594 1636 1599 1643 ’

1154 2017 1359 2027 -..---—

429 2350 433 2358 ,
485 2265 664 2345 Primum
698 2267 997 2345 monasterium
1030 2264 1208 2344 iratrum
1242 2264 1402 2342 ordinis
1435 2261 1577 2342 Sancti
1611 2263 1804 2363 Spiritus,
1828 2283 1924 2340 cum
1958 2282 2028 2362 pe-
2137 2347 2143 2358 ¹

484 2405 634 2484 minata
677 2426 809 2483 cruce
843 2403 935 2482 alba
970 2402 1338 2505 hospitalariorum
1372 2399 1426 2478 do
1458 2401 1604 2500 Saxia,
1639 2401 1677 2478 in
1710 2398 1892 2478 civitate
1926 2396 2028 2476 Ora·
2162 2502 2163 2505 Ν

479 2538 672 2620 ὀονῑοηεί
718 2547 761 2620 et
794 2543 832 2619 in
872 2541 1058 2620 ccclesia
1099 2541 1283 2618 Sanctae
1325 2536 1478 2617 crucis
1510 2539 1765 2618 consistens.
1808 2534 1888 2635 Qui
1923 2535 2030 2613 ordo

522 2675 607 2784 duo
639 2653 928 2758 tantummodo
962 2679 1218 2757 monasteria
1253 2679 1292 2754 in
1325 2675 1603 2756 cracoviensi
1637 2674 1764 2754 babet
1795 2673 2000 2772 dioecesi,

1052 2815 1224 2894 tortium
1257 2814 1461 2917 disperiit.
1581 2903 1591 2913 ⁸
1832 2799 1837 2802 ’

586 3069 750 3156 Quamvis
786 3068 1026 3139 cracoviensis
1062 3069 1243 3158 episcopus
1278 3067 1438 3157 Foloe,
1465 3067 1523 3158 qui
1559 3067 1678 3156 lingva
1702 3068 1862 3156 polonica
1888 3066 2032 3140 Pellra

483 3189 663 3277 vocitatur,
691 3189 744 3260 vir
769 3188 896 3259 nobilis
924 3187 966 3258 de
993 3187 1094 3258 domo
1122 3194 1159 3258 et
1184 3187 1315 3257 familia
1341 3187 1567 3276 Vulpium,
1596 3186 1638 3258 de
1655 3186 1832 3258 fundando
1850 3192 1887 3256 et
1905 3187 2032 3257 dcton-

483 3308 527 3378 do
554 3329 618 3400 pro
646 3307 884 3378 recollectione
912 3307 1135 3395 infirmarum,
1161 3328 1348 3396 egenarum
1367 3313 1405 3378 ct
1422 3309 1669 3378 miserabilium
1688 3327 1925 3396 personarum,
1945 3325 2033 3395 qnae

484 3429 518 3498 in
546 3429 687 3499 civitate
718 3427 939 3500 Gracoviensi
965 3429 1093 3518 partim
1120 3429 1156 3497 in
1184 3428 1342 3499 domibus
1370 3433 1432 3498 aut
1457 3428 1542 3499 vicis
1570 3428 1830 3516 delitescebant,
1856 3427 2032 3516 hospitali,

485 3549 576 3638 pium
606 3549 778 3638 coepisset
804 3550 1030 3640 propostam,
1058 3555 1093 3618 el
1119 3548 1301 3619 nonnullas
1321 3569 1365 3618 ex
1390 3549 1491 3619 bonis
1519 3569 1656 3618 mensae
1675 3548 1881 3638 episcopalis
1898 3561 2036 3637 posses-

484 3669 608 3760 siones
634 3669 792 3742 redditus
819 3690 860 3739 ac
886 3670 1038 3760 praedia,
1066 3669 1208 3759 capituli
1236 3667 1476 3740 Oracoviensis
1505 3689 1673 3740 consensu
1692 3668 1887 3758 accedente,
1905 3667 1942 3739 iu
1960 3668 2035 3738 eius

483 3788 597 3860 dotem
634 3789 789 3862 conferre
825 3789 1053 3879 decrevisset,
1080 3795 1193 3863 morte
1219 3797 1335 3888 tamen
1362 3790 1617 3860 interveniente
1643 3791 1867 3878 absumptus,
1893 3789 2035 3878 pietatis

482 3931 565 3982 suae
591 3911 748 4002 intentio,
774 3911 980 4000 praesertim
1008 3910 1089 3981 dum
1115 3911 1220 3981 nullis
1247 3912 1404 4001 personis
1431 3911 1586 4000 regimen
1611 3910 1719 3981 futuri
1738 3910 1921 3999 hospitalis
1940 3910 2033 3979 dele-

371 4025 374 4028 ’
482 4015 619 4123 gasset,
645 4019 770 4104 recidit
796 4033 840 4104 ad
866 4033 1015 4105 irritum.
1057 4031 1124 4104 Sed
1153 4038 1189 4104 et
1217 4054 1294 4104 cum
1320 4051 1499 4103 successor
1526 4051 1609 4102 suus
1637 4032 1855 4102 immediatus
1882 4029 2034 4102 Vincen·
2162 4045 2163 4057 *

482 4155 552 4225 tius
589 4151 906 4224 Oadlubconis
943 4155 985 4225 de
1022 4148 1219 4225 Oarwcw
1255 4155 1436 4244 episcopus
1472 4151 1728 4242 discutienda,
1755 4152 1810 4222 vir
1835 4152 1963 4224 nobilis
1990 4151 2034 4222 de

484 4272 585 4344 domo
611 4272 796 4362 Rcszae,
823 4292 939 4344 semen
966 4272 1087 4346 fratris
1114 4273 1283 4344 suscitare
1307 4273 1535 4364 neglexisset,
1562 4273 1623 4345 lvo
1650 4273 1694 4344 de
1720 4271 1935 4344 Konszke
1962 4273 2035 4362 epi-

484 4413 608 4482 scopus
635 4391 883 4484 cracoviensis,
909 4393 952 4464 de
979 4393 1080 4466 domo
1108 4400 1144 4465 et
1168 4393 1299 4464 familia
1324 4392 1635 4467 Odrowansch
1661 4394 1789 4466 ducens
1807 4413 1925 4484 genus,
1946 4394 2034 4464 Vin-

485 4513 599 4584 centio
635 4511 954 4585 Oadlubkonis
990 4514 1187 4590 immediate
1222 4514 1426 4603 succedens,
1461 4514 1693 4589 facinorosum
1728 4519 1765 4586 et
1794 4515 1938 4604 impium
1965 4515 2034 4586 sibi

485 4633 631 4724 ducens,
667 4634 697 4704 si
733 4639 768 4706 et
803 4635 877 4724 ipse
914 4635 949 4706 in
984 4636 1076 4706 hunc
1111 4635 1354 4725 prolaberetur
1379 4635 1593 4727 neglectum,
1620 4637 1656 4706 in
1682 4636 1766 4707 villa
1792 4633 2035 4706 Prandnik

485 4775 584 4826 secus
611 4752 874 4827 Oraooviensem
901 4756 1077 4827 civitatem
1104 4757 1182 4846 sita,
1209 4756 1381 4846 hospitale
1408 4757 1623 4828 infirmorum
1650 4762 1687 4827 et
1713 4757 1916 4828 coenobium
1943 4775 2063 4827 anno·

483 4875 624 4970 Domini
663 4876 772 4947 1220.
807 4875 947 4966 fundat,
974 4883 1011 4947 ct
1045 4877 1132 4947 illud
1167 4878 1202 4947 in
1239 4857 1361 4949 manus
1395 4877 1543 4948 fratrum
1559 4878 1874 4980 ‘hospitalariorum
1901 4878 2035 4949 ordinis

484 4997 601 5069 Sancti
637 4995 787 5088 Spiritus
823 4997 866 5068 de
894 4996 1088 5068 Wienna
1124 4997 1197 5069 sive
1224 4997 1267 5068 de
1294 4997 1445 5087 Saxin,
1473 5019 1560 5089 quos
1587 4999 1630 5070 de
1657 4998 1860 5090 Wyenna
1886 5001 2034 5071 accersi-

484 5125 602 5209 verat,
629 5117 819 5210 regendum
848 5119 1040 5188 committit.
1077 5116 1141 5189 Oui
1167 5138 1231 5207 pro
1258 5117 1339 5189 dote
1367 5118 1546 5189 ecclesiam
1571 5118 1692 5191 Sancti
1718 5119 1863 5192 Martini
1889 5121 1925 5191 in
1953 5120 2036 5192 villa

485 5237 671 5330 episcopali
698 5239 728 5309 B
736 5239 994 5330 yskupiczc
1022 5259 1128 5328 supra
1153 5237 1199 5308 W
1206 5239 1477 5331 yelyczkam
1503 5239 1626 5331 locata,
1654 5217 1829 5335 cuiusuis
1856 5243 2035 5332 proventi-

485 5359 568 5450 bus,
594 5361 677 5432 item
704 5361 821 5466 villaup
850 5380 954 5450 super
989 5359 1231 5431 Prandnik
1259 5381 1335 5432 cum
1362 5360 1576 5453 molendino,
1603 5364 1687 5434 itam
1714 5363 1832 5434 villam
1858 5361 2032 5442 Orowo

487 5478 605 5568 drza,
632 5481 715 5552 item
742 5483 859 5554 villam
888 5481 1083 5573 Bladow,
1110 5483 1195 5554 item
1221 5482 1339 5555 villam
1367 5481 1554 5555 Wrcnin
1581 5490 1781 5575 utramque,
1808 5483 2032 5561 Maiorem
2055 5577 2059 5585 1

487 5599 618 5670 sedicet
643 5607 679 5670 et
705 5601 928 5672 Minorem
955 5609 991 5674 et
1017 5603 1197 5674 dimidium
1222 5605 1373 5696 pretium
1389 5605 1612 5677 tabernarum
1630 5605 1673 5676 de
1692 5605 1920 5697 Slawkow,
1940 5606 2033 5698 quod
