4492 6592
506 741 582 815 uus
716 721 721 729 ’

504 949 571 1020 liae
598 954 635 1020 et
661 947 918 1025 Mediolanii
945 954 1078 1040 partes,
1105 970 1170 1021 suo
1188 949 1321 1040 rigasse
1348 949 1518 1040 dogmate,
1547 949 1727 1040 adportes
1755 947 1851 1022 oltra
1879 957 2038 1026 montanas

505 1090 548 1140 ex
575 1068 698 1140 Italiae
724 1067 797 1140 oris
825 1068 1056 1160 descendens,
1083 1076 1118 1141 et
1145 1071 1180 1142 in
1209 1069 1408 1160 Almaniae,
1434 1069 1628 1162 Panoniae,
1656 1069 1847 1160 Morauiae,
1875 1071 2039 1148 Bobemiue

504 1195 541 1260 et
567 1187 733 1260 Poloniae
768 1189 886 1279 reguis
930 1190 1074 1261 verbum
1111 1189 1176 1260 Dei
1213 1191 1433 1281 fiducialiter,
1473 1189 1608 1282 fulgens
1636 1191 1815 1281 doctriua,
1851 1192 1941 1282 uita,
1972 1213 2037 1284 pro

507 1307 610 1400 digiis
651 1316 687 1380 et
722 1310 887 1402 exemplis
930 1309 1185 1401 praedicasset,
1235 1311 1270 1382 in
1307 1311 1482 1383 civitatem
1505 1291 1833 1384 'Vratislaviensem
1876 1317 2038 1405 metropoli

404 1461 410 1468 ·
503 1427 699 1502 Gneznensi
736 1430 945 1521 subiectam,
980 1423 1087 1502 etad
1125 1432 1232 1530 regni
1257 1431 1422 1504 Poloniae
1453 1453 1578 1524 corpus
1606 1434 1689 1505 olim
1724 1435 1956 1524 pertinentem
1978 1449 2039 1509 cum

504 1553 672 1624 comitutu
698 1573 760 1623 suo
780 1552 946 1643 peruenit.
983 1551 1090 1622 Fama
1108 1559 1224 1624 autem
1243 1553 1318 1625 eins
1337 1559 1372 1623 et
1390 1554 1484 1626 vitae
1512 1555 1740 1626 sanctimonia
1767 1561 1874 1645 atque
1894 1555 2040 1646 doctrina,

504 1671 582 1744 Sbi
589 1693 733 1764 gneus
759 1672 854 1744 tituli
880 1671 1028 1744 Sanctae
1055 1672 1214 1763 Priscae,
1241 1671 1388 1745 Sanctae
1408 1673 1583 1746 Romanae
1610 1674 1787 1747 Ecclesiae
1815 1675 1993 1767 presbyter
2013 1684 2041 1749 et

505 1794 709 1883 cardinalis,
737 1799 774 1865 et
800 1793 982 1885 episcopus
1011 1791 1251 1866 Gracouiensis
1278 1794 1433 1885 illectus,
1460 1793 1655 1867 Johaunem
1682 1795 1922 1886 Dlugoscb
1948 1799 2041 1870 senio·

501 1937 578 2010 rem
606 1916 805 1987 canonicum
835 1913 1098 1987 Oracouiensem
1127 1915 1352 1986 secretarium
1381 1936 1478 1986 suum
1507 1916 1542 1987 in
1571 1915 1921 1988 Vratislavium
1945 1925 2041 1989 trans

502 2039 617 2128 misit,
653 2037 818 2128 quicum
852 2035 935 2109 licet
964 2035 1176 2108 renitentem
1211 2043 1518 2128 recusantemque,
1553 2037 1720 2110 instinctu
1755 2045 1874 2112 tumen
1910 2037 2041 2129 Spiritus

467 2211 471 2222 .
503 2159 569 2232 Dei
596 2159 823 2232 uiolentatum
849 2163 886 2230 et
903 2157 1033 2229 iussum
1060 2162 1165 2248 atque
1184 2163 1352 2248 coactum,
1380 2157 1651 2231 Oracoviam
1680 2160 1714 2230 in
1734 2159 1790 2231 die
1808 2158 1913 2230 Beati
1940 2159 2041 2251 Augu-
2132 2211 2134 2246 ,

503 2281 587 2352 stiui
614 2301 704 2351 anno
731 2264 871 2352 Domini
902 2280 999 2351 1450
1027 2333 1142 2349 .....
1170 2278 1350 2370 perduxit,
1378 2279 1431 2351 cui
1460 2287 1496 2352 et
1514 2279 1768 2352 illustrissimus
1796 2279 2041 2352 Gasimiros
2132 2325 2134 2370 ς

463 2451 467 2467 .
503 2423 565 2504 res
590 2401 756 2474 Poloniae
783 2405 819 2472 et
837 2393 1058 2474 serenissima
1084 2400 1235 2490 genitrix
1262 2421 1324 2472 sua
1352 2399 1531 2491 Zopbia
1558 2407 1593 2472 et
1619 2395 1798 2492 praelatus
1826 2401 2040 2492 Sbigneus

502 2523 686 2614 episcopus
713 2520 970 2610 Utummensis,
1001 2527 1038 2592 et
1066 2521 1177 2592 omnis
1192 2522 1328 2592 militia
1355 2529 1460 2612 atque
1486 2523 1650 2612 baronia,
1682 2529 1719 2594 et
1746 2523 1859 2594 omnis
1886 2523 1991 2594 clerus
2013 2531 2042 2594 et

502 2645 650 2736 populus
687 2641 942 2732 cracoviensis,
978 2642 1076 2713 iuxta
1110 2629 1151 2713 ac
1180 2663 1306 2714 numen
1342 2642 1479 2733 aliquod
1518 2643 1670 2714 divinum
1699 2664 1740 2714 ac
1767 2643 1919 2715 coeleste
1944 2665 2040 2714 susce·

503 2766 607 2856 pturi,
635 2764 678 2836 ad
698 2764 884 2854 septimum
911 2763 1060 2853 lapidem
1088 2763 1290 2853 etamplius
1309 2764 1446 2834 obviam
1465 2773 1727 2853 processerunt,
1754 2751 1975 2836 excellentem
2000 2765 2040 2835 illi

492 2887 738 2975 ‘honestatem
775 2885 910 2974 qualem
947 2885 1085 2975 etipse
1119 2904 1296 2974 nunquam
1332 2905 1369 2954 se
1397 2884 1431 2954 in
1460 2885 1533 2956 vita
1560 2905 1633 2956 sua·
1659 2885 1787 2956 vidisse
1819 2893 1884 2956 aut
1910 2887 2040 2956 sensisse
2132 2965 2134 2998 Ι

505 3007 702 3096 asserebat,
721 3005 962 3096 impendentes
980 3004 1082 3095 adeo,
1100 3009 1141 3076 ut
1159 3005 1252 3075 dictu
1271 3003 1450 3094 Valerii,
1470 3005 1561 3095 qnod
1580 3005 1623 3076 de
1641 3005 1868 3096 Scipione
1887 3006 2037 3096 superiori

444 3186 447 3191 ,
502 3130 684 3219 scripsisse
718 3128 814 3200 illum
851 3133 1005 3216 constat,
1040 3126 1107 3198 sibi
1144 3132 1336 3217 competat,
1376 3127 1434 3197 Dii
1471 3127 1681 3198 immortales
1718 3128 1918 3198 bominibus
1952 3129 1977 3196 si
2009 3147 2038 3196 se

501 3248 666 3337 oderant,
700 3247 778 3338 plus
814 3247 1049 3318 venerationis
1085 3267 1153 3318 non
1190 3252 1307 3318 esseut
1343 3248 1529 3338 accepturi.
1576 3247 1616 3318 In
1653 3247 1803 3318 adventu
1841 3249 1957 3340 itaque
1979 3253 2037 3317 am

361 3360 376 3371 ”
426 3373 434 3381 ’
504 3371 615 3440 sancti
642 3375 783 3459 tumque
811 3367 1026 3438 celeberrimi
1054 3367 1138 3458 viri,
1164 3368 1247 3438 licet
1277 3365 1538 3438 Casimirus
1566 3367 1730 3439 Poloniae
1756 3388 1817 3440 rex
1846 3368 1923 3440 lo‘ca
1948 3366 2037 3459 ploro,

503 3509 592 3581 quae
619 3490 695 3561 viro
730 3489 795 3560 Dei
822 3509 944 3579 parum
973 3488 1098 3558 idonea
1133 3488 1355 3578 videbuntur,
1383 3489 1582 3580 obtulisset,
1611 3487 1843 3579 Sbignens
1872 3489 2038 3560 cardinalis

429 3667 435 3672 .
474 3617 538 3682 -et
565 3603 747 3701 episcopus
774 3607 1014 3681 Oracoviensis
1041 3608 1236 3699 praelatos,
1269 3610 1303 3678 in
1332 3610 1474 3700 praedio
1502 3616 1538 3681 et
1565 3629 1647 3681 area
1673 3608 1793 3681 fratris
1820 3611 1876 3680 sui
1903 3611 2037 3700 germini

501 3731 672 3804 lobannis
698 3731 742 3802 de
769 3729 1080 3801 Olescbnicza
1106 3729 1251 3820 palatini
1280 3726 1584 3820 Sandomiriensis,
1611 3733 1645 3802 in
1673 3731 1841 3802 suburbio
1870 3730 2036 3800 Stratio-

503 3854 589 3924 mia
614 3853 692 3942 sita,
719 3870 810 3924 auno
837 3851 958 3923 eodem
985 3849 1144 3922 fundavit
1172 3857 1207 3921 et
1234 3851 1358 3940 erexit,
1387 3871 1428 3922 ex
1448 3851 1551 3940 lignis
1581 3871 1716 3942 qnoque
1744 3859 1779 3922 ct
1796 3851 1955 3948 trabibus
1979 3871 2036 3920 mo·

501 3975 691 4046 casterium
726 3981 763 4044 et
790 3972 895 4044 cellas
930 3992 993 4062 pro
1020 3972 1131 4047 seruis
1153 3971 1223 4042 ¹Dei
1265 3971 1480 4076 aedificavit,
1513 3993 1553 4042 ac
1582 3977 1763 4062 praesente
1799 3972 1915 4042 adbuc
1946 3970 2035 4041 fratre

501 4095 712 4180 Jobanue
747 4093 1032 4184 Gapistruno
1068 4093 1103 4162 in
1141 4090 1368 4164 Orucovia
1404 4093 1439 4163 in
1476 4093 1655 4164 ecclesiam
1693 4093 1758 4164 sub
1793 4090 2033 4164 titulo-Sancti

502 4216 734 4287 Bernhardini
766 4215 983 4286 consecravit
1008 4219 1045 4285 et
1071 4213 1267 4304 benedixit,
1301 4235 1389 4304 quae
1417 4221 1538 4304 postea
1565 4215 1638 4305 suis
1665 4215 1819 4304 pecuniis
1848 4221 1886 4285 ct
1911 4213 2033 4302 sumpti-

501 4339 566 4408 bus
594 4357 635 4408 ex
663 4357 761 4408 muro
789 4335 903 4407 coctili
931 4335 965 4405 in
994 4325 1099 4406 decus
1126 4334 1273 4424 praelati
1310 4334 1428 4406 Sancti
1457 4335 1689 4406 Bernhardini
1717 4333 1782 4406 luit
1809 4341 1846 4420 ct
1875 4333 2033 4404 aedificata

479 4433 537 4528 'et
564 4472 773 4528 consecrata
813 4456 861 4527 bt
886 4458 930 4527 ab
958 4457 1018 4527 illo
1044 4465 1201 4546 ternpore
1238 4455 1324 4526 ordo
1351 4455 1499 4526 fratrum
1529 4455 1711 4544 ,Minorum
1748 4456 1791 4551 de
1822 4454 2033 4528 Obseruantia

501 4581 546 4650 ab
573 4580 648 4668 ipso
675 4579 823 4667 primum
855 4577 1068 4648 Jobanne
1095 4576 1380 4667 capistrano
1407 4577 1585 4667 plantatus
1612 4584 1647 4649 et
1673 4577 1857 4666 fundatur,
1876 4555 1918 4647 iu
1943 4595 2032 4664 regno

501 4699 667 4771 Poloniae
693 4705 729 4770 et
747 4699 967 4789 pertinentiis
993 4689 1068 4769 eins
1086 4699 1201 4788 coepit
1219 4698 1427 4787 clarescere,
1455 4697 1594 4770 dilatari
1622 4705 1659 4769 et
1677 4697 1830 4769 diffundi.
1873 4695 2031 4768 Praelatns

502 4826 617 4892 autern
636 4820 844 4892 lohannes
863 4819 1150 4912 Capistranus,
1170 4840 1244 4890 cum
1265 4821 1299 4890 io
1315 4818 1480 4890 Poloniae
1498 4840 1606 4910 regno
1625 4826 1662 4890 et
1675 4819 1816 4890 ciuitate
1834 4815 2032 4890 Gracorieosi

501 4926 645 5014 uerbum
676 4942 911 5032 evangelicum
939 4933 1210 5032 disseminando,
1245 4941 1372 5010 multas
1411 4939 1608 5030 praeclaras
1645 4941 1795 5012 virtutes
1832 4938 2031 5021 ostendisset,

499 5085 542 5135 ex
561 5063 707 5137 Polouia
733 5083 893 5153 egressus
913 5064 949 5132 iu
967 5060 1179 5134 Pannoniam
1200 5083 1237 5133 se
1257 5061 1419 5151 contulit,
1447 5067 1482 5132 et
1501 5060 1690 5132 ancarnm
1711 5081 1884 5132 caesarem
1903 5059 2029 5130 Mabo-

499 5186 621 5257 metb
648 5184 807 5256 maximis
827 5183 972 5274 viribus,
999 5183 1157 5253 maximis
1176 5183 1342 5272 potentiis
1371 5183 1513 5254 Album
1542 5181 1693 5272 regalem
1723 5183 1756 5252 in
1776 5181 1921 5253 Rascia
1944 5197 2032 5270 quarn,

501 5307 757 5379 Thaurinum
775 5312 912 5378 veteres
926 5312 1095 5376 uocauere
1113 5303 1158 5374 ad
1173 5303 1412 5374 confluentiam
1431 5303 1581 5386 Daruubii
1596 5307 1632 5372 et
1646 5301 1756 5374 Sarae
1775 5303 1878 5374 situm
1892 5299 2028 5374 obsiden-

498 5435 567 5498 tem
596 5433 632 5499 et
658 5434 759 5499 nocte
785 5434 890 5518 atque
918 5425 1070 5498 interdiu
1098 5430 1365 5516 oppugnantem,
1393 5425 1468 5495 sola
1495 5425 1651 5495 oratione
1676 5425 1715 5495 'et
1742 5425 1977 5495 intercessione
1999 5419 2026 5488 io

499 5556 614 5619 castro
641 5549 770 5620 milites
789 5549 979 5618 exhortans
1006 5553 1043 5617 et
1061 5546 1276 5635 declamans,
1303 5545 1338 5616 in
1356 5537 1425 5636 'quo
1444 5565 1507 5617 uec
1525 5553 1609 5616 tunc
1627 5544 1804 5616 Jobannes
1823 5545 1865 5616 de
1883 5538 2025 5631 Huuyatb

499 5672 598 5758 regni
634 5669 836 5759 Hungariae
870 5670 1085 5758 gubernator
1119 5669 1311 5757 potentiam
1349 5665 1487 5738 Thnrci'
1505 5668 1637 5738 veritos
1673 5667 1863 5737 consistere
1890 5663 2025 5746 audebat,
2092 5673 2096 5682 '
