4492 6592
371 615 671 720 saoo'

448 931 451 942 ¹
473 848 660 920 donatione
698 853 734 916 et
765 843 993 932 inscriptione
1021 847 1194 932 perpetua
1218 839 1379 928 donavit,
1395 838 1554 912 contulit
1580 846 1618 910 et
1644 839 1843 930 inscripsit,
1869 838 1906 910 ia
1932 840 2016 914 omas

355 971 360 987 ‘
473 968 564 1039 salis
584 965 805 1056 perceptione
820 971 861 1036 et
879 961 1097 1054 possessione
1124 961 1374 1033 monasterium
1400 959 1437 1030 iu
1463 959 1796 1052 Stbauyatblry
1822 969 1878 1030 eet
1903 966 1939 1030 et
1961 960 2018 1034 luit

457 1068 506 1160 'in
535 1089 624 1160 hanc
651 1086 751 1157 diem.
1346 1142 1348 1146 .
1452 1071 1459 1080 '
2010 1174 2014 1178 Α

543 1261 546 1268 ¹
577 1205 757 1280 Taberna
787 1201 1068 1286 Stbanozonia‚
1104 1203 1168 1274 sub
1204 1201 1371 1292 parochia
1407 1201 1572 1273 ecclesiae
1599 1200 1643 1272 de
1669 1201 1928 1274 Bodzanov
1953 1203 2019 1292 sita

471 1331 568 1401 cuius
606 1329 803 1418 proprietas
840 1333 876 1396 et
911 1323 1098 1398 dominium
1132 1323 1180 1396 ¹ad
1214 1323 1462 1412 monasterium
1499 1322 1824 1404 sanctimonialium*
1840 1324 1876 1394 in
1904 1323 2020 1395 Sthe·

471 1472 493 1520 n
505 1449 682 1541 pathlry
711 1447 871 1538 pertinet,
899 1453 936 1516 et
963 1445 997 1515 in
1026 1465 1145 1515 eorum
1173 1444 1304 1514 ditione
1322 1450 1357 1513 et
1374 1443 1593 1532 possessione
1608 1442 2022 1532 consisteqnae'uobent

268 1539 272 1556 .
330 1533 355 1565 ,.
388 1607 391 1613 Ι
472 1591 576 1661 agros
605 1567 776 1640 natabiles
804 1565 1044 1657 perpetuated
1072 1563 1165 1656 illam
1194 1551 1428 1654 pertinentem
1463 1565 1607 1636 neena
1643 1571 1758 1634 autem
1785 1565 1944 1654 praelate
1967 1587 2023 1655 pro

470 1713 585 1762 annuo
613 1707 715 1762 censu
745 1687 849 1759 solvit
876 1686 1087 1758 monasterio
1116 1685 1152 1755 in
1179 1685 1510 1782 Sthanyathkp·
1539 1684 1690 1775 quinque
1717 1706 1862 1775 marcas,
1881 1692 1918 1758 et
1944 1685 2023 1758 duos

471 1811 604 1903 lapides
632 1811 716 1901 sepi.
744 1809 832 1881 ltem
861 1808 965 1886 habet
993 1815 1103 1898 prata.

575 1929 754 2005 Taberna
784 1925 1088 2024 Bolyecbowlra,
1118 1927 1181 1998 sub
1210 1928 1376 2017 parocbia
1403 1927 1566 2000 ecclesiae
1599 1927 1642 2003 de
1670 1927 1927 1999 Bodzanow
1954 1930 2024 2008 siu,

472 2055 568 2125 cuius
596 2051 791 2144 proprietas
819 2057 854 2120 et
881 2049 1069 2144 dominium
1097 2048 1132 2142 in
1160 2047 1290 2118 ditione
1318 2055 1353 2118 et
1379 2048 1597 2138 possessione
1626 2024 1830 2120 monasterii
1847 2049 1884 2118 in
1901 2049 2025 2122 Stba-

472 2175 646 2264 nyatbk
657 2196 678 2264 p
707 2171 873 2259 consistit,
902 2191 987 2260 quae
1017 2170 1122 2241 habet
1149 2190 1252 2260 agros
1280 2167 1451 2240 notabiles
1470 2177 1514 2239 ‘et
1542 2174 1642 2258 prata
1669 2176 1836 2259 perpetuo
1863 2170 1909 2246 ad
1938 2171 2025 2243 illan

471 2275 692 2384 pertinentia,
721 2315 809 2384 quae
837 2311 900 2382 pro
929 2312 1043 2364 arruuo
1072 2311 1177 2362 ceusu
1203 2291 1413 2362 monasterio
1435 2291 1549 2373 ,saliit
1567 2290 1718 2380 quinque
1737 2313 1872 2366 marcae
1890 2300 1928 2364 et
1946 2293 2026 2366 duos

469 2414 602 2506 lapides
630 2415 713 2504 sepi.
1550 2438 1552 2441 ·

573 2535 791 2625 Lanuuium,
820 2533 901 2604 villa
929 2533 963 2604 iu
992 2532 1120 2604 ducatu
1148 2531 1343 2604 Plczinensi
1371 2534 1449 2620 sita,
1478 2533 1609 2604 babens
1636 2533 1672 2602 in
1700 2555 1738 2608 se
1764 2533 1947 2604 ecclesiam
1972 2556 2026 2624 pa·

472 2657 662 2730 rocbialem
691 2656 849 2746 ligneam,
877 2654 1004 2725 Sancto
1033 2653 1203 2724 Clementi
1230 2653 1389 2741 dicatam,
1417 2653 1512 2724 cuius
1540 2655 1746 2744 proprietas,
1771 2676 1840 2724 una
1859 2676 1939 2726 cum
1958 2655 2029 2728 iure

235 2833 247 2848 s
280 2737 284 2745 Ι
338 2787 339 2792 ’
472 2771 687 2869 patronatus
715 2775 760 2848 ad
787 2775 1035 2847 monasterium
1063 2773 1376 2845 sanctimonialium
1405 2774 1440 2844 in
1467 2773 1797 2866 Stbanqathlrr
1825 2777 1930 2864 pleno
1957 2777 2027 2848 iura

471 2901 633 2991 pertinet.
660 2897 699 2969 In
730 2902 906 2989 quaeunt
933 2895 1245 2986 quadraginta...
1266 2896 1382 2966 .lauei
1411 2896 1658 2985 cmethouales‚
1685 2905 1721 2968 et
1749 2897 1897 2987 quilibet
1925 2899 2025 2970 solvit
2059 2944 2062 2948 -

471 3035 534 3111 pro
562 3042 676 3092 arruuo
713 3040 818 3090 censu
845 3039 907 3108 per
936 3015 1204 3107 quatuordecem
1230 3037 1390 3108 grossos,
1419 3025 1456 3088 et
1482 3017 1620 3089 laborat
1648 3026 1796 3109 aratque
1821 3005 1858 3090 ln
1887 3020 2025 3110 praedio

471 3140 664 3213 coenobiali
693 3135 810 3234 ritorpi.
846 3137 934 3209 ltem
970 3121 1208 3228 lrortulaniae,
1235 3146 1272 3210 et
1299 3137 1474 3229 quaelibet
1501 3138 1606 3210 solvit
1632 3128 1783 3229 quatuor
1808 3162 1973 3230 grossos,
1996 3148 2030 3212 et·

343 3240 347 3247 ⁸
476 3283 582 3334 unum
610 3261 699 3332 diem
728 3261 763 3330 in
791 3259 982 3349 septimana
1010 3258 1171 3350 pedester
1198 3259 1343 3332 laborat.
1370 3259 1458 3330 Item
1487 3260 1667 3350 praedium
1695 3283 1800 3332 uuum
1819 3263 2036 3347 coenobiale,

408 3399 411 3418 “
475 3383 518 3454 de
547 3405 613 3474 quo
642 3390 678 3453 et
714 3379 887 3453 universis·
921 3381 1015 3470 agris
1052 3380 1326 3452 emethonalibus
1362 3387 1398 3452 et
1433 3380 1487 3452 de*
1503 3382 1712 3453 hortulaniis
1738 3390 1785 3454 et·
1802 3381 1845 3454 de
1873 3383 2026 3456 tabernis

475 3504 621 3576 solvitur
657 3511 692 3574 et
729 3493 933 3574 conducitur
969 3501 1103 3574 decima
1138 3501 1363 3593 manipularis
1399 3510 1435 3574 et
1462 3503 1638 3592 carrapalis
1664 3503 1830 3605 ecclesiae
1857 3504 1895 3576 in
1922 3505 2024 3597 Len·

471 3625 606 3712 dzini,
635 3631 669 3694 et
698 3623 794 3694 valor
822 3624 896 3694 eius
924 3623 1127 3695 aestimatur
1155 3623 1199 3694 ad
1227 3621 1372 3714 triginta
1398 3645 1541 3694 marcas.
1568 3623 1656 3696 Item
1675 3625 1842 3697 tabernae
1860 3626 2025 3710 babentes
2054 3712 2057 3714 v

471 3767 584 3836 agros,
613 3753 647 3816 et
672 3745 850 3836 quaelibet
877 3744 980 3821 soluit
1007 3765 1070 3835 pro
1099 3765 1205 3816 censu
1231 3744 1443 3818 nrouasterio
1471 3799 1586 3814 .....
1614 3745 1702 3833 ltem
1729 3747 1900 3840 plebanus
1926 3748 2027 3820 babet

468 3889 577 3957 agros
606 3867 704 3948 iuxta
740 3865 920 3937 ecclesiam
948 3867 983 3935 in
1012 3871 1137 3936 monite.
1171 3865 1262 3950 ltem
1300 3866 1406 3938 habet
1433 3875 1469 3937 at
1496 3874 1615 3957 prata,
1642 3889 1706 3958 pro
1735 3890 1798 3939 suo
1825 3869 1973 3958 praedio
1996 3877 2029 3940 et

471 3989 686 4064 necessitate.
715 3987 801 4058 ltem
829 3985 962 4057 decima
990 3971 1215 4075 manipularis
1243 3994 1279 4058 ct
1303 3987 1478 4077 canapalis
1498 3988 1646 4060 solvitur
1664 3989 1830 4060 ecclesiae
1849 3989 1886 4060 iu
1905 3990 2025 4081 Lyen-

469 4095 702 4199 dzini'post
729 4129 847 4179 omues
875 4107 991 4192 laneos
1017 4107 1265 4196 crirethouales,
1284 4109 1459 4208 tabernas,
1478 4110 1695 4182 hortulanias
1713 4118 1751 4182 et
1768 4111 1923 4201 praedia
1941 4111 2033 4182 ltem
2123 4102 2124 4105 '

470 4229 668 4318 notandum,
698 4229 788 4319 quod
816 4228 972 4318 praelata
998 4227 1082 4329 ⁸villa
1110 4229 1339 4311 Leudzini
1366 4237 1443 4301 erat
1469 4230 1641 4320 quondam
1660 4230 1702 4301 de
1721 4232 1940 4333 proprietate
1958 4233 2022 4322 epi
2123 4316 2124 4337 χ

473 4357 635 4442 scopatus
672 4349 1146 4440 Uracuvieusis,ea1nbierat
1183 4351 1274 4448 enim
1302 4372 1377 4421 eam
1405 4351 1647 4423 cracoviensis
1675 4352 1858 4449 episeopus
1886 4353 1974 4425 lvo·
1990 4361 2023 4426 et
2123 4339 2124 4363 ¹

471 4471 617 4542 alteram
645 4469 759 4541 villam
787 4457 1037 4542 lakszicze
1064 4453 1173 4562 prope
1201 4470 1388 4542 Vislam‘
1406 4473 1518 4562 sitam,
1547 4495 1720 4546 unacum
1747 4455 1890 4546 decimis
1918 4475 2021 4550 manle
2054 4517 2057 4520 Δ
2123 4510 2124 4519 ¹

472 4591 670 4684 uulneribus,
698 4592 732 4661 in
761 4597 907 4682 utraque
936 4591 1017 4662 villa
1045 4592 1330 4682 consistentibus,
1358 4593 1402 4664 ab
1431 4593 1559 4667 abbate
1586 4602 1625 4671 et,
1648 4596 1859 4667 monasterio
1886 4595 2056 4673 Szeczez·
2123 4581 2124 4587 ἵ

418 4765 421 4772 -
471 4711 1026 4802 chorieusi,cuiperlaxau1
1055 4713 1256 4784 monasterii
1282 4713 1561 4804 Myecboviensis
1590 4691 1809 4814 fundatorem
1839 4717 1883 4788 de
1911 4705 2033 4809 G’ryll'
2123 4744 2124 4749 ¹

469 4835 620 4907 donatae
648 4839 767 4922 erant„
785 4832 898 4904 dando
927 4833 1037 4904 eidem
1066 4835 1288 4934 ruonasterio
1314 4835 1618 4908 Szeczecboviensi
1644 4836 1731 4924 duas
1759 4837 1861 4908 villas
1888 4808 2021 4910 mensae
2054 4857 2059 4918 ἰ
2123 4908 2124 4923 2

467 4955 682 5049 episcopalis,
696 4977 787 5027 -cum
814 4976 933 5028 earum
961 4955 1111 5045 decimis,
1140 4956 1175 5026 iu
1202 4956 1294 5028 ¹villis
1313 4955 1467 5029 Garun
1494 4963 1530 5029 et
1557 4958 1929 5050 Schawlowicze,
1946 4983 2019 5052 pro·

469 5099 514 5168 pe
531 5079 679 5150 ¹Szecz
689 5077 875 5168 yechou
903 5077 1152 5149 monasterium
1188 5077 1275 5149 sitis.
1309 5076 1444 5170 Eqpost
1468 5100 1563 5151 >uero
1591 5099 1870 5154 successorsuus
1888 5080 2019 5154 Pran

468 5199 612 5271 dotha
649 5198 886 5272 Gracovieusis
923 5197 1106 5289 episcopus
1143 5199 1307 5281 cambivit
1334 5197 1462 5282 dictam
1490 5185 1607 5272 villani
1633 5201 1883 5292 Lendzini,
1911 5202 2017 5275 dando

467 5319 577 5391 illam¹
597 5321 808 5394 monasterio
846 5320 881 5391 in
918 5319 1272 5412 Sthanyathlry,
1309 5342 1378 5394 una
1413 5341 1489 5393 cum
1524 5321 1675 5412 decima,
1711 5330 1747 5394 et
1778 5324 2019 5414 recipiendoa
2123 5360 2124 5364 ¹

469 5429 681 5514 monastario
709 5442 809 5513 uillas
835 5441 1153 5533 Lippouyecz,
1180 5439 1493 5530 J-ankonicze,
1520 5443 1727 5547 Zagorze
1754 5452 1790 5514 et
1817 5443 2019 5540 Babicze.

570 5559 836 5652 Nrneneuouu,
865 5562 946 5634 villa
973 5549 1105 5638 babens
1133 5562 1168 5633 in
1193 5583 1230 5633 se
1249 5562 1429 5637 ecclesiam
1449 5563 1682 5654 parochialem
1710 5564 1874 5654 ligneam,
1901 5565 2018 5638 Sancto
2123 5590 2124 5637 ς
