4492 6592
1690 784 1761 862 let

204 995 414 1072 abstractum
433 1003 504 1087 est;
531 993 598 1071 hoc
617 1018 686 1070 nno
703 991 890 1070 molestato
920 1003 957 1069 et
975 1017 1156 1088 concussa,
1184 995 1274 1088 quod
1303 1015 1379 1068 cum
1407 994 1665 1070 casimirus
1691 997 1762 1070 Se-
1802 995 1809 1009 '

204 1119 377 1192 condus
404 1117 570 1190 Poloniae
597 1139 658 1190 rer
686 1117 850 1209 oppidum
878 1117 1131 1210 Grzepicze
1158 1117 1361 1190 adduvium
1388 1117 1697 1207 Istbwartba,
1724 1119 1761 1188 in

203 1239 274 1312 loco
292 1247 330 1310 et
348 1240 427 1312 vico
445 1240 509 1312 snb
527 1239 695 1330 parocbia
712 1237 938 1310 Olobnczensi
962 1240 1174 1311 consistente
1192 1239 1371 1329 conderet,
1398 1247 1435 1310 et
1452 1259 1580 1312 norum
1598 1239 1761 1331 oppidum

203 1360 350 1432 ecclesia
377 1360 570 1452 parochiali
588 1360 732 1451 propria
758 1359 951 1451 indigeret,
979 1379 1043 1432 nec
1060 1361 1243 1450 episcopus
1270 1358 1511 1431 Gracoviensis
1538 1381 1659 1451 arege
1686 1361 1760 1434 Ga-

204 1481 366 1552 simiro
394 1487 539 1571 rogatus
566 1480 781 1552 dotationem
808 1501 919 1552 novae
946 1480 1133 1569 ecclesiae,
1160 1481 1224 1551 sub
1243 1481 1342 1551 cuius
1369 1480 1520 1552 dioecesi
1546 1482 1761 1554 consistebat

205 1601 315 1691 locos,
353 1601 556 1692 impendere
593 1601 636 1673 de
672 1601 744 1674 suis
771 1600 914 1672 decimis
949 1599 1071 1690 vellet,
1107 1599 1290 1672 Jaroslaus
1316 1600 1520 1690 Bogoria
1547 1599 1761 1673 Gneznensis

203 1723 483 1813 archiepiscopus
509 1722 672 1812 petitioni
698 1722 815 1812 regiae
843 1722 1014 1811 aquievit,
1041 1727 1078 1792 et
1105 1722 1169 1792 sub
1196 1741 1239 1792 ea
1265 1721 1462 1792 conditione
1497 1722 1584 1794 duas
1611 1723 1762 1794 decimas

100 1847 102 1858 ’
206 1843 439 1934 manipulares
457 1863 597 1916 mensae
616 1863 699 1914 suae
717 1841 1040 1933 archiepiscopalis,
1067 1841 1232 1914 videlicet
1249 1843 1284 1913 in
1303 1849 1451 1934 utraque
1469 1843 1713 1934 Zayanczk
1725 1865 1762 1915 o

206 1967 344 2036 wiczc
363 1965 532 2036 ecclesiae
545 1985 656 2036 novae
674 1964 710 2035 in
725 1962 973 2054 Grzepicze
992 1964 1027 2034 in
1043 1963 1161 2036 dotem
1173 1969 1344 2055 perpetuo
1358 1963 1502 2035 donavit
1519 1972 1555 2036 et
1573 1966 1759 2055 inscripsit,

206 2091 242 2156 ut
254 2085 353 2158 locus
368 2087 445 2176 ipse
456 2085 652 2157 adflnvium
666 2085 917 2156 Isthwartba
930 2085 1056 2174 situas,
1076 2085 1136 2176 qui
1148 2083 1413 2156 (lracoviensem
1427 2083 1653 2156 aGneznensi
1667 2085 1762 2156 dioe-

205 2205 304 2278 cesim
321 2205 560 2296 disterminat,
575 2206 725 2278 dioecesi
740 2225 824 2278 suae
838 2203 1035 2277 Gneznensi
1048 2212 1189 2296 extunc,
1204 2205 1355 2277 confusis
1369 2206 1538 2278 limitibus
1551 2207 1757 2297 dioecesum,
1904 2298 1908 2304 Π

100 2321 101 2324 ’
202 2327 445 2416 applicaretur.
480 2327 521 2398 In
540 2327 632 2400 bunc
649 2326 788 2398 modum
808 2347 943 2416 quoque
962 2326 1127 2416 oppidum
1146 2324 1397 2416 Grzepicze
1425 2326 1614 2398 adioecesi
1633 2325 1760 2399 Gracc·
1831 2327 1839 2340 '

203 2449 307 2520 vensi
331 2449 564 2537 abstractum,
592 2447 910 2538 archiepiscopatus
929 2445 1144 2519 Gneznensis
1159 2447 1288 2518 iniuste
1306 2449 1489 2537 occupavit
1507 2455 1544 2519 et
1557 2455 1703 2538 occupat
1723 2449 1759 2520 iu

204 2569 290 2640 bunc
303 2567 411 2645 diem
427 2569 593 2640 -Deoimaa
612 2573 744 2658 autem,
763 2589 885 2640 census
905 2573 941 2640 et
953 2567 1117 2638 introitus
1135 2573 1172 2639 et
1184 2574 1376 2658 proventus
1389 2567 1538 2658 praefati
1555 2569 1759 2640 monasterii

203 2687 578 2780 inlllobuczsko,
600 2688 646 2760 ad
672 2688 758 2760 illud
784 2689 860 2760 inre
893 2689 1025 2779 optimo
1059 2689 1171 2760 veteri
1211 2695 1248 2760 et
1273 2689 1492 2779 praescripto
1529 2691 1754 2780 pertinentes,

203 2810 339 2900 speciali
369 2809 407 2880 in
433 2816 591 2900 regestro
619 2809 869 2880 conscribenda
896 2809 1074 2898 duximus,
1110 2830 1155 2881 ne
1182 2815 1306 2900 expost
1337 2809 1454 2900 aliqua
1479 2810 1534 2880 his
1562 2809 1758 2882 differentia

100 2917 102 2988 ζ
204 2937 261 3002 aut
285 2931 447 3021 quaestio
483 2951 588 3022 super
622 2930 709 3019 illis,
745 2907 969 3021 a'quoquam
1006 2929 1190 3002 ambitioso
1226 2937 1454 3021 occupatore·
1471 2931 1583 3021 possit
1619 2931 1759 3021 exoriri,

100 3077 101 3146 3
205 3072 347 3142 qnorum
379 3051 531 3123 conditio
557 3057 594 3123 et
621 3051 809 3142 appellatio
836 3050 918 3122 talis
945 3057 1007 3124 est

100 3257 102 3270 Ι
222 3195 227 3202 ·
304 3171 569 3262 Gnonuczsno,
596 3172 760 3264 oppidum
787 3172 919 3244 babens
954 3169 990 3243 iu
1017 3191 1055 3244 se
1082 3169 1344 3244 conventualem
1371 3172 1550 3244 ecclesiam
1578 3179 1759 3263 muratam,

101 3353 102 3400 3
210 3293 304 3366 cuius
331 3294 533 3384 proprietas
559 3299 600 3366 ut
627 3293 869 3384 praemisimus
895 3293 940 3365 ad
967 3294 1225 3366 serenissimum
1263 3291 1429 3365 Poloniae
1455 3314 1573 3385 regem
1601 3296 1762 3385 pertinet,

101 3413 102 3424 ’
210 3415 303 3488 iusta
329 3421 452 3486 autem
483 3415 664 3487 ecclesiam
695 3413 906 3506 praefatam,
940 3435 1061 3486 versus
1087 3421 1224 3506 partem
1267 3415 1474 3486 orientalem
1509 3423 1546 3486 et
1573 3417 1761 3487 australem

206 3543 256 3606 est
277 3537 384 3609 curia
410 3537 640 3627 coenobialis,
677 3537 809 3627 optima
835 3536 967 3608 babens
994 3535 1260 3627 aedificia,·sed
1288 3536 1412 3627 lignea,
1440 3557 1517 3608 cum
1544 3535 1690 3608 officinis
1717 3538 1762 3611 ad

207 3656 450 3730 monasterium
478 3657 737 3750 correqnisitis3
764 3658 869 3729 babet
895 3664 931 3728 et
957 3659 1151 3749 pomarium
1179 3658 1347 3748 optimum
1375 3665 1411 3728 et
1437 3657 1571 3747 nobile,
1599 3665 1760 3748 spectans

207 3778 247 3850 ad
265 3780 513 3852 monasterium
542 3779 704 3868 vicinum,
733 3779 944 3850 monasterio
972 3779 1182 3870 contiguum.
1221 3778 1262 3849 lu
1281 3798 1349 3868 quo
1368 3778 1506 3868 quidem
1525 3777 1652 3868 oppido
1680 3784 1761 3848 sunt

207 3899 290 3970 lanei
318 3900 589 3991 oppidanorum,
616 3899 803 3992 dequibus
830 3920 899 3971 non
926 3899 1074 3971 solvitur
1101 3900 1235 3970 decima
1261 3899 1501 3988 manipulariS,
1529 3899 1590 3969 sed
1607 3897 1760 3972 frumen·

207 4020 300 4111 talis,
328 4021 479 4112 quilibet
504 4022 595 4094 enim
623 4021 814 4112 oppidanus
841 4020 885 4094 de
911 4021 1010 4092 laneo
1037 4027 1179 4093 tenetur
1204 4020 1370 4091 ecclesiae
1398 4017 1632 4110 Globucrensi,
1661 4021 1761 4090 annis

209 4141 350 4232 ungulis
379 4163 443 4233 pro
470 4143 604 4214 decima
630 4142 779 4214 solvere⁴
800 4141 844 4214 de
871 4161 980 4233 grano
1007 4161 1094 4234 puro
1122 4148 1159 4213 et
1184 4141 1326 4231 mondo,
1363 4147 1400 4211 et
1425 4141 1567 4231 proprio
1594 4160 1698 4211 curru
1725 4141 1761 4210 in

209 4263 454 4336 monasterium
482 4263 655 4354 inducere,
681 4270 754 4336 tres
780 4279 963 4336 mensuras
989 4283 1098 4354 purae
1126 4261 1284 4353 siliginis,
1311 4267 1349 4333 et
1373 4267 1447 4334 tres
1473 4281 1654 4332 mensuras
1681 4282 1761 4333 ave-

210 4403 286 4474 nae,
321 4405 505 4456 mensurae
533 4385 687 4476 aequalis
713 4383 965 4457 Globuczensis.
1004 4385 1091 4456 Item
1119 4385 1156 4455 in
1182 4383 1303 4455 eodem
1330 4382 1459 4474 oppido
1485 4389 1540 4454 cst
1567 4383 1759 4473 advocatia,

210 4503 334 4578 babens
354 4505 442 4578 duos
456 4506 593 4596 lancos,
621 4506 802 4596 dequibus
823 4507 983 4581 similiter
1000 4526 1064 4596 pro
1084 4504 1218 4577 decima
1235 4505 1383 4576 solvitur
1401 4505 1502 4595 siligo
1520 4511 1556 4575 et
1570 4525 1679 4576 avena
1697 4527 1761 4596 pro

210 4627 415 4699 monasterio
429 4625 662 4717 Globuczensi,
676 4628 712 4698 in
727 4627 846 4698 eadem
862 4629 1056 4717 quantitate
1069 4633 1106 4698 et
1119 4645 1294 4717 mensura,
1312 4625 1599 4717 quemadmodum
1614 4633 1650 4697 et
1664 4629 1761 4717 oppi-

212 4745 393 4836 danorom3
412 4747 579 4820 decimam
598 4754 715 4820 autem
745 4747 943 4838 canapalem
971 4768 1083 4839 neque
1102 4747 1195 4818 lanei
1212 4747 1465 4838 oppidanorum
1484 4747 1631 4837 solvunt,
1650 4769 1762 4837 neque

212 4867 375 4940 advocati.
401 4869 489 4950 Item
516 4869 553 4940 in
576 4869 697 4941 eodem
725 4870 853 4960 oppido
882 4870 987 4941 babet
1012 4871 1261 4941 monasterinm
1284 4868 1517 4941 Globuczense
1535 4869 1622 4941 duos
1641 4869 1760 4937 laneos

212 4986 333 5062 liberos
346 4990 555 5081 praediales,
574 4992 756 5062 etruriam
771 5011 846 5062 cum
862 4991 1003 5081 allodio,
1022 4996 1122 5071 extra
1135 4991 1312 5062 civitatem
1326 5011 1435 5082 prope
1448 4989 1627 5061 ecclesiam
1642 4985 1759 5057 Sancti

214 5105 483 5201 Bartholomaei3
501 5133 588 5203 quos
606 5111 743 5202 quidem
763 5112 895 5203 laneos,
919 5113 1061 5203 proprio
1081 5112 1164 5183 colit
1181 5118 1317 5200 aratro,
1336 5111 1434 5181 etde
1452 5109 1577 5199 quibus
1596 5106 1682 5177 nulli
1701 5106 1762 5177 dat

214 5229 383 5323 decimam,
403 5225 549 5304 sedeam
564 5233 783 5324 prosetbllit,
802 5233 1012 5304 inhorreum
1027 5253 1126 5306 suum
1137 5233 1283 5320 inducit3
1302 5227 1510 5321 quiquidem
1524 5227 1629 5316 lanei,
1642 5228 1761 5297 intres

217 5369 347 5444 campos
374 5360 456 5438 sunt
483 5353 649 5425 distincti.
688 5354 776 5425 Item
804 5354 911 5426 babet
937 5359 1085 5446 quatuor
1110 5355 1232 5425 hortos
1259 5350 1425 5441 speciales
1453 5348 1496 5418 ad
1514 5349 1762 5419 monasterium

215 5475 428 5566 pertinentes,
455 5474 585 5546 liberos
612 5476 655 5546 ab
675 5475 768 5546 omni
795 5473 977 5564 solutione,
1005 5494 1151 5564 quorum
1178 5493 1267 5542 unus
1293 5471 1385 5540 iacet
1410 5473 1532 5539 oontm
1558 5467 1698 5539 domum
1725 5477 1762 5540 et

219 5613 325 5666 aream
353 5595 574 5684 advocatiae,
602 5595 773 5667 secundus
800 5615 883 5666 vero
912 5597 1002 5667 iacet
1028 5595 1339 5664 iurtstorrentem
1358 5589 1450 5661 inira
1476 5589 1579 5661 situm
1599 5590 1761 5679 oppidum

204 5717 335 5788 ‘tertios
362 5723 478 5788 autern
507 5717 597 5788 iacet
633 5737 753 5788 versus
780 5715 1009 5806 Pyerstne
1036 5721 1072 5784 et
1098 5715 1164 5798 bos
1190 5719 1340 5803 quatuor
1366 5713 1487 5782 hortos
1514 5712 1762 5781 monasterium

301 5883 460 5926 laam
479 5884 524 5925 m
1553 5861 1596 5908 '21
