4492 6592
459 717 506 788 26

459 925 502 999 de
530 925 654 1014 quibus
691 923 849 994 omnibus
886 921 1033 992 solvitur
1068 930 1105 992 et
1132 921 1337 994 conducitur
1364 923 1498 995 decima
1523 925 1750 1014 manipularis
1776 931 1813 997 et
1838 927 2015 1016 canapalis

458 1045 669 1117 monasterio
694 1043 967 1134 Myecboviensi,
995 1047 1031 1116 et
1058 1043 1157 1114 valor
1183 1044 1259 1116 eius
1285 1045 1491 1116 aestimatur
1518 1045 1562 1116 ad
1591 1053 1740 1135 quatuor
1766 1068 1911 1118 marcas.

562 1163 903 1254 Knmznuow'nczu,
941 1164 1024 1236 villa
1059 1164 1192 1236 habens
1228 1158 1462 1256 parochialem
1499 1166 1677 1238 ecclesiam
1714 1169 1750 1238 in
1786 1189 1841 1258 se,
1867 1167 2018 1240 Sanctae

462 1289 598 1359 Mariae
634 1293 670 1358 et
705 1285 873 1358 Omnibus
909 1286 1046 1360 Sanctis
1082 1286 1251 1377 dicatam,
1279 1287 1376 1360 cuius
1402 1288 1528 1358 haeres
1555 1287 1945 1382 Crziszanowslry
1972 1290 2016 1360 de

461 1411 567 1480 armis
596 1409 876 1480 Damon-oio
905 1428 973 1498 qua
1000 1414 1082 1479 sunt
1107 1408 1200 1479 lanei
1228 1409 1481 1497 emetbonales,
1507 1409 1588 1479 item
1617 1411 1762 1481 taberna
1788 1432 1858 1482 una
1883 1411 2018 1482 habens

439 1539 572 1622 agros,
600 1531 642 1602 de
671 1531 796 1621 quibus
825 1530 983 1600 omnibus
1011 1530 1160 1600 solvitur
1187 1537 1223 1601 et
1240 1529 1445 1621 conducitur
1463 1531 1597 1602 decima
1614 1506 1840 1622 manipularis
1858 1538 1895 1604 et
1913 1537 2017 1604 cana-

453 1637 546 1744 ·palis
574 1675 637 1742 pro
665 1652 878 1722 monasterio
906 1649 1177 1748 Myechoviensi,
1205 1657 1241 1721 et
1268 1650 1367 1722 valor
1390 1652 1465 1722 eius
1484 1647 1691 1722 aestimatur
1709 1653 1754 1723 ad
1772 1658 1906 1744 septem
1924 1675 2018 1724 mar-

460 1795 528 1846 cas.
568 1775 657 1844 Item
695 1773 744 1844 ibi
780 1790 886 1844 unum
922 1773 1100 1862 praedium
1130 1771 1298 1861 militare,
1327 1793 1398 1842 una
1423 1774 1589 1862 taberna,
1616 1779 1653 1844 et
1679 1773 1767 1845 duae
1795 1775 2018 1846 hortulaniae

459 1897 629 1968 habentes
656 1915 770 1984 agree,
797 1894 840 1966 de
869 1893 994 1984 quibus
1021 1894 1214 1967 decimatur
1236 1894 1403 1966 ecclesiae
1419 1895 1614 1984 parochiali
1630 1894 1792 1968 Omnium
1810 1889 2019 1971 Sanctorum

459 2019 495 2088 in
524 2016 936 2088 Graiszanow'icze.
1018 2101 1023 2111 .

562 2138 760 2209 Notandum
788 2143 903 2212 autem
932 2143 968 2208 et
995 2157 1059 2226 pro
1087 2138 1253 2208 memoria
1279 2136 1475 2209 futurorum
1502 2143 1556 2210 est
1574 2137 1803 2230 scribendum,
1823 2139 1915 2230 qnod
1934 2139 2018 2210 reli-

461 2261 520 2350 gio
558 2259 653 2330 Sacri
691 2258 871 2364 Sepulchri
908 2237 1080 2328 Dominici
1116 2257 1434 2350 Hyerosolimitani,
1461 2259 1525 2331 sub
1552 2259 1674 2348 regula
1701 2259 1801 2358 Beati
1828 2259 2020 2351 Augustini
2106 2262 2108 2265 ’
2167 2302 2168 2363 l

463 2381 627 2470 militans,
654 2380 806 2452 habebat
832 2379 956 2470 priscis
983 2379 1198 2468 temporibus
1225 2380 1382 2452 habitum
1410 2400 1431 2450 a
1458 2380 1623 2452 moderno
1651 2381 1774 2453 babitu
1801 2381 1902 2453 valde
1920 2381 2018 2452 elon·
2167 2366 2168 2383 ¹

458 2508 579 2592 gatnm
618 2509 654 2602 et
690 2502 883 2590 diversum,
919 2500 1084 2572 humilem
1120 2507 1157 2571 et
1193 2501 1412 2590 religiosum,
1434 2501 1562 2592 singuli
1597 2502 1688 2574 enirn
1714 2501 1841 2574 iratres
1867 2501 2019 2593 professi

459 2623 590 2694 ordinis
618 2622 795 2712 praedicti,
823 2621 1030 2692 incedebant
1057 2621 1216 2692 adinstar
1234 2620 1382 2692 fratrum
1401 2623 1533 2694 ordinis
1551 2622 1671 2694 Sancti
1690 2623 1880 2713 Benedicti,
1898 2624 2021 2696 tunica
2128 2617 2130 2619 ’

459 2746 569 2834 nigra,
597 2744 731 2816 duabus
760 2743 919 2816 crucibus
946 2739 1064 2814 rubeis
1092 2743 1239 2833 signata,
1259 2764 1369 2834 cappa
1387 2744 1672 2834 superimposita:
1700 2745 1902 2835 patriarcha
1919 2746 2016 2817 ordi-

459 2868 513 2937 nis
549 2866 696 2956 praelati
733 2865 1072 2957 Hyerosolimitanus
1105 2865 1205 2935 etin
1232 2865 1558 2956 Hyerosolima
1593 2867 1726 2937 habeus
1751 2867 1888 2957 sedem,
1915 2875 1952 2938 et
1981 2868 2019 2938 in

462 2988 794 3080 Hyerosolima
820 2986 1050 3075 residens„in
1079 2987 1158 3058 albo
1185 2987 1307 3058 habitu
1334 2987 1526 3077 incedebat,
1553 2987 1687 3060 duabus
1714 2989 1829 3060 aureis
1856 2990 2020 3062 crucibus

458 3111 604 3200 signato,
632 3116 668 3180 et
696 3108 941 3190 monasterium
969 3107 1237 3212 Myeclnoviense
1264 3115 1346 3179 erat
1368 3108 1419 3178 illi
1446 3093 1644 3180 immediate
1672 3110 1875 3201 subiectum,
1901 3111 2021 3192 solve·
2093 3135 2096 3140 ·

341 3331 346 3341 ι
461 3232 590 3320 batque
629 3230 850 3320 patriarchae
885 3229 1042 3320 praelato
1080 3229 1396 3322 Hyerosolimitano
1433 3230 1532 3301 annis
1569 3231 1713 3321 singulis
1748 3232 2020 3322 propensione,

461 3353 643 3442 sexaginta
677 3353 845 3442 florenos,
880 3372 970 3422 nunc
1006 3373 1087 3422 vero
1124 3351 1324 3440 patriarcha
1359 3351 1492 3424 ordinis
1528 3351 1675 3442 praefati
1710 3353 1878 3434 Romae
1909 3354 2020 3426 babet

461 3472 596 3562 sedern,
624 3479 660 3544 et
695 3494 732 3543 se
768 3472 990 3544 nihilominus
1018 3472 1253 3562 patriarcham
1281 3472 1634 3564 Hyerosolimitanum
1662 3474 1803 3563 scribit,
1831 3474 1951 3546 titulat
1978 3481 2018 3547 et

461 3597 624 3685 nominat,
652 3599 782 3685 tenues,
810 3599 913 3684 atque
941 3595 1049 3665 statui
1076 3615 1138 3664 suo
1166 3615 1287 3684 parum
1315 3593 1438 3685 dignos
1464 3595 1596 3666 habens
1616 3601 1815 3685 proventus,
1834 3617 1898 3668 nec
1916 3596 2014 3667 illum

461 3718 680 3808 praepositus
707 3723 744 3788 et
771 3716 1018 3788 monasterium
1046 3715 1315 3805 Myechoviense
1343 3716 1460 3806 aliqua
1486 3717 1660 3817 pensione,
1678 3724 1740 3788 aut
1758 3717 1877 3808 aliqua
1893 3739 1942 3805 re,
1960 3719 2018 3790 vel

462 3840 679 3929 obedientia,
710 3835 778 3948 'aut
813 3819 1045 3928 subiectione,
1071 3837 1307 3930 patriarcham
1329 3859 1442 3909 suum
1480 3844 1516 3908 et
1543 3839 1596 3910 sui
1624 3829 1775 3929 o‘rdinis,
1801 3839 1921 3911 multis
1948 3841 2019 3910 iam

460 3960 558 4030 annis
585 3959 782 4047 transactis
809 3962 1071 4050 recognoscunt.
1099 3956 1308 4048 Asseritque
1334 3959 1554 4048 praepositus
1580 3957 1868 4056 Myechoviensis,
1893 3960 1952 4050 qui
1970 3961 2016 4032 ab

461 4080 636 4174 ordinario
665 4080 885 4176 Cracoviensi
913 4079 1119 4170 instituitur,
1148 4079 1192 4150 ad
1219 4080 1535 4172 praesentationem
1563 4086 1600 4151 et
1626 4081 1830 4167 electionem
1857 4081 2018 4194 fratrum,

460 4209 496 4272 et
523 4202 929 4298 creditpatriarcbalem
957 4181 1048 4292 apud
1077 4222 1114 4272 se
1141 4201 1332 4278 consistere
1357 4199 1568 4272 facultatem.

667 4507 671 4520 ‚
722 4465 989 4568 Privileplum·
1022 4485 1100 4570 pro
1135 4466 1396 4544 monasterio
1429 4465 1764 4590 Myecbeulensi.

566 4687 604 4756 In
633 4688 768 4756 nomine
796 4687 941 4758 Sanctae
969 4694 1004 4757 et
1030 4642 1240 4758 Jndividuae
1268 4666 1460 4776 Trinitatis,
1487 4685 1603 4766 Patris
1630 4694 1666 4758 et
1692 4687 1773 4758 Filii
1800 4697 1838 4760 et
1864 4687 2016 4778 Spiritus

319 4829 322 4836 ’
462 4808 580 4880 Sancti
599 4807 719 4880 Amen.
748 4807 974 4880 Monachus
1001 4808 1065 4878 Dei
1083 4809 1204 4899 gratia
1224 4807 1372 4880 Sanctae
1398 4808 1677 4882 Resurrectionis
1703 4809 1882 4882 Ecclesiae
1906 4811 2019 4901 patri·

462 4931 584 5019 archa,
612 4934 785 5008 ettotam
819 4929 976 5002 eiusdem
1004 4929 1183 5000 Ecclesiae
1211 4929 1399 5018 capitulum
1426 4931 1598 5001 universis
1626 4931 1913 5022 archiepiscopis,
1941 4932 2015 5022 epi-

462 5054 585 5144 scopis,
613 5051 808 5142 abbatibus,
836 5049 1046 5144 praepositis
1073 5057 1109 5122 et
1137 5051 1282 5122 caeteris
1301 5050 1524 5122 ecclesiarum
1542 5051 1719 5142 praelatis,
1736 5051 1892 5142 ducibus,
1911 5054 2017 5149 comi-

459 5169 571 5265 tibus,
599 5175 807 5264 baronibus,
834 5173 1018 5263 militibus,
1045 5178 1081 5244 et
1108 5173 1255 5244 caeteris
1291 5171 1437 5244 Sanctae
1465 5171 1593 5254 Matris
1618 5173 1795 5245 Ecclesiae
1822 5174 1924 5264 liliis,
1951 5195 2014 5277 per

461 5296 623 5374 ducatum
652 5296 817 5374 Poloniae
845 5294 1052 5384 constitutis,
1080 5299 1116 5365 et
1142 5294 1179 5364 in
1206 5299 1383 5385 posterum
1411 5294 1672 5385 constituendis,
1699 5295 1907 5388 adquorum
1925 5297 2018 5368 noti·

462 5417 546 5486 tiam
573 5419 773 5506 praesentia
799 5417 930 5508 scripta
957 5418 1191 5507 pervenerint,
1220 5416 1366 5488 salntem
1390 5422 1427 5486 et
1444 5417 1712 5506 patriarchalem
1731 5417 2016 5504 benedictionem.

463 5535 546 5608 Cum
584 5537 698 5609 labilis
735 5540 781 5610 sit
808 5538 973 5610 memoria
999 5538 1196 5628 hominum,
1223 5537 1279 5609 cui
1305 5560 1375 5610 non
1402 5538 1613 5629 suffragatur
1641 5540 1856 5629 perpetuitas
1882 5539 2017 5612 littera·

462 5679 550 5768 rum,
578 5659 798 5732 universitati
824 5667 969 5750 vestrae¹
989 5660 1232 5758 praesentibus
1259 5661 1386 5733 litteris
1413 5661 1617 5733 innotescat.
1644 5660 1743 5750 Quod
1762 5681 1837 5732 curn
1857 5661 2016 5734 dominus
