4492 6592
353 967 556 1052 Decimae
589 971 870 1074 manipulares
916 977 1238 1079 praepositurae
1272 977 1591 1060 Kochovianaia.

296 1205 627 1297 Wrnczrrowrcza‚
663 1208 747 1279 villa
773 1210 837 1281 sub
864 1211 1029 1299 parochIa
1044 1213 1222 1292 ,ecclesiae
1248 1215 1292 1284 de
1319 1213 1491 1286 Swirze
1527 1219 1613 1308 alta,
1649 1220 1747 1290 cuius

197 1327 393 1418 proprietas
421 1329 465 1398 ad
493 1331 750 1400 sereniaairnum
779 1350 895 1420 regem
923 1330 1088 1428 Poloniae
1114 1335 1276 1423 pertinet.
1303 1336 1342 1426 ln
1362 1358 1431 1426 qua
1449 1344 1530 1408 sunt
1547 1339 1639 1409 lanei
1657 1354 1747 1410 crue·-

196 1449 372 1538 thouales‚
409 1449 452 1520 de
480 1451 611 1539 quibus·
636 1451 794 1520 omnibns
831 1451 979 1522 solvitur
1006 1459 1042 1522 et
1068 1455 1274 1525 conducitur
1299 1456 1433 1526 decima
1457 1459 1683 1548 manipularis
1711 1467 1748 1530 ct

197 1569 371 1658 canapalis
387 1586 462 1659 'pro
490 1571 733 1660 praepositura
759 1573 794 1642 in
822 1571 1028 1642 Kochow.
1078 1574 1166 1644 Item
1193 1582 1248 1646 est
1273 1577 1321 1648 ibi
1349 1597 1418 1647 una
1443 1578 1590 1648 taberna
1615 1580 1748 1650 babens

199 1709 307 1779 agros,
336 1709 427 1780 qnae
454 1692 558 1761 etiam
587 1692 691 1762 solvit
717 1692 881 1762 decimam
901 1693 1151 1782 manipularem
1171 1696 1338 1766 ecclesiae
1364 1699 1400 1768 in
1427 1692 1631 1769 Kocbow.
1659 1699 1748 1770 Item

198 1809 434 1898 hortulaniae3
470 1811 552 1881 item
579 1817 634 1882 est
660 1812 709 1883 ibi
736 1813 914 1901 praedium
942 1815 1094 1903 regium,
1122 1815 1166 1884 de
1193 1816 1290 1886 cuius
1316 1817 1411 1905 agris
1437 1817 1586 1888 solvitur
1615 1819 1747 1890 decIma

198 1931 425 2021 manipularis
453 1931 619 2003 ecclesiae
646 1933 681 2002 in
708 1931 963 2024 Ryczywol.
1009 1915 1012 1922 ¹

297 2050 441 2142 Onam,
477 2053 560 2124 villa
587 2055 651 2126 sub
678 2053 846 2143 parocbia
871 2054 1035 2125 ecclesiae
1072 2056 1115 2126 de
1142 2055 1337 2128 Kocbow
1374 2058 1459 2146 sita,
1496 2059 1592 2129 cuius
1622 2059 1747 2130 haeres

200 2173 322 2244 Petrus
351 2173 394 2244 de
422 2173 631 2270 Byelyny
659 2175 701 2244 de
729 2174 830 2245 domo
859 2173 1122 2246 Taurorum.
1162 2177 1203 2247 In
1231 2197 1299 2266 qna
1325 2183 1407 2248 sunt
1432 2179 1523 2248 lanei
1549 2179 1748 2250 cmetbona-

200 2294 256 2382 les,
282 2292 326 2364 de
354 2294 481 2383 quibus
508 2295 666 2366 omnibus
688 2295 834 2365 solvitur
861 2301 897 2366 et
924 2295 1063 2365 ducitur
1090 2296 1223 2366 decima
1248 2298 1475 2386 manipularis
1501 2303 1537 2368 et
1563 2290 1747 2389 canapalis,

199 2414 460 2504 praepositurae
488 2416 523 2484 in
550 2415 757 2500 Kochow.
783 2415 872 2486 Item
898 2417 1056 2506 taberna,
1084 2417 1168 2486 item
1194 2417 1430 2507 hortulaniae,
1457 2418 1541 2488 item
1567 2420 1747 2508 praedium

200 2535 244 2604 ibi
270 2535 411 2604 unicum
439 2535 608 2623 milltare,
634 2535 737 2624 ‘quod
764 2535 959 2625 appellatur
987 2537 1180 2624 vulgariter
1207 2537 1417 2627 Borowe,
1456 2537 1499 2608 de
1527 2540 1624 2609 cuius
1652 2539 1746 2629 agris

105 2647 108 2656 ’
201 2654 343 2726 solvitur
371 2655 504 2726 decima
530 2657 754 2745 manipularis
782 2677 845 2745 pro
872 2657 1115 2746 praepositura
1142 2658 1177 2727 in
1204 2655 1410 2729 Kochow.

298 2773 614 2866 Mnczarowrczn,
641 2777 724 2848 villa
751 2753 815 2847 snb
842 2778 1009 2867 parocbia
1035 2778 1201 2848 ecclesiae
1228 2777 1272 2848 de
1298 2777 1495 2849 Kochow
1523 2780 1610 2868 sita,
1651 2780 1747 2849 cuius

201 2897 318 2966 haeres
346 2895 513 2967 Nicolans
540 2895 891 2989 Maczeyowslry
918 2897 961 2968 de
988 2897 1088 2970 domo
1117 2897 1382 2969 Taurorum.
1407 2898 1448 2968 ln
1476 2920 1544 2989 qna
1571 2905 1652 2970 sunt
1678 2899 1746 2974 duo

200 3014 286 3086 lanei
313 3017 559 3107 cmethonales,
587 3017 630 3086 de
658 3018 781 3107 quibus
810 3017 967 3089 omnibus
994 3018 1142 3089 solvitur
1168 3025 1204 3089 et
1229 3018 1367 3089 ducitur
1396 3018 1529 3088 decima
1554 3019 1746 3109 manipula-

201 3136 246 3205 ris
272 3143 308 3206 et
343 3137 519 3226 canapalis
554 3138 814 3227 praepositurae
851 3139 886 3208 in
913 3137 1129 3228 Kocbow,
1165 3143 1202 3209 et
1228 3137 1326 3209 valor
1361 3139 1564 3208 aestimatur
1590 3139 1634 3209 ad
1662 3139 1747 3208 duas

105 3251 106 3284 l
202 3275 338 3328 marcas.
384 3257 472 3329 Item
499 3259 666 3329 tabernae
694 3279 761 3329 non
789 3263 879 3330 sunt.
923 3259 1011 3329 Item
1039 3259 1257 3329 hortulaniae
1284 3257 1393 3348 duae,
1419 3258 1490 3329 sed
1522 3281 1592 3329 non
1617 3241 1749 3330 babent

203 3395 306 3466 agros.
334 3377 424 3448 Item
451 3378 629 3468 praedium
658 3383 711 3448 est
737 3379 787 3450 ibi
813 3379 950 3448 unicum
978 3379 1141 3468 militare,
1168 3378 1211 3450 de
1239 3379 1335 3450 cuius
1362 3379 1457 3468 agris
1485 3379 1632 3449 solvitur
1658 3379 1750 3449 doci·

203 3517 255 3566 ma
278 3498 507 3588 manipularis
534 3498 697 3570 ecclesiae
724 3497 915 3588 parochiali
943 3499 976 3568 in
1005 3498 1317 3589 Szamogoacz.

300 3618 499 3709 Znnazow‚
525 3619 608 3689 villa
634 3620 698 3690 sub
716 3619 882 3708 parocbia
909 3619 1073 3690 ecclesiae
1100 3619 1144 3690 dc
1170 3619 1368 3690 Kochow
1395 3619 1472 3708 sita,
1500 3619 1597 3689 cuius
1623 3620 1748 3690 haeres

205 3736 280 3809 Olth
307 3738 525 3830 Powalya
558 3739 601 3811 de
627 3741 892 3811 Domaszow
919 3740 962 3810 de
990 3739 1091 3810 domo
1118 3739 1341 3829 Powalya.
1388 3740 1428 3808 ln
1456 3759 1525 3828 qua
1550 3744 1631 3808 sunt
1656 3739 1748 3808 lanei

206 3859 449 3949 cmetbonales',
484 3859 527 3931 de
555 3860 680 3949 quibus
696 3861 865 3930 omnibus
893 3860 1041 3931 solvitur
1067 3865 1102 3930 et
1130 3859 1332 3930 conducitur
1359 3858 1491 3928 decima
1518 3857 1746 3947 manipularIs

207 3985 238 4050 et
262 3981 438 4072 canapalis
465 3982 726 4070 praeposItnrae
754 3981 789 4051 in
817 3979 1100 4070 Samogoscz.
1137 3980 1223 4050 Item
1250 3980 1417 4049 tabernae
1444 3999 1512 4047 non
1540 3985 1630 4047 sunt.
1657 3978 1746 4048 Item

206 4099 419 4172 hortulaniae
447 4123 515 4172 non
543 4108 631 4173 sunt.
677 4102 763 4172 Item
790 4101 971 4192 praedium
997 4107 1051 4172 eat
1082 4101 1221 4172 unicum
1248 4099 1417 4188 militare,
1458 4097 1500 4167 de
1528 4098 1625 4168 cuius
1652 4099 1748 4188 agris

208 4221 345 4294 solvitur
372 4223 506 4294 decima
532 4213 757 4313 manipularis
793 4222 958 4293 ccclesiae
993 4220 1184 4312 parochiali
1211 4220 1348 4292 eteius
1379 4219 1578 4308 praeposito
1605 4219 1640 4289 in
1667 4218 1748 4290 Ko-

155 4429 158 4436 .
208 4342 332 4414 chon.

303 4463 590 4552 Ponsnomcza,
630 4463 713 4534 villa
739 4463 803 4550 sub
830 4463 996 4553 parocbia
1022 4463 1190 4545 ecclesiae
1223 4461 1267 4532 de
1293 4459 1491 4532 Kocbow
1525 4462 1610 4550 sita,
1651 4461 1748 4532 cuius

210 4582 377 4656 haeredes:
404 4577 589 4673 Martinus,
611 4583 799 4673 iohannes,
827 4583 1021 4654 Stanislaus
1041 4584 1083 4654 do
1103 4583 1204 4654 domo
1232 4581 1495 4652 Taurorum.
1522 4581 1560 4651 In
1580 4603 1650 4673 qua
1667 4587 1749 4652 sunt

210 4702 291 4774 lanei
317 4705 560 4794 cmetbonales,
587 4704 630 4774 de
658 4705 782 4794 quibus
810 4705 968 4776 omnibus
995 4705 1144 4775 solvitur
1170 4707 1206 4772 et
1232 4702 1372 4773 ducitur
1399 4702 1532 4772 decima
1557 4703 1748 4792 manipula·
1833 4771 1836 4781 ,

212 4825 254 4894 ris
278 4833 311 4896 et
337 4826 513 4916 canapalis
540 4827 575 4895 ln
604 4824 886 4915 Samogoscz.
933 4825 1020 4896 Item
1046 4825 1213 4896 tabernae
1240 4844 1309 4895 non
1336 4829 1426 4913 sunt,
1465 4844 1534 4894 non
1560 4830 1641 4894 sunt
1667 4825 1748 4894 hor-

212 4943 361 5018 tulaniae.
405 4947 494 5017 item
529 4946 709 5035 praedium
746 4953 799 5017 est
826 4945 874 5016 ibi
902 4947 1038 5015 unicum
1066 4945 1236 5034 militare,
1273 4944 1316 5015 de
1344 4946 1442 5016 cuins
1478 4945 1573 5034 agris
1601 4945 1748 5015 solvitur

213 5063 331 5138 decima
357 5067 584 5157 manipularis
610 5087 674 5158 pro
701 5067 942 5158 praepositura
969 5067 1004 5136 in
1030 5065 1238 5137 Kochow.

305 5187 433 5277 Omma,
460 5187 562 5258 villae
580 5188 829 5278 subparocbia
847 5187 1011 5258 ecclesiae
1039 5186 1081 5257 de
1107 5185 1303 5257 Kochow
1329 5187 1450 5256 ambae
1477 5187 1575 5274 sitae,
1602 5206 1747 5274 quarum

215 5305 325 5379 haeres
352 5315 388 5379 et
414 5329 596 5398 possessor
622 5307 787 5379 Nicolaus
813 5305 1163 5398 Maczeyowslry
1199 5305 1242 5376 de
1270 5305 1371 5376 domo
1399 5289 1746 5393 Taurornm3'in

216 5423 347 5518 Oblyn
376 5435 492 5500 autem
520 5434 600 5499 sunt
626 5429 784 5498 undecim
812 5428 912 5516 lanei,
939 5431 975 5496 et
1002 5447 1120 5496 omnes
1152 5426 1323 5496 decimant
1349 5421 1412 5514 pro
1440 5426 1586 5496 ecclesia
1613 5432 1648 5494 et
1675 5426 1747 5514 ple-

217 5544 295 5618 bano
319 5551 354 5620 iu
380 5549 695 5639 Szamogoscz.
722 5549 762 5618 ln
789 5547 925 5620 Polilr
952 5553 1035 5616 sunt
1054 5567 1112 5616 sex
1142 5547 1244 5634 lanei,
1271 5545 1330 5634 qui
1348 5545 1521 5616 decimant
1546 5566 1610 5635 pro
1629 5566 1749 5617 mensa

218 5669 396 5760 epIscopali.
423 5671 510 5741 Item
539 5669 691 5760 praedia,
717 5690 786 5740 non
813 5675 895 5739 sunt
921 5669 956 5738 in
983 5665 1171 5757 praedictis
1198 5665 1300 5736 villis.
