<?xml version="1.0" encoding="UTF-8"?>
<!DOCTYPE html PUBLIC "-//W3C//DTD XHTML 1.0 Transitional//EN"
    "http://www.w3.org/TR/xhtml1/DTD/xhtml1-transitional.dtd">
<html xmlns="http://www.w3.org/1999/xhtml" xml:lang="en" lang="en">
 <head>
  <title>
</title>
<meta http-equiv="Content-Type" content="text/html;charset=utf-8" />
  <meta name='ocr-system' content='tesseract 3.04.00' />
  <meta name='ocr-capabilities' content='ocr_page ocr_carea ocr_par ocr_line ocrx_word'/>
</head>
<body>
  <div class='ocr_page' id='page_1' title='image "./operaomnia00paulgoog_0422.png"; bbox 0 0 4492 6592; ppageno 0'>
   <div class='ocr_carea' id='block_1_1' title="bbox 1698 754 1771 824">
    <p class='ocr_par' dir='ltr' id='par_1_1' title="bbox 1698 754 1771 824">
     <span class='ocr_line' id='line_1_1' title="bbox 1698 754 1771 824; baseline 0.014 -1"><span class='ocrx_word' id='word_1_1' title='bbox 1698 754 1771 824; x_wconf 74' lang='grc'><strong>397</strong></span> 
     </span>
    </p>
   </div>
   <div class='ocr_carea' id='block_1_2' title="bbox 147 896 1772 1285">
    <p class='ocr_par' dir='ltr' id='par_1_2' title="bbox 147 896 1772 1285">
     <span class='ocr_line' id='line_1_2' title="bbox 204 896 1772 1047; baseline 0.006 -28"><span class='ocrx_word' id='word_1_2' title='bbox 204 948 266 1019; x_wconf 93' lang='lat' dir='ltr'><strong>Bo</strong></span> <span class='ocrx_word' id='word_1_3' title='bbox 273 950 429 1037; x_wconf 68' lang='lat' dir='ltr'><strong>gorio⁴</strong></span> <span class='ocrx_word' id='word_1_4' title='bbox 448 950 548 1021; x_wconf 79' lang='lat' dir='ltr'><strong>miles</strong></span> <span class='ocrx_word' id='word_1_5' title='bbox 574 896 723 1035; x_wconf 81' lang='lat' dir='ltr'><strong>contulit</strong></span> <span class='ocrx_word' id='word_1_6' title='bbox 756 950 780 1022; x_wconf 87' lang='lat' dir='ltr'>J</span> <span class='ocrx_word' id='word_1_7' title='bbox 789 900 962 1023; x_wconf 85' lang='lat' dir='ltr'><strong>ohanni</strong></span> <span class='ocrx_word' id='word_1_8' title='bbox 989 952 1109 1025; x_wconf 85' lang='lat' dir='ltr'><strong>abbati</strong></span> <span class='ocrx_word' id='word_1_9' title='bbox 1141 958 1177 1025; x_wconf 90' lang='lat' dir='ltr'><strong>et</strong></span> <span class='ocrx_word' id='word_1_10' title='bbox 1203 954 1415 1027; x_wconf 86' lang='lat' dir='ltr'><strong>monasterio</strong></span> <span class='ocrx_word' id='word_1_11' title='bbox 1442 940 1772 1047; x_wconf 80' lang='lat' dir='ltr'><strong>Ooprzywniczenai,</strong></span> 
     </span>
     <span class='ocr_line' id='line_1_3' title="bbox 202 1073 1770 1167; baseline 0.007 -29"><span class='ocrx_word' id='word_1_12' title='bbox 202 1088 268 1159; x_wconf 86' lang='lat' dir='ltr'><strong>per</strong></span> <span class='ocrx_word' id='word_1_13' title='bbox 295 1075 426 1141; x_wconf 85' lang='lat' dir='ltr'><strong>aratra</strong></span> <span class='ocrx_word' id='word_1_14' title='bbox 451 1092 592 1144; x_wconf 85' lang='lat' dir='ltr'><strong>anorum</strong></span> <span class='ocrx_word' id='word_1_15' title='bbox 619 1073 857 1162; x_wconf 85' lang='lat' dir='ltr'><strong>cmethonum,</strong></span> <span class='ocrx_word' id='word_1_16' title='bbox 883 1079 921 1144; x_wconf 89' lang='lat' dir='ltr'><strong>et</strong></span> <span class='ocrx_word' id='word_1_17' title='bbox 946 1079 1026 1163; x_wconf 81' lang='lat' dir='ltr'><strong>pont</strong></span> <span class='ocrx_word' id='word_1_18' title='bbox 1051 1094 1157 1163; x_wconf 82' lang='lat' dir='ltr'><strong>agros</strong></span> <span class='ocrx_word' id='word_1_19' title='bbox 1184 1074 1235 1147; x_wconf 85' lang='lat' dir='ltr'><strong>eie</strong></span> <span class='ocrx_word' id='word_1_20' title='bbox 1261 1076 1477 1165; x_wconf 76' lang='lat' dir='ltr'><strong>assignatur,</strong></span> <span class='ocrx_word' id='word_1_21' title='bbox 1504 1097 1590 1166; x_wconf 83' lang='lat' dir='ltr'><strong>quoa</strong></span> <span class='ocrx_word' id='word_1_22' title='bbox 1620 1079 1770 1167; x_wconf 86' lang='lat' dir='ltr'><strong>propriis</strong></span> 
     </span>
     <span class='ocr_line' id='line_1_4' title="bbox 147 1188 1556 1285; baseline 0.007 -28"><span class='ocrx_word' id='word_1_23' title='bbox 147 1276 155 1285; x_wconf 95' lang='lat'><em>.</em></span> <span class='ocrx_word' id='word_1_24' title='bbox 200 1188 394 1261; x_wconf 72' lang='lat' dir='ltr'><strong>laboribus</strong></span> <span class='ocrx_word' id='word_1_25' title='bbox 420 1192 457 1262; x_wconf 93' lang='lat' dir='ltr'><strong>in</strong></span> <span class='ocrx_word' id='word_1_26' title='bbox 483 1192 592 1264; x_wconf 83' lang='lat' dir='ltr'><strong>cruda</strong></span> <span class='ocrx_word' id='word_1_27' title='bbox 617 1192 734 1263; x_wconf 83' lang='lat' dir='ltr'><strong>radice</strong></span> <span class='ocrx_word' id='word_1_28' title='bbox 760 1194 1044 1283; x_wconf 71' lang='lat' dir='ltr'><strong>extimaverunt,</strong></span> <span class='ocrx_word' id='word_1_29' title='bbox 1070 1200 1195 1266; x_wconf 82' lang='lat' dir='ltr'><strong>octava</strong></span> <span class='ocrx_word' id='word_1_30' title='bbox 1223 1195 1304 1267; x_wconf 82' lang='lat' dir='ltr'><strong>idus</strong></span> <span class='ocrx_word' id='word_1_31' title='bbox 1331 1194 1414 1269; x_wconf 87' lang='lat' dir='ltr'><strong>Jnui</strong></span> <span class='ocrx_word' id='word_1_32' title='bbox 1448 1197 1556 1269; x_wconf 76' lang='lat'>1324.</span> 
     </span>
    </p>
   </div>
   <div class='ocr_carea' id='block_1_3' title="bbox 372 1492 1613 1667">
    <p class='ocr_par' dir='ltr' id='par_1_3' title="bbox 372 1492 1613 1667">
     <span class='ocr_line' id='line_1_5' title="bbox 372 1492 1613 1667; baseline 0.003 -28"><span class='ocrx_word' id='word_1_33' title='bbox 372 1558 576 1639; x_wconf 83' lang='lat' dir='ltr'><strong>Decimae</strong></span> <span class='ocrx_word' id='word_1_34' title='bbox 609 1492 862 1664; x_wconf 70' lang='lat' dir='ltr'><strong>pecuniolae</strong></span> <span class='ocrx_word' id='word_1_35' title='bbox 886 1534 1132 1641; x_wconf 71' lang='lat' dir='ltr'><strong>moneatur-ii</strong></span> <span class='ocrx_word' id='word_1_36' title='bbox 1165 1558 1613 1667; x_wconf 79' lang='lat' dir='ltr'><strong>Ooprzywntozanaia.</strong></span> 
     </span>
    </p>
   </div>
   <div class='ocr_carea' id='block_1_4' title="bbox 203 1794 1770 2131">
    <p class='ocr_par' dir='ltr' id='par_1_4' title="bbox 203 1794 1770 2131">
     <span class='ocr_line' id='line_1_6' title="bbox 312 1794 1770 1889; baseline 0.005 -24"><span class='ocrx_word' id='word_1_37' title='bbox 312 1794 583 1885; x_wconf 78' lang='lat' dir='ltr'><strong>Brsrnzrczn,</strong></span> <span class='ocrx_word' id='word_1_38' title='bbox 610 1795 695 1868; x_wconf 76' lang='lat' dir='ltr'><strong>villa</strong></span> <span class='ocrx_word' id='word_1_39' title='bbox 720 1795 786 1867; x_wconf 82' lang='lat' dir='ltr'><strong>aul)</strong></span> <span class='ocrx_word' id='word_1_40' title='bbox 811 1796 979 1887; x_wconf 84' lang='lat' dir='ltr'><strong>parochia</strong></span> <span class='ocrx_word' id='word_1_41' title='bbox 1005 1797 1171 1869; x_wconf 79' lang='lat' dir='ltr'><strong>ecclesiae</strong></span> <span class='ocrx_word' id='word_1_42' title='bbox 1197 1797 1240 1870; x_wconf 90' lang='lat' dir='ltr'><strong>de</strong></span> <span class='ocrx_word' id='word_1_43' title='bbox 1266 1796 1588 1871; x_wconf 84' lang='lat' dir='ltr'><strong>Kelczowicze</strong></span> <span class='ocrx_word' id='word_1_44' title='bbox 1615 1801 1699 1889; x_wconf 86' lang='lat' dir='ltr'><strong>sita,</strong></span> <span class='ocrx_word' id='word_1_45' title='bbox 1725 1800 1770 1872; x_wconf 87' lang='lat' dir='ltr'><strong>ad</strong></span> 
     </span>
     <span class='ocr_line' id='line_1_7' title="bbox 203 1915 1770 2009; baseline 0.005 -23"><span class='ocrx_word' id='word_1_46' title='bbox 203 1917 464 2006; x_wconf 73' lang='lat' dir='ltr'><strong>proprietatem</strong></span> <span class='ocrx_word' id='word_1_47' title='bbox 483 1918 694 1989; x_wconf 79' lang='lat' dir='ltr'><strong>:monnaterii</strong></span> <span class='ocrx_word' id='word_1_48' title='bbox 720 1915 1060 2009; x_wconf 82' lang='lat' dir='ltr'><strong>(loprzyuniczensis</strong></span> <span class='ocrx_word' id='word_1_49' title='bbox 1086 1919 1278 2008; x_wconf 78' lang='lat' dir='ltr'>pertinens.</span> <span class='ocrx_word' id='word_1_50' title='bbox 1317 1918 1356 1989; x_wconf 94' lang='lat' dir='ltr'><strong>In</strong></span> <span class='ocrx_word' id='word_1_51' title='bbox 1376 1938 1447 2009; x_wconf 89' lang='lat' dir='ltr'><strong>qua</strong></span> <span class='ocrx_word' id='word_1_52' title='bbox 1464 1924 1545 1991; x_wconf 87' lang='lat' dir='ltr'><strong>sunt</strong></span> <span class='ocrx_word' id='word_1_53' title='bbox 1562 1919 1654 1991; x_wconf 90' lang='lat' dir='ltr'><strong>lanei</strong></span> <span class='ocrx_word' id='word_1_54' title='bbox 1681 1940 1770 1994; x_wconf 86' lang='lat' dir='ltr'><strong>eme·</strong></span> 
     </span>
     <span class='ocr_line' id='line_1_8' title="bbox 205 2034 1769 2131; baseline 0.003 -25"><span class='ocrx_word' id='word_1_55' title='bbox 205 2034 396 2126; x_wconf 76' lang='lat' dir='ltr'><strong>thonalea,</strong></span> <span class='ocrx_word' id='word_1_56' title='bbox 423 2036 521 2107; x_wconf 89' lang='lat' dir='ltr'><strong>etde</strong></span> <span class='ocrx_word' id='word_1_57' title='bbox 547 2036 617 2109; x_wconf 83' lang='lat' dir='ltr'><strong>illis</strong></span> <span class='ocrx_word' id='word_1_58' title='bbox 649 2038 797 2109; x_wconf 84' lang='lat' dir='ltr'><strong>solvitur</strong></span> <span class='ocrx_word' id='word_1_59' title='bbox 823 2037 958 2109; x_wconf 88' lang='lat' dir='ltr'><strong>decima</strong></span> <span class='ocrx_word' id='word_1_60' title='bbox 983 2038 1208 2129; x_wconf 76' lang='lat' dir='ltr'><strong>manipularis</strong></span> <span class='ocrx_word' id='word_1_61' title='bbox 1235 2058 1298 2129; x_wconf 89' lang='lat' dir='ltr'><strong>pro</strong></span> <span class='ocrx_word' id='word_1_62' title='bbox 1317 2039 1530 2111; x_wconf 80' lang='lat' dir='ltr'><strong>monasterio</strong></span> <span class='ocrx_word' id='word_1_63' title='bbox 1556 2038 1769 2131; x_wconf 80' lang='lat' dir='ltr'><strong>Goprziuni-</strong></span> 
     </span>
    </p>
   </div>
   <div class='ocr_carea' id='block_1_5' title="bbox 203 2158 1904 2251">
    <p class='ocr_par' dir='ltr' id='par_1_5' title="bbox 203 2158 1904 2251">
     <span class='ocr_line' id='line_1_9' title="bbox 203 2158 1904 2251; baseline 0.001 -24"><span class='ocrx_word' id='word_1_64' title='bbox 203 2158 343 2245; x_wconf 84' lang='lat' dir='ltr'><strong>ezenai,</strong></span> <span class='ocrx_word' id='word_1_65' title='bbox 383 2159 571 2248; x_wconf 77' lang='lat' dir='ltr'><strong>quierant</strong></span> <span class='ocrx_word' id='word_1_66' title='bbox 605 2158 696 2229; x_wconf 85' lang='lat' dir='ltr'><strong>lanei</strong></span> <span class='ocrx_word' id='word_1_67' title='bbox 722 2159 876 2248; x_wconf 75' lang='lat' dir='ltr'><strong>antiqui,</strong></span> <span class='ocrx_word' id='word_1_68' title='bbox 911 2158 956 2229; x_wconf 91' lang='lat' dir='ltr'><strong>de</strong></span> <span class='ocrx_word' id='word_1_69' title='bbox 981 2159 1062 2231; x_wconf 86' lang='lat' dir='ltr'><strong>aliia</strong></span> <span class='ocrx_word' id='word_1_70' title='bbox 1095 2158 1389 2231; x_wconf 64' lang='lat' dir='ltr'><strong>communiuntur</strong></span> <span class='ocrx_word' id='word_1_71' title='bbox 1415 2159 1550 2231; x_wconf 86' lang='lat' dir='ltr'><strong>decima</strong></span> <span class='ocrx_word' id='word_1_72' title='bbox 1576 2160 1767 2251; x_wconf 86' lang='lat' dir='ltr'><strong>pecunialis</strong></span> <span class='ocrx_word' id='word_1_73' title='bbox 1899 2204 1904 2215; x_wconf 87' lang='lat'>·</span> 
     </span>
    </p>
   </div>
   <div class='ocr_carea' id='block_1_6' title="bbox 204 2276 1769 2371">
    <p class='ocr_par' dir='ltr' id='par_1_6' title="bbox 204 2276 1769 2371">
     <span class='ocr_line' id='line_1_10' title="bbox 204 2276 1769 2371; baseline 0.004 -23"><span class='ocrx_word' id='word_1_74' title='bbox 204 2278 313 2349; x_wconf 88' lang='lat' dir='ltr'><strong>etiam</strong></span> <span class='ocrx_word' id='word_1_75' title='bbox 343 2292 412 2367; x_wconf 81' lang='lat' dir='ltr'><strong>pro</strong></span> <span class='ocrx_word' id='word_1_76' title='bbox 438 2279 649 2349; x_wconf 79' lang='lat' dir='ltr'><strong>monasterio</strong></span> <span class='ocrx_word' id='word_1_77' title='bbox 675 2276 1017 2369; x_wconf 81' lang='lat' dir='ltr'><strong>Koprzywniczenai‚</strong></span> <span class='ocrx_word' id='word_1_78' title='bbox 1044 2300 1108 2369; x_wconf 87' lang='lat' dir='ltr'><strong>per</strong></span> <span class='ocrx_word' id='word_1_79' title='bbox 1134 2300 1195 2351; x_wconf 82' lang='lat' dir='ltr'><strong>aex</strong></span> <span class='ocrx_word' id='word_1_80' title='bbox 1221 2300 1365 2369; x_wconf 77' lang='lat' dir='ltr'><strong>grossos</strong></span> <span class='ocrx_word' id='word_1_81' title='bbox 1389 2280 1539 2353; x_wconf 88' lang='lat' dir='ltr'><strong>latorum</strong></span> <span class='ocrx_word' id='word_1_82' title='bbox 1567 2302 1769 2371; x_wconf 74' lang='lat' dir='ltr'><strong>grossorum</strong></span> 
     </span>
    </p>
   </div>
   <div class='ocr_carea' id='block_1_7' title="bbox 130 2356 1949 2491">
    <p class='ocr_par' dir='ltr' id='par_1_7' title="bbox 130 2356 1949 2491">
     <span class='ocr_line' id='line_1_11' title="bbox 130 2356 1949 2491; baseline 0.004 -24"><span class='ocrx_word' id='word_1_83' title='bbox 130 2446 138 2456; x_wconf 84' lang='lat'>-</span> <span class='ocrx_word' id='word_1_84' title='bbox 207 2395 457 2488; x_wconf 77' lang='lat' dir='ltr'><strong>Prageusinm,</strong></span> <span class='ocrx_word' id='word_1_85' title='bbox 483 2404 545 2470; x_wconf 90' lang='lat' dir='ltr'><strong>aut</strong></span> <span class='ocrx_word' id='word_1_86' title='bbox 570 2404 732 2490; x_wconf 82' lang='lat' dir='ltr'><strong>perocto</strong></span> <span class='ocrx_word' id='word_1_87' title='bbox 757 2420 901 2489; x_wconf 74' lang='lat' dir='ltr'><strong>gronam</strong></span> <span class='ocrx_word' id='word_1_88' title='bbox 926 2385 1139 2491; x_wconf 81' lang='lat' dir='ltr'><strong>communen,</strong></span> <span class='ocrx_word' id='word_1_89' title='bbox 1167 2401 1225 2491; x_wconf 89' lang='lat' dir='ltr'><strong>qni</strong></span> <span class='ocrx_word' id='word_1_90' title='bbox 1253 2400 1343 2471; x_wconf 89' lang='lat' dir='ltr'><strong>lanei</strong></span> <span class='ocrx_word' id='word_1_91' title='bbox 1371 2401 1516 2473; x_wconf 81' lang='lat' dir='ltr'><strong>innova</strong></span> <span class='ocrx_word' id='word_1_92' title='bbox 1543 2400 1662 2473; x_wconf 89' lang='lat' dir='ltr'><strong>radico</strong></span> <span class='ocrx_word' id='word_1_93' title='bbox 1688 2406 1769 2473; x_wconf 88' lang='lat' dir='ltr'><strong>sunt</strong></span> <span class='ocrx_word' id='word_1_94' title='bbox 1921 2356 1949 2401; x_wconf 42' lang='lat'><strong>&#39;-</strong></span> 
     </span>
    </p>
   </div>
   <div class='ocr_carea' id='block_1_8' title="bbox 119 2502 1770 3335">
    <p class='ocr_par' dir='ltr' id='par_1_8' title="bbox 119 2502 1769 3094">
     <span class='ocr_line' id='line_1_12' title="bbox 205 2502 1766 2615; baseline 0.004 -27"><span class='ocrx_word' id='word_1_95' title='bbox 205 2518 351 2589; x_wconf 81' lang='lat' dir='ltr'><strong>etculti.</strong></span> <span class='ocrx_word' id='word_1_96' title='bbox 398 2518 485 2591; x_wconf 90' lang='lat' dir='ltr'><strong>Item</strong></span> <span class='ocrx_word' id='word_1_97' title='bbox 512 2520 744 2591; x_wconf 83' lang='lat' dir='ltr'><strong>molendinum</strong></span> <span class='ocrx_word' id='word_1_98' title='bbox 771 2521 838 2615; x_wconf 81' lang='lat' dir='ltr'><strong>ibi,</strong></span> <span class='ocrx_word' id='word_1_99' title='bbox 870 2521 1002 2606; x_wconf 73' lang='lat' dir='ltr'><strong>habena</strong></span> <span class='ocrx_word' id='word_1_100' title='bbox 1028 2520 1179 2593; x_wconf 89' lang='lat' dir='ltr'><strong>medium</strong></span> <span class='ocrx_word' id='word_1_101' title='bbox 1205 2520 1343 2598; x_wconf 82' lang='lat' dir='ltr'><strong>laneum</strong></span> <span class='ocrx_word' id='word_1_102' title='bbox 1370 2540 1551 2611; x_wconf 78' lang='lat' dir='ltr'><strong>agrorum,</strong></span> <span class='ocrx_word' id='word_1_103' title='bbox 1578 2522 1670 2612; x_wconf 84' lang='lat' dir='ltr'><strong>quod</strong></span> <span class='ocrx_word' id='word_1_104' title='bbox 1697 2502 1766 2594; x_wconf 81' lang='lat' dir='ltr'><strong>sol-</strong></span> 
     </span>
     <span class='ocr_line' id='line_1_13' title="bbox 119 2638 1769 2733; baseline 0.003 -23"><span class='ocrx_word' id='word_1_105' title='bbox 119 2646 127 2664; x_wconf 87' lang='grc'><strong>’·</strong></span> <span class='ocrx_word' id='word_1_106' title='bbox 206 2638 258 2711; x_wconf 82' lang='lat' dir='ltr'><strong>rit</strong></span> <span class='ocrx_word' id='word_1_107' title='bbox 284 2639 459 2711; x_wconf 81' lang='lat' dir='ltr'><strong>decimam</strong></span> <span class='ocrx_word' id='word_1_108' title='bbox 486 2640 736 2731; x_wconf 74' lang='lat' dir='ltr'><strong>manipularem</strong></span> <span class='ocrx_word' id='word_1_109' title='bbox 772 2662 837 2731; x_wconf 91' lang='lat' dir='ltr'><strong>pro</strong></span> <span class='ocrx_word' id='word_1_110' title='bbox 863 2642 1075 2713; x_wconf 78' lang='lat' dir='ltr'><strong>monasterio</strong></span> <span class='ocrx_word' id='word_1_111' title='bbox 1110 2640 1439 2733; x_wconf 81' lang='lat' dir='ltr'><strong>Cupreyuuiczenai.</strong></span> <span class='ocrx_word' id='word_1_112' title='bbox 1494 2642 1595 2714; x_wconf 84' lang='lat' dir='ltr'><strong>ltem&#39;</strong></span> <span class='ocrx_word' id='word_1_113' title='bbox 1610 2642 1769 2715; x_wconf 88' lang='lat' dir='ltr'><strong>scoltetia</strong></span> 
     </span>
     <span class='ocr_line' id='line_1_14' title="bbox 205 2760 1769 2854; baseline 0.003 -23"><span class='ocrx_word' id='word_1_114' title='bbox 205 2760 342 2833; x_wconf 77' lang='lat' dir='ltr'><strong>habens</strong></span> <span class='ocrx_word' id='word_1_115' title='bbox 382 2782 486 2833; x_wconf 90' lang='lat' dir='ltr'><strong>unum</strong></span> <span class='ocrx_word' id='word_1_116' title='bbox 513 2782 590 2833; x_wconf 88' lang='lat' dir='ltr'><strong>eum</strong></span> <span class='ocrx_word' id='word_1_117' title='bbox 618 2761 733 2834; x_wconf 86' lang='lat' dir='ltr'><strong>medio</strong></span> <span class='ocrx_word' id='word_1_118' title='bbox 758 2762 915 2851; x_wconf 86' lang='lat' dir='ltr'><strong>lanenm,</strong></span> <span class='ocrx_word' id='word_1_119' title='bbox 948 2762 992 2835; x_wconf 92' lang='lat' dir='ltr'><strong>de</strong></span> <span class='ocrx_word' id='word_1_120' title='bbox 1018 2784 1088 2853; x_wconf 90' lang='lat' dir='ltr'><strong>quo</strong></span> <span class='ocrx_word' id='word_1_121' title='bbox 1114 2782 1179 2852; x_wconf 91' lang='lat' dir='ltr'><strong>pro</strong></span> <span class='ocrx_word' id='word_1_122' title='bbox 1206 2764 1416 2834; x_wconf 85' lang='lat' dir='ltr'><strong>monasterio</strong></span> <span class='ocrx_word' id='word_1_123' title='bbox 1443 2762 1769 2854; x_wconf 76' lang='lat' dir='ltr'><strong>Koprzywniozenei</strong></span> 
     </span>
     <span class='ocr_line' id='line_1_15' title="bbox 199 2880 1769 2973; baseline 0.001 -20"><span class='ocrx_word' id='word_1_124' title='bbox 199 2880 355 2953; x_wconf 75' lang='lat' dir='ltr'><strong>decima</strong></span> <span class='ocrx_word' id='word_1_125' title='bbox 395 2881 483 2953; x_wconf 87' lang='lat' dir='ltr'><strong>Item</strong></span> <span class='ocrx_word' id='word_1_126' title='bbox 510 2882 689 2973; x_wconf 83' lang='lat' dir='ltr'><strong>praedium</strong></span> <span class='ocrx_word' id='word_1_127' title='bbox 717 2884 935 2973; x_wconf 75' lang='lat' dir='ltr'><strong>coenobiale,</strong></span> <span class='ocrx_word' id='word_1_128' title='bbox 961 2883 1053 2973; x_wconf 86' lang='lat' dir='ltr'><strong>qnod</strong></span> <span class='ocrx_word' id='word_1_129' title='bbox 1075 2882 1163 2956; x_wconf 92' lang='lat' dir='ltr'><strong>nulli</strong></span> <span class='ocrx_word' id='word_1_130' title='bbox 1189 2883 1294 2955; x_wconf 86' lang='lat' dir='ltr'><strong>solvit</strong></span> <span class='ocrx_word' id='word_1_131' title='bbox 1321 2883 1507 2973; x_wconf 65' lang='lat' dir='ltr'><strong>decimum„</strong></span> <span class='ocrx_word' id='word_1_132' title='bbox 1539 2883 1769 2957; x_wconf 85' lang='lat' dir='ltr'><strong>Hortulaniae</strong></span> 
     </span>
     <span class='ocr_line' id='line_1_16' title="bbox 208 3000 953 3094; baseline 0.004 -23"><span class='ocrx_word' id='word_1_133' title='bbox 208 3008 291 3075; x_wconf 85' lang='lat' dir='ltr'><strong>aunt</strong></span> <span class='ocrx_word' id='word_1_134' title='bbox 318 3010 473 3094; x_wconf 84' lang='lat' dir='ltr'><strong>quatuor</strong></span> <span class='ocrx_word' id='word_1_135' title='bbox 499 3000 561 3075; x_wconf 84' lang='lat' dir='ltr'><strong>ned</strong></span> <span class='ocrx_word' id='word_1_136' title='bbox 588 3024 657 3077; x_wconf 91' lang='lat' dir='ltr'><strong>non</strong></span> <span class='ocrx_word' id='word_1_137' title='bbox 684 3002 814 3081; x_wconf 83' lang='lat' dir='ltr'><strong>habent</strong></span> <span class='ocrx_word' id='word_1_138' title='bbox 839 3024 953 3094; x_wconf 78' lang='lat' dir='ltr'><strong>agros.</strong></span> 
     </span>
    </p>

    <p class='ocr_par' dir='ltr' id='par_1_9' title="bbox 186 3122 1770 3335">
     <span class='ocr_line' id='line_1_17' title="bbox 186 3122 1769 3216; baseline 0.001 -22"><span class='ocrx_word' id='word_1_139' title='bbox 186 3174 194 3179; x_wconf 92' lang='lat'><em>-</em></span> <span class='ocrx_word' id='word_1_140' title='bbox 314 3122 484 3212; x_wconf 82' lang='lat' dir='ltr'><strong>Sznnovr,</strong></span> <span class='ocrx_word' id='word_1_141' title='bbox 510 3124 594 3195; x_wconf 84' lang='lat' dir='ltr'><strong>villa</strong></span> <span class='ocrx_word' id='word_1_142' title='bbox 620 3124 686 3196; x_wconf 81' lang='lat' dir='ltr'><strong>sub</strong></span> <span class='ocrx_word' id='word_1_143' title='bbox 712 3124 879 3214; x_wconf 86' lang='lat' dir='ltr'><strong>parochia</strong></span> <span class='ocrx_word' id='word_1_144' title='bbox 904 3124 1070 3195; x_wconf 80' lang='lat' dir='ltr'><strong>ecclesiae</strong></span> <span class='ocrx_word' id='word_1_145' title='bbox 1096 3124 1141 3195; x_wconf 93' lang='lat' dir='ltr'><strong>de</strong></span> <span class='ocrx_word' id='word_1_146' title='bbox 1167 3122 1402 3195; x_wconf 82' lang='lat' dir='ltr'><strong>Krasznik</strong></span> <span class='ocrx_word' id='word_1_147' title='bbox 1429 3125 1511 3215; x_wconf 80' lang='lat' dir='ltr'><strong>site,</strong></span> <span class='ocrx_word' id='word_1_148' title='bbox 1538 3124 1582 3196; x_wconf 92' lang='lat' dir='ltr'><strong>ad</strong></span> <span class='ocrx_word' id='word_1_149' title='bbox 1610 3126 1769 3216; x_wconf 90' lang='lat' dir='ltr'><strong>proprie·</strong></span> 
     </span>
     <span class='ocr_line' id='line_1_18' title="bbox 210 3243 1770 3335; baseline -0.001 -17"><span class='ocrx_word' id='word_1_150' title='bbox 210 3246 317 3318; x_wconf 80' lang='lat' dir='ltr'><strong>ann</strong></span> <span class='ocrx_word' id='word_1_151' title='bbox 347 3245 550 3317; x_wconf 78' lang='lat' dir='ltr'><strong>monasterii</strong></span> <span class='ocrx_word' id='word_1_152' title='bbox 578 3243 916 3335; x_wconf 80' lang='lat' dir='ltr'><strong>Ooprzywnionensia</strong></span> <span class='ocrx_word' id='word_1_153' title='bbox 942 3245 1129 3335; x_wconf 82' lang='lat' dir='ltr'><strong>pertinens.</strong></span> <span class='ocrx_word' id='word_1_154' title='bbox 1170 3244 1208 3315; x_wconf 86' lang='lat' dir='ltr'><strong>ln</strong></span> <span class='ocrx_word' id='word_1_155' title='bbox 1228 3266 1297 3335; x_wconf 87' lang='lat' dir='ltr'><strong>qua</strong></span> <span class='ocrx_word' id='word_1_156' title='bbox 1315 3249 1395 3317; x_wconf 84' lang='lat' dir='ltr'><strong>aunt</strong></span> <span class='ocrx_word' id='word_1_157' title='bbox 1423 3244 1545 3333; x_wconf 81' lang='lat' dir='ltr'><strong>viginti</strong></span> <span class='ocrx_word' id='word_1_158' title='bbox 1573 3250 1652 3315; x_wconf 89' lang='lat' dir='ltr'><strong>octo</strong></span> <span class='ocrx_word' id='word_1_159' title='bbox 1678 3245 1770 3317; x_wconf 91' lang='lat' dir='ltr'><strong>lanei</strong></span> 
     </span>
    </p>
   </div>
   <div class='ocr_carea' id='block_1_9' title="bbox 210 3345 2083 3589">
    <p class='ocr_par' dir='ltr' id='par_1_10' title="bbox 210 3345 2083 3589">
     <span class='ocr_line' id='line_1_19' title="bbox 210 3345 1900 3457; baseline 0 -22"><span class='ocrx_word' id='word_1_160' title='bbox 210 3365 469 3455; x_wconf 84' lang='lat' dir='ltr'><strong>emethonales,</strong></span> <span class='ocrx_word' id='word_1_161' title='bbox 502 3364 539 3437; x_wconf 84' lang='lat' dir='ltr'><strong>et</strong></span> <span class='ocrx_word' id='word_1_162' title='bbox 564 3365 610 3439; x_wconf 94' lang='lat' dir='ltr'><strong>de</strong></span> <span class='ocrx_word' id='word_1_163' title='bbox 635 3366 822 3438; x_wconf 82' lang='lat' dir='ltr'><strong>medietate</strong></span> <span class='ocrx_word' id='word_1_164' title='bbox 848 3366 1033 3437; x_wconf 78' lang='lat' dir='ltr'><strong>laneorum</strong></span> <span class='ocrx_word' id='word_1_165' title='bbox 1066 3366 1206 3437; x_wconf 87' lang='lat' dir='ltr'><strong>solvunt</strong></span> <span class='ocrx_word' id='word_1_166' title='bbox 1232 3364 1398 3437; x_wconf 88' lang='lat' dir='ltr'><strong>decimam</strong></span> <span class='ocrx_word' id='word_1_167' title='bbox 1427 3365 1677 3457; x_wconf 83' lang='lat' dir='ltr'><strong>manipularem</strong></span> <span class='ocrx_word' id='word_1_168' title='bbox 1705 3386 1769 3456; x_wconf 86' lang='lat' dir='ltr'><strong>pro</strong></span> <span class='ocrx_word' id='word_1_169' title='bbox 1865 3345 1900 3415; x_wconf 82' lang='lat'><strong>&#39;,</strong></span> 
     </span>
     <span class='ocr_line' id='line_1_20' title="bbox 212 3478 2083 3589; baseline 0 -33"><span class='ocrx_word' id='word_1_170' title='bbox 212 3488 431 3557; x_wconf 79' lang='lat' dir='ltr'><strong>monasterio</strong></span> <span class='ocrx_word' id='word_1_171' title='bbox 453 3485 798 3577; x_wconf 82' lang='lat' dir='ltr'><strong>Koprnywniczenei,</strong></span> <span class='ocrx_word' id='word_1_172' title='bbox 833 3487 1015 3559; x_wconf 87' lang='lat' dir='ltr'><strong>de-altera</strong></span> <span class='ocrx_word' id='word_1_173' title='bbox 1050 3478 1134 3557; x_wconf 77' lang='lat' dir='ltr'><strong>iero</strong></span> <span class='ocrx_word' id='word_1_174' title='bbox 1170 3486 1355 3558; x_wconf 82' lang='lat' dir='ltr'><strong>medietate</strong></span> <span class='ocrx_word' id='word_1_175' title='bbox 1382 3487 1521 3558; x_wconf 86' lang='lat' dir='ltr'><strong>solvunt</strong></span> <span class='ocrx_word' id='word_1_176' title='bbox 1548 3506 1612 3576; x_wconf 90' lang='lat' dir='ltr'><strong>pro</strong></span> <span class='ocrx_word' id='word_1_177' title='bbox 1639 3486 1772 3559; x_wconf 86' lang='lat' dir='ltr'><strong>decime</strong></span> <span class='ocrx_word' id='word_1_178' title='bbox 1847 3584 1850 3589; x_wconf 21' lang='grc' dir='ltr'>Ι</span> <span class='ocrx_word' id='word_1_179' title='bbox 1991 3512 1997 3525; x_wconf 55' lang='grc'><strong>“</strong></span> <span class='ocrx_word' id='word_1_180' title='bbox 2078 3566 2083 3575; x_wconf 50' lang='grc'>,</span> 
     </span>
    </p>
   </div>
   <div class='ocr_carea' id='block_1_10' title="bbox 210 3606 1860 4423">
    <p class='ocr_par' dir='ltr' id='par_1_11' title="bbox 210 3606 1860 4423">
     <span class='ocr_line' id='line_1_21' title="bbox 210 3606 1769 3699; baseline 0.003 -24"><span class='ocrx_word' id='word_1_181' title='bbox 210 3612 283 3679; x_wconf 82' lang='lat' dir='ltr'><strong>trec</strong></span> <span class='ocrx_word' id='word_1_182' title='bbox 309 3628 454 3699; x_wconf 79' lang='lat' dir='ltr'><strong>gronam</strong></span> <span class='ocrx_word' id='word_1_183' title='bbox 481 3607 582 3697; x_wconf 86' lang='lat' dir='ltr'><strong>latos,</strong></span> <span class='ocrx_word' id='word_1_184' title='bbox 603 3614 757 3699; x_wconf 84' lang='lat' dir='ltr'><strong>quatuor</strong></span> <span class='ocrx_word' id='word_1_185' title='bbox 773 3628 916 3697; x_wconf 74' lang='lat' dir='ltr'><strong>grossos</strong></span> <span class='ocrx_word' id='word_1_186' title='bbox 932 3628 1141 3695; x_wconf 86' lang='lat' dir='ltr'><strong>communes,</strong></span> <span class='ocrx_word' id='word_1_187' title='bbox 1168 3608 1273 3679; x_wconf 84' lang='lat' dir='ltr'><strong>etiam</strong></span> <span class='ocrx_word' id='word_1_188' title='bbox 1301 3614 1365 3697; x_wconf 86' lang='lat' dir='ltr'><strong>pro</strong></span> <span class='ocrx_word' id='word_1_189' title='bbox 1385 3608 1594 3679; x_wconf 82' lang='lat' dir='ltr'><strong>monasterio</strong></span> <span class='ocrx_word' id='word_1_190' title='bbox 1612 3606 1769 3697; x_wconf 83' lang='lat' dir='ltr'><strong>Koprzy·</strong></span> 
     </span>
     <span class='ocr_line' id='line_1_22' title="bbox 212 3727 1769 3819; baseline 0 -20"><span class='ocrx_word' id='word_1_191' title='bbox 212 3729 408 3803; x_wconf 83' lang='lat' dir='ltr'><strong>uniczenai.</strong></span> <span class='ocrx_word' id='word_1_192' title='bbox 448 3728 533 3801; x_wconf 87' lang='lat' dir='ltr'><strong>Item</strong></span> <span class='ocrx_word' id='word_1_193' title='bbox 570 3729 731 3801; x_wconf 83' lang='lat' dir='ltr'><strong>scoltetia</strong></span> <span class='ocrx_word' id='word_1_194' title='bbox 766 3735 820 3801; x_wconf 84' lang='lat' dir='ltr'><strong>est</strong></span> <span class='ocrx_word' id='word_1_195' title='bbox 848 3730 914 3817; x_wconf 83' lang='lat' dir='ltr'><strong>ibi,</strong></span> <span class='ocrx_word' id='word_1_196' title='bbox 951 3728 1083 3801; x_wconf 84' lang='lat' dir='ltr'><strong>habens</strong></span> <span class='ocrx_word' id='word_1_197' title='bbox 1117 3732 1268 3817; x_wconf 81' lang='lat' dir='ltr'><strong>quatuor</strong></span> <span class='ocrx_word' id='word_1_198' title='bbox 1301 3748 1377 3797; x_wconf 89' lang='lat' dir='ltr'><strong>cum</strong></span> <span class='ocrx_word' id='word_1_199' title='bbox 1406 3727 1519 3805; x_wconf 86' lang='lat' dir='ltr'><strong>medio</strong></span> <span class='ocrx_word' id='word_1_200' title='bbox 1551 3727 1689 3819; x_wconf 87' lang='lat' dir='ltr'><strong>laneos,</strong></span> <span class='ocrx_word' id='word_1_201' title='bbox 1725 3727 1769 3799; x_wconf 89' lang='lat' dir='ltr'><strong>de</strong></span> 
     </span>
     <span class='ocr_line' id='line_1_23' title="bbox 212 3847 1768 3942; baseline -0.001 -21"><span class='ocrx_word' id='word_1_202' title='bbox 212 3870 360 3939; x_wconf 83' lang='lat' dir='ltr'><strong>qnorum</strong></span> <span class='ocrx_word' id='word_1_203' title='bbox 387 3850 542 3939; x_wconf 81' lang='lat' dir='ltr'><strong>dnobus,</strong></span> <span class='ocrx_word' id='word_1_204' title='bbox 577 3852 637 3942; x_wconf 84' lang='lat' dir='ltr'><strong>qui</strong></span> <span class='ocrx_word' id='word_1_205' title='bbox 664 3856 766 3923; x_wconf 86' lang='lat' dir='ltr'><strong>erant</strong></span> <span class='ocrx_word' id='word_1_206' title='bbox 791 3850 944 3940; x_wconf 88' lang='lat' dir='ltr'><strong>antiqui,</strong></span> <span class='ocrx_word' id='word_1_207' title='bbox 980 3848 1086 3919; x_wconf 81' lang='lat' dir='ltr'><strong>solvit</strong></span> <span class='ocrx_word' id='word_1_208' title='bbox 1120 3848 1288 3920; x_wconf 88' lang='lat' dir='ltr'><strong>decimam</strong></span> <span class='ocrx_word' id='word_1_209' title='bbox 1325 3847 1574 3937; x_wconf 83' lang='lat' dir='ltr'><strong>manipularem</strong></span> <span class='ocrx_word' id='word_1_210' title='bbox 1602 3848 1768 3919; x_wconf 81' lang='lat' dir='ltr'><strong>ecclesiae</strong></span> 
     </span>
     <span class='ocr_line' id='line_1_24' title="bbox 212 3952 1766 4062; baseline -0.001 -22"><span class='ocrx_word' id='word_1_211' title='bbox 212 3970 248 4041; x_wconf 91' lang='lat' dir='ltr'><strong>in</strong></span> <span class='ocrx_word' id='word_1_212' title='bbox 275 3952 532 4062; x_wconf 80' lang='lat' dir='ltr'><strong>Krasznilr,</strong></span> <span class='ocrx_word' id='word_1_213' title='bbox 558 3972 601 4045; x_wconf 91' lang='lat' dir='ltr'><strong>de</strong></span> <span class='ocrx_word' id='word_1_214' title='bbox 619 3952 756 4044; x_wconf 85' lang='lat' dir='ltr'><strong>duobus</strong></span> <span class='ocrx_word' id='word_1_215' title='bbox 782 3990 866 4043; x_wconf 83' lang='lat' dir='ltr'><strong>vero</strong></span> <span class='ocrx_word' id='word_1_216' title='bbox 893 3991 969 4041; x_wconf 90' lang='lat' dir='ltr'><strong>cnm</strong></span> <span class='ocrx_word' id='word_1_217' title='bbox 997 3969 1121 4058; x_wconf 89' lang='lat' dir='ltr'><strong>medio,</strong></span> <span class='ocrx_word' id='word_1_218' title='bbox 1149 3969 1206 4059; x_wconf 87' lang='lat' dir='ltr'><strong>qni</strong></span> <span class='ocrx_word' id='word_1_219' title='bbox 1226 3990 1269 4041; x_wconf 83' lang='lat' dir='ltr'><strong>ex</strong></span> <span class='ocrx_word' id='word_1_220' title='bbox 1288 3968 1396 4041; x_wconf 87' lang='lat' dir='ltr'><strong>cruda</strong></span> <span class='ocrx_word' id='word_1_221' title='bbox 1423 3967 1549 4057; x_wconf 85' lang='lat' dir='ltr'><strong>radice,</strong></span> <span class='ocrx_word' id='word_1_222' title='bbox 1576 3967 1681 4039; x_wconf 79' lang='lat' dir='ltr'><strong>solvit</strong></span> <span class='ocrx_word' id='word_1_223' title='bbox 1707 3954 1766 4039; x_wconf 64' lang='lat' dir='ltr'><strong>de‘·</strong></span> 
     </span>
     <span class='ocr_line' id='line_1_25' title="bbox 213 4072 1768 4185; baseline -0.002 -23"><span class='ocrx_word' id='word_1_224' title='bbox 213 4092 336 4167; x_wconf 85' lang='lat' dir='ltr'><strong>cimam</strong></span> <span class='ocrx_word' id='word_1_225' title='bbox 365 4093 613 4185; x_wconf 87' lang='lat' dir='ltr'><strong>manipularem</strong></span> <span class='ocrx_word' id='word_1_226' title='bbox 641 4093 853 4165; x_wconf 82' lang='lat' dir='ltr'><strong>monasterio</strong></span> <span class='ocrx_word' id='word_1_227' title='bbox 877 4091 1214 4182; x_wconf 77' lang='lat' dir='ltr'><strong>Koprzyuniczensi.</strong></span> <span class='ocrx_word' id='word_1_228' title='bbox 1259 4072 1345 4164; x_wconf 80' lang='lat' dir='ltr'><strong>item</strong></span> <span class='ocrx_word' id='word_1_229' title='bbox 1373 4088 1626 4179; x_wconf 85' lang='lat' dir='ltr'><strong>molendinum,</strong></span> <span class='ocrx_word' id='word_1_230' title='bbox 1662 4089 1768 4160; x_wconf 90' lang='lat' dir='ltr'><strong>habet</strong></span> 
     </span>
     <span class='ocr_line' id='line_1_26' title="bbox 216 4204 1860 4305; baseline -0.003 -22"><span class='ocrx_word' id='word_1_231' title='bbox 216 4214 367 4287; x_wconf 88' lang='lat' dir='ltr'><strong>medium</strong></span> <span class='ocrx_word' id='word_1_232' title='bbox 392 4216 549 4303; x_wconf 88' lang='lat' dir='ltr'><strong>laneum,</strong></span> <span class='ocrx_word' id='word_1_233' title='bbox 575 4214 619 4287; x_wconf 89' lang='lat' dir='ltr'><strong>de</strong></span> <span class='ocrx_word' id='word_1_234' title='bbox 645 4236 714 4305; x_wconf 83' lang='lat' dir='ltr'><strong>nno</strong></span> <span class='ocrx_word' id='word_1_235' title='bbox 742 4213 963 4285; x_wconf 86' lang='lat' dir='ltr'><strong>medietatem</strong></span> <span class='ocrx_word' id='word_1_236' title='bbox 990 4210 1180 4302; x_wconf 84' lang='lat' dir='ltr'><strong>manipulo,</strong></span> <span class='ocrx_word' id='word_1_237' title='bbox 1208 4218 1244 4281; x_wconf 92' lang='lat' dir='ltr'><strong>et</strong></span> <span class='ocrx_word' id='word_1_238' title='bbox 1262 4210 1482 4283; x_wconf 85' lang='lat' dir='ltr'><strong>medietatem</strong></span> <span class='ocrx_word' id='word_1_239' title='bbox 1510 4210 1656 4301; x_wconf 86' lang='lat' dir='ltr'><strong>pecnnia</strong></span> <span class='ocrx_word' id='word_1_240' title='bbox 1681 4209 1768 4281; x_wconf 84' lang='lat' dir='ltr'><strong>duos</strong></span> <span class='ocrx_word' id='word_1_241' title='bbox 1854 4204 1860 4221; x_wconf 82' lang='grc'><strong>“</strong></span> 
     </span>
     <span class='ocr_line' id='line_1_27' title="bbox 210 4355 592 4423; baseline -0.013 -11"><span class='ocrx_word' id='word_1_242' title='bbox 210 4355 358 4423; x_wconf 66' lang='lat' dir='ltr'><strong>groseas</strong></span> <span class='ocrx_word' id='word_1_243' title='bbox 383 4358 592 4411; x_wconf 77' lang='lat' dir='ltr'><strong>communen.</strong></span> 
     </span>
    </p>
   </div>
   <div class='ocr_carea' id='block_1_11' title="bbox 214 4453 1903 4548">
    <p class='ocr_par' dir='ltr' id='par_1_12' title="bbox 214 4453 1903 4548">
     <span class='ocr_line' id='line_1_28' title="bbox 214 4453 1903 4548; baseline 0.002 -25"><span class='ocrx_word' id='word_1_244' title='bbox 214 4508 220 4523; x_wconf 83' lang='grc'>,</span> <span class='ocrx_word' id='word_1_245' title='bbox 315 4456 524 4548; x_wconf 75' lang='lat' dir='ltr'><strong>Znnnzow,</strong></span> <span class='ocrx_word' id='word_1_246' title='bbox 560 4458 644 4530; x_wconf 85' lang='lat' dir='ltr'><strong>vilia</strong></span> <span class='ocrx_word' id='word_1_247' title='bbox 678 4458 743 4529; x_wconf 85' lang='lat' dir='ltr'><strong>snb</strong></span> <span class='ocrx_word' id='word_1_248' title='bbox 780 4457 946 4548; x_wconf 87' lang='lat' dir='ltr'><strong>parochia</strong></span> <span class='ocrx_word' id='word_1_249' title='bbox 981 4458 1025 4528; x_wconf 90' lang='lat' dir='ltr'><strong>de</strong></span> <span class='ocrx_word' id='word_1_250' title='bbox 1061 4454 1293 4527; x_wconf 83' lang='lat' dir='ltr'><strong>Kraeznik</strong></span> <span class='ocrx_word' id='word_1_251' title='bbox 1321 4454 1410 4544; x_wconf 86' lang='lat' dir='ltr'><strong>sita,</strong></span> <span class='ocrx_word' id='word_1_252' title='bbox 1446 4453 1489 4527; x_wconf 89' lang='lat' dir='ltr'><strong>ad</strong></span> <span class='ocrx_word' id='word_1_253' title='bbox 1517 4454 1767 4545; x_wconf 84' lang='lat' dir='ltr'><strong>proprietatem</strong></span> <span class='ocrx_word' id='word_1_254' title='bbox 1894 4528 1903 4537; x_wconf 75' lang='grc'><strong>,</strong></span> 
     </span>
    </p>
   </div>
   <div class='ocr_carea' id='block_1_12' title="bbox 144 4560 1772 5762">
    <p class='ocr_par' dir='ltr' id='par_1_13' title="bbox 217 4560 1770 5381">
     <span class='ocr_line' id='line_1_29' title="bbox 217 4560 1768 4670; baseline 0 -23"><span class='ocrx_word' id='word_1_255' title='bbox 217 4581 417 4651; x_wconf 84' lang='lat' dir='ltr'><strong>monasterii</strong></span> <span class='ocrx_word' id='word_1_256' title='bbox 444 4560 781 4670; x_wconf 83' lang='lat' dir='ltr'><strong>Coprzywniczensis</strong></span> <span class='ocrx_word' id='word_1_257' title='bbox 807 4579 996 4669; x_wconf 83' lang='lat' dir='ltr'><strong>pertinens.</strong></span> <span class='ocrx_word' id='word_1_258' title='bbox 1039 4577 1080 4649; x_wconf 90' lang='lat' dir='ltr'><strong>ln</strong></span> <span class='ocrx_word' id='word_1_259' title='bbox 1099 4596 1167 4668; x_wconf 84' lang='lat' dir='ltr'><strong>qua</strong></span> <span class='ocrx_word' id='word_1_260' title='bbox 1190 4582 1271 4649; x_wconf 84' lang='lat' dir='ltr'><strong>sunt</strong></span> <span class='ocrx_word' id='word_1_261' title='bbox 1289 4577 1380 4648; x_wconf 85' lang='lat' dir='ltr'><strong>lanei</strong></span> <span class='ocrx_word' id='word_1_262' title='bbox 1408 4575 1659 4666; x_wconf 82' lang='lat' dir='ltr'><strong>emethonaleo‚</strong></span> <span class='ocrx_word' id='word_1_263' title='bbox 1686 4577 1768 4649; x_wconf 85' lang='lat' dir='ltr'><strong>item</strong></span> 
     </span>
     <span class='ocr_line' id='line_1_30' title="bbox 218 4680 1770 4790; baseline -0.001 -21"><span class='ocrx_word' id='word_1_264' title='bbox 218 4696 303 4771; x_wconf 90' lang='lat' dir='ltr'><strong>duae</strong></span> <span class='ocrx_word' id='word_1_265' title='bbox 330 4702 515 4790; x_wconf 82' lang='lat' dir='ltr'><strong>tabernae,</strong></span> <span class='ocrx_word' id='word_1_266' title='bbox 540 4708 577 4771; x_wconf 89' lang='lat' dir='ltr'><strong>et</strong></span> <span class='ocrx_word' id='word_1_267' title='bbox 603 4701 742 4773; x_wconf 83' lang='lat' dir='ltr'><strong>solvunt</strong></span> <span class='ocrx_word' id='word_1_268' title='bbox 768 4699 934 4772; x_wconf 89' lang='lat' dir='ltr'><strong>decimam</strong></span> <span class='ocrx_word' id='word_1_269' title='bbox 961 4698 1175 4790; x_wconf 89' lang='lat' dir='ltr'><strong>pecunialem</strong></span> <span class='ocrx_word' id='word_1_270' title='bbox 1203 4680 1413 4771; x_wconf 82' lang='lat' dir='ltr'><strong>monasterio</strong></span> <span class='ocrx_word' id='word_1_271' title='bbox 1440 4695 1770 4787; x_wconf 81' lang='lat' dir='ltr'><strong>anrzywniczensi‚</strong></span> 
     </span>
     <span class='ocr_line' id='line_1_31' title="bbox 219 4818 1766 4911; baseline -0.003 -19"><span class='ocrx_word' id='word_1_272' title='bbox 219 4821 364 4909; x_wconf 80' lang='lat' dir='ltr'><strong>quilibet</strong></span> <span class='ocrx_word' id='word_1_273' title='bbox 388 4823 509 4894; x_wconf 84' lang='lat' dir='ltr'><strong>laneus</strong></span> <span class='ocrx_word' id='word_1_274' title='bbox 536 4822 580 4895; x_wconf 89' lang='lat' dir='ltr'><strong>ad</strong></span> <span class='ocrx_word' id='word_1_275' title='bbox 599 4843 659 4895; x_wconf 82' lang='lat' dir='ltr'><strong>sex</strong></span> <span class='ocrx_word' id='word_1_276' title='bbox 677 4842 819 4911; x_wconf 77' lang='lat' dir='ltr'><strong>gronam</strong></span> <span class='ocrx_word' id='word_1_277' title='bbox 846 4822 995 4893; x_wconf 82' lang='lat' dir='ltr'><strong>lotorum</strong></span> <span class='ocrx_word' id='word_1_278' title='bbox 1013 4840 1213 4909; x_wconf 73' lang='lat' dir='ltr'><strong>grossorum</strong></span> <span class='ocrx_word' id='word_1_279' title='bbox 1234 4818 1469 4909; x_wconf 76' lang='lat' dir='ltr'><strong>Progenaium</strong></span> <span class='ocrx_word' id='word_1_280' title='bbox 1497 4822 1558 4889; x_wconf 88' lang='lat' dir='ltr'><strong>aut</strong></span> <span class='ocrx_word' id='word_1_281' title='bbox 1576 4823 1653 4889; x_wconf 89' lang='lat' dir='ltr'><strong>octo</strong></span> <span class='ocrx_word' id='word_1_282' title='bbox 1671 4838 1766 4907; x_wconf 82' lang='lat' dir='ltr'><strong>gros·</strong></span> 
     </span>
     <span class='ocr_line' id='line_1_32' title="bbox 220 4936 1770 5029; baseline 0 -20"><span class='ocrx_word' id='word_1_283' title='bbox 220 4961 276 5013; x_wconf 84' lang='lat' dir='ltr'><strong>eoa</strong></span> <span class='ocrx_word' id='word_1_284' title='bbox 300 4944 499 5017; x_wconf 82' lang='lat' dir='ltr'><strong>communis.</strong></span> <span class='ocrx_word' id='word_1_285' title='bbox 540 4942 626 5016; x_wconf 86' lang='lat' dir='ltr'><strong>item</strong></span> <span class='ocrx_word' id='word_1_286' title='bbox 646 4943 813 5015; x_wconf 85' lang='lat' dir='ltr'><strong>scultetus</strong></span> <span class='ocrx_word' id='word_1_287' title='bbox 838 4950 893 5013; x_wconf 82' lang='lat' dir='ltr'><strong>eat</strong></span> <span class='ocrx_word' id='word_1_288' title='bbox 910 4943 961 5013; x_wconf 89' lang='lat' dir='ltr'><strong>ibi</strong></span> <span class='ocrx_word' id='word_1_289' title='bbox 979 4942 1111 5014; x_wconf 83' lang='lat' dir='ltr'><strong>habens</strong></span> <span class='ocrx_word' id='word_1_290' title='bbox 1139 4961 1260 5013; x_wconf 85' lang='lat' dir='ltr'><strong>novem</strong></span> <span class='ocrx_word' id='word_1_291' title='bbox 1288 4940 1431 5028; x_wconf 77' lang='lat' dir='ltr'><strong>tenena,</strong></span> <span class='ocrx_word' id='word_1_292' title='bbox 1452 4936 1641 5029; x_wconf 87' lang='lat' dir='ltr'><strong>dequibus</strong></span> <span class='ocrx_word' id='word_1_293' title='bbox 1667 4938 1770 5009; x_wconf 82' lang='lat' dir='ltr'><strong>noluit</strong></span> 
     </span>
     <span class='ocr_line' id='line_1_33' title="bbox 219 5057 1767 5156; baseline -0.004 -21"><span class='ocrx_word' id='word_1_294' title='bbox 219 5065 455 5137; x_wconf 84' lang='lat' dir='ltr'><strong>tantummodo</strong></span> <span class='ocrx_word' id='word_1_295' title='bbox 490 5084 553 5156; x_wconf 83' lang='lat' dir='ltr'><strong>per</strong></span> <span class='ocrx_word' id='word_1_296' title='bbox 580 5064 827 5153; x_wconf 80' lang='lat' dir='ltr'><strong>negligentiam</strong></span> <span class='ocrx_word' id='word_1_297' title='bbox 853 5070 891 5134; x_wconf 91' lang='lat' dir='ltr'><strong>et</strong></span> <span class='ocrx_word' id='word_1_298' title='bbox 917 5064 1082 5151; x_wconf 84' lang='lat' dir='ltr'><strong>abusum,</strong></span> <span class='ocrx_word' id='word_1_299' title='bbox 1112 5068 1192 5135; x_wconf 88' lang='lat' dir='ltr'><strong>octo</strong></span> <span class='ocrx_word' id='word_1_300' title='bbox 1214 5067 1351 5137; x_wconf 72' lang='lat' dir='ltr'><strong>‚scottos</strong></span> <span class='ocrx_word' id='word_1_301' title='bbox 1378 5059 1543 5136; x_wconf 85' lang='lat' dir='ltr'><strong>ecelesiae</strong></span> <span class='ocrx_word' id='word_1_302' title='bbox 1571 5059 1606 5130; x_wconf 94' lang='lat' dir='ltr'><strong>in</strong></span> <span class='ocrx_word' id='word_1_303' title='bbox 1633 5057 1767 5129; x_wconf 87' lang='lat' dir='ltr'><strong>Kros-</strong></span> 
     </span>
     <span class='ocr_line' id='line_1_34' title="bbox 222 5167 1770 5283; baseline -0.001 -30"><span class='ocrx_word' id='word_1_304' title='bbox 222 5188 360 5258; x_wconf 81' lang='lat' dir='ltr'><strong>sznilr.</strong></span> <span class='ocrx_word' id='word_1_305' title='bbox 394 5167 491 5259; x_wconf 46' lang='lat' dir='ltr'><strong>&#39;item</strong></span> <span class='ocrx_word' id='word_1_306' title='bbox 519 5186 697 5277; x_wconf 78' lang='lat' dir='ltr'><strong>praediun</strong></span> <span class='ocrx_word' id='word_1_307' title='bbox 725 5192 780 5257; x_wconf 84' lang='lat' dir='ltr'><strong>eet</strong></span> <span class='ocrx_word' id='word_1_308' title='bbox 807 5186 854 5257; x_wconf 88' lang='lat' dir='ltr'><strong>ibi</strong></span> <span class='ocrx_word' id='word_1_309' title='bbox 878 5184 1096 5283; x_wconf 81' lang='lat' dir='ltr'><strong>coenobiale,</strong></span> <span class='ocrx_word' id='word_1_310' title='bbox 1122 5183 1167 5255; x_wconf 93' lang='lat' dir='ltr'><strong>de</strong></span> <span class='ocrx_word' id='word_1_311' title='bbox 1194 5184 1290 5255; x_wconf 87' lang='lat' dir='ltr'><strong>cuius</strong></span> <span class='ocrx_word' id='word_1_312' title='bbox 1317 5182 1412 5272; x_wconf 81' lang='lat' dir='ltr'><strong>egris</strong></span> <span class='ocrx_word' id='word_1_313' title='bbox 1438 5180 1682 5255; x_wconf 85' lang='lat' dir='ltr'><strong>non.aolvitnr</strong></span> <span class='ocrx_word' id='word_1_314' title='bbox 1707 5178 1770 5251; x_wconf 91' lang='lat' dir='ltr'><strong>ali·</strong></span> 
     </span>
     <span class='ocr_line' id='line_1_35' title="bbox 222 5307 1705 5381; baseline -0.002 -3"><span class='ocrx_word' id='word_1_315' title='bbox 222 5307 273 5379; x_wconf 87' lang='lat' dir='ltr'><strong>cni</strong></span> <span class='ocrx_word' id='word_1_316' title='bbox 298 5308 441 5381; x_wconf 86' lang='lat' dir='ltr'><strong>decima.</strong></span> <span class='ocrx_word' id='word_1_317' title='bbox 958 5360 963 5367; x_wconf 86' lang='lat'>-</span> <span class='ocrx_word' id='word_1_318' title='bbox 1642 5374 1643 5377; x_wconf 73' lang='grc'>,</span> <span class='ocrx_word' id='word_1_319' title='bbox 1697 5360 1705 5375; x_wconf 93' lang='grc'><strong>.</strong></span> 
     </span>
    </p>

    <p class='ocr_par' dir='ltr' id='par_1_14' title="bbox 144 5422 1772 5762">
     <span class='ocr_line' id='line_1_36' title="bbox 321 5422 1771 5520; baseline -0.006 -18"><span class='ocrx_word' id='word_1_320' title='bbox 321 5430 481 5520; x_wconf 82' lang='lat' dir='ltr'><strong>Rnnum,</strong></span> <span class='ocrx_word' id='word_1_321' title='bbox 508 5429 590 5501; x_wconf 84' lang='lat' dir='ltr'><strong>nilla</strong></span> <span class='ocrx_word' id='word_1_322' title='bbox 617 5429 683 5501; x_wconf 84' lang='lat' dir='ltr'><strong>sub</strong></span> <span class='ocrx_word' id='word_1_323' title='bbox 709 5426 875 5519; x_wconf 85' lang='lat' dir='ltr'><strong>parochia</strong></span> <span class='ocrx_word' id='word_1_324' title='bbox 900 5426 1067 5499; x_wconf 80' lang='lat' dir='ltr'><strong>eeclesiae</strong></span> <span class='ocrx_word' id='word_1_325' title='bbox 1094 5425 1138 5497; x_wconf 91' lang='lat' dir='ltr'><strong>de</strong></span> <span class='ocrx_word' id='word_1_326' title='bbox 1164 5424 1488 5497; x_wconf 86' lang='lat' dir='ltr'><strong>Kelczouicze</strong></span> <span class='ocrx_word' id='word_1_327' title='bbox 1515 5423 1594 5512; x_wconf 83' lang='lat' dir='ltr'><strong>sita,</strong></span> <span class='ocrx_word' id='word_1_328' title='bbox 1619 5422 1664 5495; x_wconf 90' lang='lat' dir='ltr'><strong>ad</strong></span> <span class='ocrx_word' id='word_1_329' title='bbox 1692 5442 1771 5513; x_wconf 86' lang='lat' dir='ltr'><strong>pro·</strong></span> 
     </span>
     <span class='ocr_line' id='line_1_37' title="bbox 224 5544 1770 5641; baseline -0.003 -22"><span class='ocrx_word' id='word_1_330' title='bbox 224 5551 402 5637; x_wconf 83' lang='lat' dir='ltr'><strong>prietatem</strong></span> <span class='ocrx_word' id='word_1_331' title='bbox 425 5552 628 5623; x_wconf 72' lang='lat' dir='ltr'><strong>monasterii</strong></span> <span class='ocrx_word' id='word_1_332' title='bbox 656 5548 994 5641; x_wconf 81' lang='lat' dir='ltr'><strong>Ooprzywniczensis</strong></span> <span class='ocrx_word' id='word_1_333' title='bbox 1030 5548 1217 5637; x_wconf 61' lang='lat' dir='ltr'><strong>pertinent</strong></span> <span class='ocrx_word' id='word_1_334' title='bbox 1258 5546 1297 5617; x_wconf 95' lang='lat' dir='ltr'><strong>In</strong></span> <span class='ocrx_word' id='word_1_335' title='bbox 1325 5564 1392 5636; x_wconf 84' lang='lat' dir='ltr'><strong>qua</strong></span> <span class='ocrx_word' id='word_1_336' title='bbox 1420 5550 1501 5617; x_wconf 82' lang='lat' dir='ltr'><strong>sunt</strong></span> <span class='ocrx_word' id='word_1_337' title='bbox 1529 5545 1651 5634; x_wconf 76' lang='lat' dir='ltr'><strong>viginti</strong></span> <span class='ocrx_word' id='word_1_338' title='bbox 1679 5544 1770 5639; x_wconf 82' lang='lat' dir='ltr'><strong>lanei</strong></span> 
     </span>
     <span class='ocr_line' id='line_1_38' title="bbox 144 5664 1772 5762; baseline -0.005 -18"><span class='ocrx_word' id='word_1_339' title='bbox 144 5698 153 5711; x_wconf 90' lang='lat'><strong>·</strong></span> <span class='ocrx_word' id='word_1_340' title='bbox 228 5673 478 5762; x_wconf 83' lang='lat' dir='ltr'><strong>emetlmnoles,</strong></span> <span class='ocrx_word' id='word_1_341' title='bbox 513 5679 550 5745; x_wconf 89' lang='lat' dir='ltr'><strong>et</strong></span> <span class='ocrx_word' id='word_1_342' title='bbox 581 5672 722 5745; x_wconf 83' lang='lat' dir='ltr'><strong>solvunt</strong></span> <span class='ocrx_word' id='word_1_343' title='bbox 757 5670 923 5743; x_wconf 82' lang='lat' dir='ltr'><strong>decimam</strong></span> <span class='ocrx_word' id='word_1_344' title='bbox 959 5668 1170 5760; x_wconf 89' lang='lat' dir='ltr'><strong>pecunialem</strong></span> <span class='ocrx_word' id='word_1_345' title='bbox 1205 5667 1416 5741; x_wconf 86' lang='lat' dir='ltr'><strong>monasterio</strong></span> <span class='ocrx_word' id='word_1_346' title='bbox 1444 5664 1772 5757; x_wconf 80' lang='lat' dir='ltr'><strong>Goprayuniczenai,</strong></span> 
     </span>
    </p>
   </div>
   <div class='ocr_carea' id='block_1_13' title="bbox 0 0 2271 6592">
    <p class='ocr_par' dir='ltr' id='par_1_15' title="bbox 0 0 2271 6592">
     <span class='ocr_line' id='line_1_39' title="bbox 0 0 2271 6592; baseline 0 0"><span class='ocrx_word' id='word_1_347' title='bbox 0 0 2271 6592; x_wconf 95' lang='lat' dir='ltr'><strong> </strong></span> 
     </span>
    </p>
   </div>
  </div>
 </body>
</html>
