4492 6592
485 718 555 797 142

477 933 624 1032 adiutus,
651 931 822 1002 fabricare
850 932 965 1022 coepit
991 931 1190 1021 ecclesiam,
1226 953 1316 1023 quae
1343 952 1508 1022 processu
1534 927 1687 1022 dierum,
1723 949 1785 1023 per
1811 947 2033 1004 soccessores

477 1075 559 1127 snos
584 1053 789 1142 Iohannem,
817 1051 1033 1144 Gregorium,
1062 1051 1257 1144 Gasparum
1285 1060 1321 1124 et
1347 1052 1517 1154 Iacobum
1545 1054 1872 1126 incrementabatur.
1908 1053 2034 1124 Fabri-

476 1174 568 1248 cavit
595 1181 630 1246 et
656 1174 925 1264 pulcherrimum
961 1175 1211 1246 monasterium
1238 1195 1280 1244 ex
1307 1174 1416 1244 latere
1443 1175 1479 1244 in
1506 1174 1601 1263 loco,
1637 1174 1674 1246 in
1702 1196 1770 1265 quo
1796 1180 1875 1246 erat
1910 1174 2035 1246 domus

476 1295 649 1393 quondam
677 1295 888 1386 plebanalis,
917 1295 1008 1384 quod
1036 1296 1142 1366 etiam
1171 1315 1233 1384 per
1260 1315 1341 1365 suos
1368 1315 1587 1366 successores
1615 1295 1807 1384 accipiebat
1833 1295 2037 1385 amplitudi-

476 1437 555 1488 nem
582 1423 618 1488 et
644 1418 904 1487 incrementum.
931 1416 971 1486 In
999 1437 1066 1506 quo
1094 1423 1131 1486 et
1156 1417 1278 1486 stubas
1296 1421 1333 1486 et
1350 1416 1456 1486 cellas
1475 1425 1511 1486 et
1528 1417 1776 1509 promptuaria,
1803 1417 2035 1506 etpopinam,

476 1542 513 1608 et
538 1535 675 1628 salaria,
702 1542 738 1608 et
763 1537 936 1626 librarios,
964 1543 1000 1608 et
1026 1537 1246 1627 infirmarias,
1272 1543 1497 1628 caeterasque
1519 1537 1678 1610 coenobii
1703 1536 1860 1608 officinas
1887 1537 2035 1627 pulchro

477 1679 582 1749 opere
609 1659 764 1731 videmus
792 1659 970 1729 excitatas
997 1657 1046 1728 Et
1072 1678 1136 1728 rex
1154 1657 1292 1747 quidem
1318 1657 1599 1729 VladIslaus
1625 1656 1813 1750 praelatus,
1840 1679 1946 1748 quarn
1974 1658 2033 1728 diu

477 1780 626 1870 vivebat,
661 1780 773 1851 locum
802 1785 838 1850 et
865 1780 1113 1850 monasterium
1147 1779 1362 1869 praedictum
1398 1799 1479 1849 rara
1505 1785 1739 1870 prosequutus
1776 1783 1830 1851 est
1856 1780 2033 1850 charitate

477 1907 512 1971 et
538 1901 731 1989 devotione,
759 1900 845 1972 illud
872 1921 1007 1992 qnoque
1033 1900 1266 1990 libertatibus
1293 1900 1537 1992 largitionibus
1564 1901 1670 1990 regiis
1697 1899 1944 1990 privilegiavit
1972 1901 2034 1970 sed

405 2009 407 2014 ’
478 2030 514 2094 et
539 2021 631 2094 filius
650 2042 733 2096 suus
760 2020 1018 2093 Gasimirus
1051 2021 1244 2092 Tertius
1269 2021 1436 2093 Poloniae
1454 2043 1527 2110 rex,
1546 2020 1627 2093 dnm
1645 2021 1756 2095 fratre
1779 2020 2034 2093 Vladislao

479 2141 679 2234 Hungariae
705 2150 741 2216 et
766 2141 932 2214 Poloniae
957 2157 1039 2232 rege
1066 2141 1215 2245 feliciter
1246 2143 1281 2212 in
1308 2143 1452 2232 praelio,
1479 2142 1572 2232 qnod
1599 2163 1674 2214 cum
1703 2141 1827 2212 ancis
1853 2161 1945 2212 anuo
1964 2141 2034 2212 Do
2156 2130 2157 2205 ξ

477 2265 562 2336 m'ini
592 2265 691 2337 1464
717 2263 828 2356 gessit
854 2263 986 2352 ecclso,
1014 2261 1253 2352 successisset,
1282 2268 1317 2334 et
1344 2265 1454 2354 patris
1481 2263 1650 2336 imitando
1676 2262 1834 2353 vestigia,
1857 2261 2033 2353 'singulari

477 2386 639 2458 libertate
665 2393 702 2457 et
727 2385 845 2475 gratia
870 2384 1156 2475 prosequebatur.
1201 2381 1310 2490 Cuius
1344 2383 1482 2473 quidem
1517 2385 1737 2473 monasterii,
1776 2383 1868 2475 qnod
1903 2383 2034 2454 hatres

476 2507 600 2596 vigniti
625 2505 753 2596 fovere,
780 2509 817 2578 et
842 2503 957 2576 officia
983 2503 1121 2593 singula
1148 2503 1275 2592 diviua,
1302 2499 1473 2574 nocturno
1499 2503 1662 2576 videlieet
1679 2511 1716 2576 et
1732 2505 1870 2594 diurna,
1895 2525 2034 2576 omncs-

335 2667 339 2690 ·
477 2647 543 2718 que
569 2627 674 2698 boras
702 2625 885 2697 canonicas
912 2624 1050 2715 explere
1078 2637 1163 2696 voce
1190 2645 1318 2695 sonora
1344 2625 1529 2715 consvevit,
1557 2645 1680 2698 census
1698 2631 1735 2697 et
1753 2631 1945 2716 proventus
1963 2628 2034 2696 sin·

475 2747 575 2837 gulos
603 2767 679 2818 cum
706 2765 825 2817 eorum
853 2746 1007 2836 iuribus,
1047 2744 1294 2816 describendos
1321 2745 1490 2816 dommus.
1534 2744 1599 2818 (lui
1626 2747 1733 2816 etiam
1760 2747 1854 2817 inter
1880 2755 2035 2838 quatuor

476 2869 688 2940 monasteria
714 2866 846 2939 ordinis
872 2864 1029 2957 praefati,
1057 2885 1145 2955 quae
1171 2864 1413 2938 cracoviensis
1439 2867 1594 2940 continet
1619 2867 1797 2958 dioecesis,
1825 2867 2035 2958 primarium

477 2987 598 3060 damus
624 2989 747 3078 locum,
774 2993 809 3058 et
835 2992 979 3077 propter
1005 2987 1103 3057 urbis
1130 2984 1381 3077 cracoviensis,
1408 2987 1464 3058 cui
1491 3007 1662 3060 annexum
1689 2993 1753 3078 est,
1780 2989 2034 3077 praestantiam

477 3114 514 3178 et
540 3109 718 3199 religionis
741 3109 1011 3197 observantiam,
1040 3114 1075 3178 et
1102 3107 1195 3198 quod
1223 3109 1267 3180 ab
1294 3108 1355 3180 illo
1381 3115 1522 3181 caetera
1538 3110 1752 3180 monasteria
1778 3109 1912 3180 ordinis
1932 3130 2034 3200 prae-

432 3263 436 3268 ·
475 3228 540 3300 lati
566 3230 602 3299 in
629 3228 851 3318 GracovIensi
878 3228 1045 3319 dioecesi,
1084 3234 1224 3318 praeter
1250 3227 1508 3321 Msthovieuse,
1545 3229 1638 3324 qnod
1674 3230 1824 3302 secondo
1860 3251 2032 3321 ponemus

476 3349 562 3440 loco,
589 3353 724 3441 constat
750 3355 787 3420 et
813 3328 1062 3422 derivationem
1090 3355 1127 3421 et
1152 3370 1262 3440 genus
1289 3351 1475 3440 accepisse.

578 3469 879 3561 vaosszovvrczu,
906 3471 990 3542 villa
1016 3472 1079 3542 sub
1106 3470 1272 3562 parochia
1298 3471 1462 3543 ecclesIae
1489 3471 1532 3543 de
1559 3471 1592 3544 S.
1615 3471 1749 3543 Jac'oho
1775 3473 1811 3542 in
1838 3471 2034 3544 casimi-

476 3589 546 3661 ria
573 3591 649 3681 sita,
676 3591 773 3662 cuins
800 3592 996 3682 proprietas
1022 3595 1060 3664 et
1086 3591 1274 3663 dominium
1310 3613 1353 3663 ex
1380 3594 1518 3683 integro
1556 3593 1601 3664 ad
1628 3594 1866 3683 praepositum
1894 3599 1932 3665 et
1962 3615 2033 3664 mo·
2157 3667 2160 3674 ,

474 3711 665 3783 hasterium
701 3710 865 3802 Corporis
902 3711 1033 3784 Christi
1059 3713 1239 3803 pertinet,
1275 3720 1312 3784 et
1338 3721 1393 3785 est
1420 3713 1548 3786 fundus
1585 3714 1807 3804 principalis·
1824 3717 2031 3793 monasterii

474 3830 640 3922 praelati,
676 3833 772 3905 cuius
808 3837 923 3904 certae
960 3834 1139 3924 portiones
1166 3833 1210 3903 ad
1237 3831 1428 3923 praefatam
1465 3835 1645 3906 ecclesiam
1682 3833 1847 3925 Corporis
1881 3835 2027 3925 Christi,

477 3955 557 4025 dum
584 3953 697 4026 adhuc
724 3943 910 4026 saecularis
937 3959 1013 4025 erat
1039 3953 1270 4044 pertinebant,
1297 3961 1457 4026 caeterae
1478 3961 1604 4045 expost
1630 3976 1694 4045 per
1711 3956 1931 4046 praepositos
1960 3978 2033 4029 mo·

476 4075 621 4147 uasterii
648 4083 826 4166 coemptae
853 4081 942 4165 sunt,
970 4081 1006 4147 et
1033 4076 1245 4147 monasterio
1272 4075 1429 4166 praefato
1456 4077 1586 4166 unitae,
1605 4083 1642 4148 et
1661 4077 1744 4147 villa
1770 4078 1846 4168 ipsa
1873 4099 1917 4149 ex
1945 4079 2034 4150 inte
2161 4101 2163 4104 ⁴

86 4238 88 4252 ·
204 4303 209 4310 ἱ
327 4247 331 4252 -
475 4217 539 4287 gro
566 4195 723 4286 praelato
751 4197 962 4268 monasterIo
999 4197 1226 4286 appropriata
1252 4201 1288 4267 et
1314 4198 1535 4287 incorporata
1563 4204 1628 4269 est.
1669 4198 1709 4268 ln
1737 4219 1806 4290 qua
1831 4205 1915 4270 sunt
1941 4199 2036 4270 lanei
2160 4209 2163 4248 ³

478 4317 722 4407 emethonales,
749 4323 784 4388 et
811 4317 959 4407 quilibet
995 4337 1058 4407 pro
1086 4337 1201 4387 annno
1228 4337 1334 4388 censu
1361 4318 1467 4391 solvit
1493 4320 1706 4390 monasterio
1726 4375 1733 4389 .
1752 4374 1760 4390 .
1779 4375 1786 4389 .
1805 4349 1815 4389 .·
1831 4374 1839 4390 .
1857 4375 1866 4390 .
1885 4344 1921 4409 .;
1949 4321 2034 4392 item
2161 4347 2163 4396 ;

478 4437 624 4528 quilibet
650 4437 693 4508 de
720 4437 820 4510 laneo
847 4457 954 4509 unum
980 4435 1072 4508 diem
1098 4437 1241 4528 proprio
1269 4459 1373 4509 curru
1392 4431 1591 4512 aut'aratro
1609 4440 1747 4512 laborat
1770 4441 1807 4511 in
1825 4441 2034 4531 septimana,

477 4579 541 4649 per
567 4563 679 4630 totum
706 4577 843 4649 annum,
870 4563 907 4630 et
932 4557 1098 4630 ducturas
1125 4557 1257 4629 factust
1284 4560 1327 4630 ad
1354 4561 1526 4632 rationem
1553 4558 1697 4632 dierum.
1734 4561 1820 4632 Item
1848 4568 1904 4632 est
1932 4580 2035 4652 prae-
2161 4557 2163 4560 ⁴

478 4679 573 4751 dium
599 4679 806 4770 coenobiale,
833 4679 876 4750 de
895 4680 992 4750 cuius
1020 4679 1114 4769 agris
1134 4679 1283 4750 solvitur
1308 4679 1442 4752 decima
1469 4681 1695 4771 manipularis
1723 4682 1890 4752 eeclesiae
1913 4681 2036 4754 Sancti

346 4897 349 4900 Ι
477 4801 601 4873 Jacobi
628 4803 663 4871 in
690 4799 951 4872 Gasimiria.
978 4799 1066 4871 Item
1093 4805 1148 4870 est
1175 4800 1223 4871 lbi
1249 4801 1397 4872 taberna
1423 4801 1555 4872 habens
1582 4821 1694 4893 agros,
1722 4823 1812 4893 qnae
1838 4819 1903 4893 pro
1927 4823 2036 4876 censu

477 4943 590 4994 annuo
618 4921 723 4994 solvit
749 4921 960 4992 monasterio
988 4926 1137 5012 quatuor
1164 4940 1309 4992 marcas.
1354 4922 1440 4992 Item
1468 4928 1523 4992 est
1544 4923 1594 4993 ibi
1621 4924 1869 5014 molendinum,
1896 4925 2033 4997 babens

458 5049 578 5135 ‘agros
606 5049 642 5115 ct
669 5051 771 5134 prata
798 5045 833 5114 iu
860 5041 998 5114 flumine
1035 5041 1215 5132 Wylga,
1252 5043 1342 5133 quod
1371 5044 1475 5114 solvit
1511 5065 1574 5133 pro
1602 5067 1717 5115 annuo
1744 5067 1850 5116 ceusu
1879 5053 2034 5135 quatuor

477 5187 620 5237 marcas.
647 5165 734 5238 Item
763 5173 844 5236 sunt
861 5165 909 5235 ibi
929 5163 1147 5234 hortulaniae
1174 5143 1343 5262 habentes
1370 5185 1483 5254 agros.
1511 5165 1600 5236 Item
1629 5187 1748 5236 omues
1775 5167 1851 5255 agri
1879 5169 2035 5237 emetho

478 5287 582 5376 noles,
610 5285 823 5376 praedialeS,
851 5292 887 5356 et
914 5285 1090 5374 tabernae,
1119 5291 1155 5356 et
1182 5285 1475 5374 hortulaniarum,
1512 5287 1652 5358 solvunt
1678 5287 1844 5357 decimam
1872 5289 2034 5380 manipu-

477 5405 583 5480 larem
611 5408 775 5479 ecclesiae
803 5406 993 5498 parochiali
1022 5405 1141 5476 Sancti
1168 5405 1291 5478 Jacobi
1319 5409 1354 5476 in
1381 5405 1633 5477 Oasimiria
1658 5429 1722 5496 pro
1749 5409 1970 5498 praeposito,
1998 5415 2033 5478 et

479 5529 577 5599 valer
603 5529 739 5600 eiusad
767 5535 917 5618 quatuor
943 5547 1088 5598 marcas.
1117 5528 1203 5599 Item
1224 5528 1375 5600 confinat
1402 5548 1478 5599 cum
1505 5527 1865 5617 Wroblovvicze,
1892 5525 2032 5600 Ourd-

392 5731 396 5738 ,
478 5647 658 5733 wanov,
695 5649 897 5738 Rayslro,
934 5648 1314 5738 Opathkowicze,
1350 5648 1617 5738 Jugowicze
1653 5655 1690 5719 et
1715 5641 2031 5722 Borek'rivulus
