4492 6592
1664 816 1738 885 311

121 1063 128 1068 -
174 1027 333 1110 quatuor
362 1021 454 1094 lanei
481 1021 749 1111 oppidanorum,
775 1027 812 1091 et
829 1020 974 1112 quilibet
999 1021 1042 1091 de
1060 1020 1179 1107 laneo,
1206 1019 1236 1090 si
1253 1024 1370 1090 tamen
1396 1020 1522 1090 braxat
1547 1017 1740 1108 cervisiam,
1814 998 1817 1003 ¹

172 1139 283 1212 solvit
320 1160 390 1231 pro
426 1141 593 1212 coenobio
619 1141 767 1212 medium
795 1161 962 1231 marcam,
996 1142 1026 1212 si
1053 1162 1121 1212 non
1149 1141 1292 1243 braxat,
1328 1139 1439 1210 solum
1466 1159 1572 1210 unum
1603 1147 1738 1212 tantum

171 1260 365 1332 fertonem.
404 1263 490 1333 Item
518 1268 600 1332 sunt
627 1262 675 1333 ibi
883 1263 1023 1352 domus,
1059 1267 1095 1332 et
1122 1260 1269 1351 quilibet
1303 1259 1409 1331 solvit
1439 1279 1544 1329 unum
1570 1281 1738 1351 grossum,

171 1381 234 1452 sed
265 1383 297 1452 si
318 1383 449 1454 bruxat
475 1381 676 1453 cerevisiam
695 1381 800 1454 solvit
818 1435 932 1452 .....
972 1383 1060 1453 Item
1088 1379 1350 1471 quatuordecim
1368 1379 1568 1451 carnificina
1585 1382 1738 1478 macella,
1785 1397 1790 1410 ’
1902 1434 1905 1444 .

173 1507 214 1572 et'
237 1501 429 1591 quodlibet
464 1501 570 1572 solvit
605 1523 711 1574 unum
746 1502 895 1591 lapidem
923 1503 996 1592 sepi
1024 1521 1087 1590 pro
1115 1521 1236 1587 censu,
1268 1507 1304 1571 et
1331 1504 1463 1590 septem
1490 1501 1668 1589 pertinent
1694 1502 1739 1573 ad

172 1641 310 1710 regem,
341 1621 477 1712 reliqua
495 1627 626 1711 septem
646 1623 822 1711 pertinent
841 1621 884 1693 ad
908 1621 1196 1693 sanctimoniales.
1232 1621 1319 1691 Itenr
1339 1620 1502 1710 oppidani
1520 1642 1589 1692 non
1608 1621 1739 1694 iaciunt
1847 1651 1852 1660 ·

173 1740 313 1830 aliquos
335 1739 492 1830 labores,
519 1761 631 1830 neque
650 1740 824 1830 ducturas.
854 1741 940 1812 Item
964 1741 1067 1813 horti.
1096 1741 1182 1812 Item
1203 1761 1322 1812 omnes
1340 1740 1572 1830 quadraginta
1589 1749 1739 1831 quatuor

173 1861 267 1931 lanei
288 1860 546 1951 oppidanorum
566 1861 706 1932 solvunt
724 1861 890 1933 decimam
909 1861 1175 1952 manipularem,
1199 1861 1261 1932 sed
1279 1861 1391 1948 varie3
1417 1881 1498 1931 nam
1516 1866 1597 1950 post
1613 1862 1738 1952 viginti

173 1980 297 2051 laneos
327 1985 465 2053 tantum
494 1981 643 2052 solvitur
672 1981 805 2052 decima
831 1981 1076 2072 manipularis,
1112 1986 1325 2052 nontamen
1351 1980 1544 2070 canapalis,
1574 1981 1739 2055 ecclesIae

174 2099 373 2190 parochiali
402 2099 548 2172 Sanctae
575 2099 758 2172 Trinitatis
785 2101 821 2172 in
839 2101 1157 2189 Zawichosth,
1184 2106 1221 2172 et
1238 2101 1334 2172 solus
1359 2101 1528 2192 plebanus
1553 2121 1629 2172 eam
1657 2123 1737 2174 con·

175 2220 282 2309 ducit,
311 2221 401 2290 item
428 2220 471 2291 de
490 2220 567 2291 aliis
595 2221 719 2311 vigInti
738 2227 889 2312 quatuor
905 2221 1033 2310 laneis,
1061 2221 1209 2293 solvitur
1235 2221 1379 2309 declma,
1407 2243 1476 2292 non
1501 2228 1618 2292 tamen
1636 2243 1739 2294 cana-

176 2340 284 2430 palis,
313 2345 354 2410 et
381 2339 556 2412 inducitur
583 2341 760 2414 custodiae
800 2342 918 2414 Sancti
950 2343 1103 2419 Floriani
1134 2343 1171 2412 in
1197 2340 1443 2429 GracovIa,
1468 2347 1506 2413 et
1535 2343 1635 2414 valor
1663 2344 1740 2415 eius

177 2457 394 2529 aestimatur
419 2458 463 2529 ad
482 2457 675 2548 quindecim
704 2479 858 2548 mareas3
885 2481 928 2531 ex
955 2466 1057 2550 pacto
1084 2467 1201 2532 tamen
1228 2459 1392 2550 oppidani
1419 2459 1739 2534 Zawicbosthenses

178 2577 321 2648 solvunt
350 2599 416 2667 pro
435 2599 477 2648 ea
503 2579 638 2651 custodi
666 2579 845 2657 duodecim
873 2600 1015 2652 marcas.
1056 2580 1142 2658 Item
1170 2585 1225 2650 est
1250 2579 1299 2650 ibi
1326 2580 1506 2669 praedium
1532 2581 1668 2670 regale,
1695 2583 1739 2653 de

179 2697 276 2768 cuins
305 2698 405 2786 agris
432 2697 579 2769 solvitur
606 2697 740 2770 decima
770 2701 995 2790 manipularis
1022 2699 1187 2771 ecclesiae
1212 2699 1405 2789 parochiali
1430 2700 1578 2771 Sanctae
1604 2701 1740 2774 Mariae

177 2817 212 2887 in
238 2817 268 2887 Z
278 2817 558 2908 auicbosth,
585 2819 678 2909 quod
697 2819 778 2891 oIIm
796 2818 862 2891 init
878 2807 1103 2892 advocatiale.
1144 2819 1230 2890 Item
1249 2819 1394 2890 ecclesia
1419 2819 1452 2891 S.
1470 2817 1606 2892 Mariae
1631 2822 1739 2894 babet

179 2936 342 3008 similiter
378 2943 415 3008 et
454 2938 602 3009 ecclesia
636 2939 669 3010 S.
706 2939 887 3010 Trinitatis
924 2961 1028 3030 agros
1063 2939 1258 3030 praediales
1293 2939 1431 3011 liberos.
1482 2940 1570 3012 Item
1607 2946 1662 3012 est
1688 2942 1738 3014 ibi

180 3059 431 3130 monasterium
457 3057 607 3130 fratrum
633 3059 803 3131 minorum
831 3061 949 3131 Sancti
975 3059 1163 3149 Francisci,
1190 3060 1288 3131 culus
1314 3060 1460 3130 eeclesia
1487 3081 1564 3152 cnm
1591 3045 1737 3156 officinis

180 3177 386 3248 monasterii
421 3197 484 3268 per
510 3179 777 3251 Boleslaum
804 3180 1022 3252 Pudicum
1058 3181 1178 3252 ducem
1212 3185 1315 3269 coeto
1345 3180 1456 3250 latere
1483 3187 1621 3252 murata
1646 3187 1737 3271 sunt,

182 3297 286 3368 habet
313 3297 467 3370 medium
495 3298 631 3370 laneum
658 3299 701 3370 de
728 3321 832 3390 agro,
859 3300 919 3372 sed
947 3301 1052 3372 solvit
1078 3302 1194 3373 omnia
1219 3301 1353 3372 tributa
1379 3299 1423 3370 de
1450 3300 1520 3371 illo.
1559 3302 1646 3373 Item
1672 3300 1740 3373 fuit

181 3417 228 3488 ibi
245 3419 356 3489 tertia
382 3417 528 3491 ecclesia
545 3411 755 3510 parochialis
782 3421 900 3492 Sancti
927 3421 1089 3494 Mamicii
1116 3422 1241 3512 lignea,
1269 3421 1384 3494 sedin
1402 3421 1521 3491 villam
1547 3422 1740 3493 Borowa

183 3537 356 3608 translata
390 3545 453 3609 est.
495 3539 593 3631 Item
619 3535 781 3630 oppidum
817 3541 1112 3616 Zawichosth
1142 3541 1265 3614 habuit
1291 3541 1373 3612 olim
1400 3541 1564 3630 optimam
1591 3541 1738 3612 advoca·

186 3657 278 3746 ham,
307 3679 400 3748 quae
417 3659 569 3730 habebat
586 3661 702 3730 villum
731 3661 999 3734 Szobothha
1026 3661 1092 3733 sihi
1110 3663 1263 3733 iunctam
1290 3667 1327 3732 et
1350 3660 1583 3734 molendinum
1609 3663 1737 3733 bonnm

185 3783 218 3846 ct
234 3777 458 3850 medietatem
486 3780 724 3870 nonullorum,
752 3803 840 3871 qnae
858 3782 974 3853 omnia
1000 3781 1225 3852 Oasimirus
1253 3781 1460 3852 Secundus
1485 3803 1548 3853 ren
1571 3781 1750 3853 roloniae

187 3905 344 3987 coempta
371 3899 568 3990 advocatIa,
594 3902 705 3972 traxit
739 3901 855 3972 omnia
876 3901 929 3989 ¹ad
957 3921 994 3971 se
1021 3905 1225 3971 cicestrum
1253 3899 1549 3988 Zarrichostense;
1575 3901 1735 3972 balneum

188 4017 274 4105 quod
292 4017 362 4090 luit
388 4018 566 4109 advocati,
593 4025 744 4110 emptum
765 4041 842 4092 cnm
865 4020 1047 4092 advocatia
1064 4021 1219 4110 pertinet
1244 4020 1289 4091 ad
1307 4040 1439 4111 regem,
1466 4027 1503 4092 et
1520 4021 1624 4092 salvii
1650 4020 1738 4092 duas

187 4157 326 4210 marcas.
369 4137 528 4211 Gonfimt
562 4161 638 4212 eum
665 4139 861 4232 Winary,
897 4141 1098 4231 Dnurow,
1134 4140 1348 4231 Gniszow,
1374 4140 1736 4231 Mistrzowicze,

188 4255 362 4348 Liuow,
390 4258 595 4332 Garbow.

284 4379 459 4451 Wrnsnr
496 4380 626 4453 Maron
663 4401 724 4452 sen
760 4381 959 4471 Sunnarus,
994 4381 1059 4452 sub
1094 4382 1261 4472 parochia
1296 4381 1442 4454 &udae
1478 4381 1659 4453 Trinitatis
1694 4382 1738 4453 de

189 4495 478 4572 Zawichosth
506 4502 587 4591 sita,
613 4508 731 4593 etper
757 4501 1023 4575 Boleslaum
1050 4501 1269 4574 Pudicam
1296 4504 1396 4593 regni
1422 4501 1587 4574 Poloniae
1614 4481 1764 4574 ducem

190 4623 222 4686 et
238 4621 458 4692 monarcham
486 4623 696 4718 monasterio
723 4623 995 4694 Zawiohostensi
1023 4621 1159 4694 donata.
1198 4623 1239 4694 In
1267 4643 1336 4713 qua
1361 4630 1444 4694 sunt
1470 4629 1620 4723 quatuor
1645 4625 1738 4695 lanei

191 4740 434 4830 cmethonales,
469 4748 505 4813 et
532 4741 676 4832 quilibet
702 4743 807 4815 solvit
832 4765 896 4834 pro
916 4763 1020 4815 censu
1046 4765 1151 4814 unam
1178 4761 1348 4833 marcam,
1379 4745 1463 4815 item
1490 4765 1556 4816 ova
1581 4745 1737 4835 triginta,

191 4856 268 4930 Item
294 4863 404 4952 gallos
438 4862 541 4952 duos,
578 4863 663 4934 item
698 4883 817 4935 caseos
843 4863 949 4953 duos;
981 4865 1067 4935 item
1103 4883 1250 4960 ooszyep·
1267 4885 1336 4936 nou
1369 4865 1516 4936 solvunt.
1556 4865 1643 4936 Item
1670 4885 1737 4954 pro

192 4999 268 5049 rere
302 4990 338 5054 et
364 4985 487 5074 hyeme
523 4981 609 5054 duas
629 4981 810 5076 peccabas,
846 4989 882 5055 et
908 4985 1063 5076 qualibet
1099 4985 1293 5074 septimana
1327 5006 1433 5056 unum
1468 4985 1559 5056 diem
1595 4985 1737 5074 proprio

108 5147 109 5150 ,
194 5116 289 5170 curru
323 5103 491 5175 laborare'
519 5109 692 5175 tenentur.
732 5103 819 5175 Item
854 5104 1035 5196 praedium
1071 5110 1126 5176 est
1161 5105 1229 5195 ibi,
1266 5104 1309 5176 de
1337 5106 1434 5176 cuius
1469 5105 1564 5194 agris
1590 5104 1739 5175 solvitur

195 5217 318 5294 decima
336 5224 559 5323 manipularis
578 5225 743 5296 ecclesiae
762 5225 916 5296 Sancus
926 5224 1110 5297 Trinitatis
1128 5226 1164 5296 in
1183 5223 1454 5296 Zauichosth.
1486 5224 1573 5295 Item
1591 5224 1738 5295 taberna

195 5357 256 5410 una
280 5343 410 5416 habens
436 5345 567 5436 amplos
595 5366 716 5436 agros,
748 5351 784 5416 et
810 5345 915 5417 solvit
941 5367 1044 5417 unam
1072 5367 1149 5421 cum
1176 5345 1290 5417 media
1317 5363 1459 5415 marcas.
1500 5344 1587 5414 Item
1614 5345 1736 5416 hortu-

195 5457 299 5534 laniae
327 5465 415 5538 duae
441 5465 607 5538 habentes
634 5479 756 5556 a'groS,
792 5473 828 5538 et
855 5467 959 5538 solvit
994 5467 1169 5557 quaelihet
1202 5487 1267 5556 pro
1294 5485 1399 5536 censu
1426 5469 1544 5535 unum‘
1557 5465 1739 5541 fertonem,
1884 5475 1891 5487 ‘

198 5585 230 5648 ct
253 5605 366 5658 omnes
393 5607 498 5658 unum
525 5587 615 5658 diem
642 5587 804 5659 laborant
830 5587 1020 5677 pedestres.
1060 5575 1146 5657 Imm
1174 5585 1341 5656 dammam
1368 5584 1617 5674 manipularem
1645 5606 1735 5656 cme-

198 5698 319 5798 thones,
343 5707 508 5783 tabernae
527 5713 564 5780 et
581 5708 799 5780 hortulaniae
818 5707 957 5780 solvunt
983 5713 1019 5780 et
1035 5705 1243 5823 ‘conducunt
1286 5705 1447 5780 similiter
1473 5712 1511 5778 et
1528 5705 1738 5800 canapalem,
