4492 6592
585 1153 794 1228 Barohratlr
815 1152 851 1224 in
874 1123 1070 1245 Bochnya.
1090 1151 1130 1222 In
1150 1149 1277 1240 oppido
1295 1150 1393 1240 regio
1411 1150 1645 1241 Bochnya,
1672 1151 1922 1222 monasterium
1949 1149 2032 1220 San-

469 1252 553 1347 ctae
568 1274 735 1364 Hedvigis
753 1274 796 1344 de
814 1273 1085 1344 Stradomia
1102 1273 1210 1343 habet
1225 1292 1364 1342 censum
1378 1275 1584 1362 perpetuum
1597 1277 1750 1342 terreum
1766 1271 1839 1342 sive
1853 1271 2031 1360 fovealem,

478 1397 537 1488 qui
556 1393 735 1466 darclcratd
753 1394 889 1484 vulgari
908 1394 1108 1465 theutonico
1128 1396 1281 1481 vocatur,
1308 1412 1372 1481 pro
1392 1413 1459 1483 quo
1478 1392 1624 1482 singulis
1641 1390 1868 1463 hebdomadis
1885 1392 2034 1464 solvitur

477 1538 547 1588 nna
565 1537 738 1605 sexagena
756 1516 906 1586 latorum
925 1535 1126 1604 grossorum
1140 1513 1376 1603 Pragensium,
1395 1520 1457 1585 aut
1473 1514 1548 1584 eius
1566 1512 1674 1602 valor,
1692 1513 1874 1604 sexaginta
1890 1533 2035 1603 grossos

479 1641 515 1709 in
535 1637 724 1728 quamlibet
743 1657 951 1726 sexagenam
970 1634 1211 1725 computando,
1231 1635 1274 1706 de
1293 1655 1361 1723 qno
1379 1635 1600 1724 praepositus
1618 1640 1655 1705 et
1672 1633 1799 1705 fratres
1817 1632 1850 1704 S.
1863 1633 2034 1723 Hedvigis

478 1760 676 1850 percipiunt
703 1752 856 1828 mediam
879 1776 1028 1826 marcam
1055 1757 1206 1826 latorum
1233 1775 1444 1844 grossorum
1471 1760 1507 1825 et
1523 1755 1560 1833 in
1578 1775 1662 1826 usus
1689 1775 1770 1826 suos
1796 1754 2035 1844 beneplacitos

482 1887 588 1970 atque
616 1879 844 1950 necessitates
871 1883 1087 1966 convertunt,
1114 1883 1188 1948 tres
1204 1875 1358 1948 fertones
1376 1897 1460 1948 vero
1479 1876 1638 1948 residuos
1656 1876 1806 1948 latorum
1822 1895 2035 1965 grossorum,

480 2001 633 2093 percipit
658 1999 834 2090 Magistra
860 1999 1042 2089 hospitalis
1070 1999 1102 2070 S.
1129 1997 1309 2088 Hedvigis,
1335 2019 1404 2068 non
1432 1998 1468 2068 in
1495 1998 1582 2068 alios
1609 2018 1702 2088 usus,
1728 1997 1796 2068 nisi
1822 1998 1858 2067 in
1885 1997 2042 2080 necessi:

479 2129 571 2194 tates
598 2141 794 2211 egenorum,
823 2121 1028 2192 miserorum
1056 2124 1090 2189 et
1117 2119 1366 2190 miserabilium
1392 2139 1630 2209 personarum,
1657 2119 1693 2188 in
1720 2117 1840 2189 eodem
1866 2117 2036 2207 hospitali
2101 2207 2103 2210 y

480 2244 698 2334 degentium,
734 2244 797 2314 sub
826 2241 942 2314 debito
970 2247 1006 2312 et
1032 2241 1266 2313 conscientiae
1293 2222 1376 2312 suae
1410 2261 1516 2311 onere
1542 2240 1680 2311 eosdem
1707 2259 1901 2310 coversura
1946 2237 2037 2310 Cen-

481 2386 555 2436 sum
584 2368 697 2434 autem
725 2362 919 2454 praefatum
946 2363 1048 2433 unius
1066 2382 1259 2452 sexagenae
1286 2362 1359 2432 sive
1386 2357 1565 2430 darcbrotb
1582 2359 1733 2430 Michael
1751 2360 1838 2443 alias
1864 2359 2037 2430 Micha-
2169 2411 2170 2421 ,

479 2486 555 2556 lek
582 2485 803 2575 praepositus
821 2484 1109 2574 Myechoviensis,
1137 2503 1201 2573 pro
1220 2483 1357 2554 duobus
1378 2481 1531 2554 millibus
1549 2501 1742 2553 marcarum
1769 2481 1917 2551 latorum
1934 2501 2037 2570 gros-

480 2627 597 2678 sorum
623 2605 852 2696 Pragensium
879 2625 969 2676 anno
996 2604 1137 2674 Domini
1168 2604 1267 2674 1400
1287 2656 1428 2672 ......
1455 2603 1549 2691 emit,
1576 2607 1613 2672 et
1637 2600 1796 2692 praefato
1822 2601 2036 2672 monasterio

480 2727 626 2799 Sanctae
654 2726 822 2816 Hedvigis
850 2725 964 2797 univit
991 2731 1027 2796 et
1053 2724 1300 2814 incorporavit,
1328 2746 1397 2795 non
1416 2724 1480 2795 sub
1499 2745 1561 2796 suo
1580 2723 1719 2795 nomine
1745 2728 1808 2794 aut
1824 2723 1890 2793 sui
1915 2743 2038 2793 mona-

481 2849 580 2920 sterii
607 2847 906 2938 Myechoviensis,
943 2847 1185 2934 abreptionem
1213 2845 1287 2916 eius
1314 2850 1351 2914 et
1376 2844 1619 2916 alienationem
1645 2845 1681 2914 in
1708 2864 1872 2934 processu
1900 2841 2038 2914 dierum

374 3031 381 3040 ,
479 2971 624 3058 veritus,
651 2969 713 3040 sed
740 2968 804 3040 sub
831 2967 969 3038 nomine
997 2966 1183 3038 Elizabeth
1210 2964 1496 3036 Granowska
1522 2971 1606 3037 tunc
1623 2965 1789 3037 Poloniae
1816 2965 1968 3054 reginae,
1996 2970 2039 3034 ut

482 3091 628 3192 solidior
655 3091 856 3179 firmiorque
884 3109 947 3178 pro
966 3089 1178 3159 monasterio
1197 3088 1346 3160 Sanctae
1363 3087 1533 3177 Hedvigis
1551 3093 1588 3158 et
1605 3086 1790 3176 hospitalis
1817 3086 2039 3158 consisteret.

481 3212 632 3282 Ratione
669 3211 766 3281 cuius
802 3210 892 3280 filius
930 3230 1012 3281 suns
1038 3209 1217 3282 lohannes
1254 3209 1297 3280 de
1323 3208 1511 3299 Pylcza,
1547 3207 1758 3279 castellanus
1785 3206 2038 3296 Oracoviensis,

482 3331 567 3402 dicti
602 3351 723 3402 census
760 3331 827 3402 sibi
863 3330 1076 3402 dotationem
1110 3329 1315 3420 vendicans,
1350 3328 1499 3401 officinm
1536 3330 1725 3418 magistrae
1759 3329 1795 3398 in
1822 3329 2037 3398 monasterio

482 3452 665 3542 hospitalis
693 3452 796 3523 etiam
834 3451 900 3524 sibi
927 3451 1109 3541 usurpavit
1135 3457 1183 3523 et*
1197 3452 1233 3522 in
1261 3471 1359 3522 suam
1385 3450 1495 3522 traxit
1526 3450 1764 3538 collationem,
1800 3449 1893 3539 quod
1919 3449 2039 3539 potius

483 3573 634 3647 debebat
659 3573 704 3644 ad
731 3573 968 3664 praepositum
995 3572 1142 3644 Sanctae
1167 3571 1336 3662 Hedvigis
1363 3572 1573 3662 spectavisse
1599 3576 1636 3642 et
1662 3571 1880 3661 pertinuisse.

819 3939 1084 4051 Privilaplum
1115 3940 1323 4020 tabernae
1356 3941 1395 4018 ln
1428 3939 1706 4043 lupowyoae.

589 4179 661 4252 Noe
689 4179 865 4250 Martinus
892 4178 1130 4268 praepositus,
1170 4177 1349 4250 lohannes
1376 4182 1512 4266 custos,
1552 4198 1684 4248 necnon
1723 4182 1819 4248 totrn
1846 4184 2039 4249 conventus

484 4300 687 4372 monasterii
714 4299 862 4370 Sanctae
890 4299 1058 4388 Hedvigis
1085 4299 1121 4368 in
1148 4304 1254 4388 ponte
1281 4298 1391 4388 regali
1419 4298 1505 4370 alias
1533 4297 1827 4388 Stradomya,
1863 4298 2038 4389 significa-

484 4441 560 4493 mus
587 4421 770 4518 universis,
786 4424 822 4508 et
848 4419 993 4508 singulis
1021 4420 1146 4508 quibus
1174 4418 1321 4508 expedit·
1340 4426 1542 4509 praesentes
1569 4426 1708 4492 nostras
1743 4419 1881 4492 litteras
1920 4421 2038 4513 inspe-

485 4541 603 4612 cturis.
648 4539 737 4628 Quia
764 4539 940 4630 cupientes
967 4541 1059 4610 bona
1084 4545 1121 4610 et
1148 4540 1384 4629 possessiones
1412 4540 1514 4612 villae
1540 4545 1681 4614 nostrae
1707 4540 1731 4611 J
1740 4540 1975 4630 ugovvicze
2001 4541 2038 4610 in

485 4682 567 4732 usus
594 4667 630 4732 et
656 4659 788 4732 fructus
815 4661 996 4732 uberiores
1024 4666 1244 4750 convertere,
1270 4661 1459 4752 eademque
1486 4663 1578 4734 bona
1604 4667 1640 4734 et
1666 4661 1903 4752 possessiones
1929 4682 2040 4751 quan·

484 4789 559 4854 tum
586 4783 623 4853 in
651 4783 751 4854 nobis
778 4787 840 4872 est,
868 4782 1015 4854 Domino
1043 4785 1163 4872 nostro
1190 4781 1276 4853 Jesu
1303 4781 1443 4854 Christo
1470 4783 1619 4872 volente,
1646 4789 1683 4856 et
1709 4783 1819 4874 ipsius
1844 4783 1961 4872 gratia
1977 4803 2039 4853 an-

485 4909 614 4976 nuente
642 4903 809 4993 ampliare
837 4907 873 4974 et
900 4902 1066 4992 dilatare,
1103 4907 1142 4974 ut
1169 4924 1212 4974 ex
1238 4903 1305 4974 hoc
1331 4903 1519 4993 utilitates,
1546 4925 1636 4994 quae
1661 4925 1752 4976 nunc
1778 4905 1912 4976 rubetis
1938 4923 2039 4975 oocu-

356 5057 357 5064 1
485 5032 623 5116 pantm,
651 5025 752 5096 nobis
770 5029 806 5095 et
826 5024 956 5095 nostris
985 5025 1243 5096 successoribus
1260 5024 1475 5114 proveniant,
1503 5031 1539 5096 et
1556 5027 1661 5096 etiam
1679 5027 1894 5117 temporibus
1911 5023 2040 5097 futuris

339 5185 342 5192 =
486 5152 653 5259 crescant,
681 5145 826 5236 proinde
854 5146 929 5216 viro
953 5145 1126 5216 Stanislao
1154 5145 1246 5217 dicto
1273 5144 1483 5217 Pndelko
1510 5153 1547 5218 ct
1573 5148 1645 5218 suis
1671 5147 1835 5238 legitimis
1863 5167 2062 5218 successo-¹

345 5287 348 5295 ·
486 5269 592 5358 cibun,
620 5268 662 5340 de
690 5267 867 5340 voluntate
895 5272 930 5340 et
957 5287 1126 5338 consensu
1141 5267 1362 5338 venerabilis
1388 5267 1425 5337 in
1448 5265 1588 5340 Christo
1615 5268 1727 5367 patris
1754 5267 1884 5340 domini
1904 5267 2040 5338 Nicolai

484 5389 694 5479 praepositi,
721 5393 885 5478 tanquam
912 5387 1114 5478 principalis
1140 5389 1254 5460 nostri
1279 5388 1437 5488 praelati,
1465 5389 1586 5480 suique
1618 5393 1808 5461 conventus
1836 5388 2038 5460 monasterii

487 5507 764 5597 Myechoviensis
792 5509 889 5582 adid
916 5508 1100 5582 accedente
1129 5510 1280 5601 speciali,
1306 5511 1488 5584 tabernam
1515 5516 1596 5582 ante
1614 5510 1742 5581 dictam
1759 5510 1878 5581 villam
1902 5509 1926 5582 J
1936 5531 2038 5599 ugo-

432 5681 435 5689 ,
488 5626 644 5714 vvicze,
681 5627 772 5696 circa
799 5631 943 5698 stratam
971 5628 1144 5718 publicam
1171 5634 1207 5700 et
1233 5627 1324 5700 infra
1350 5630 1459 5720 ipsius
1486 5629 1590 5701 villae
1616 5628 1639 5700 J
1649 5630 1882 5718 ugowicze
1908 5628 2037 5700 limites
