4492 6592
1700 770 1777 849 233

224 969 370 1063 laborat,
397 971 480 1044 item
510 971 691 1064 praedium
711 981 765 1045 est
792 972 841 1046 ibi
860 972 1071 1068 coenobiale,
1098 973 1142 1048 de
1160 977 1257 1051 cuius
1284 941 1388 1069 agris
1404 978 1572 1052 decimam
1599 981 1685 1053 nulli
1712 983 1780 1053 sol-

223 1095 299 1185 vit,
315 1093 379 1164 sed
407 1115 482 1166 eam
518 1115 581 1184 pro
609 1115 646 1165 se
673 1095 774 1166 tollit.
818 1097 903 1167 Item
941 1118 1059 1168 omnes
1095 1100 1171 1188 agri
1208 1101 1310 1171 villae
1346 1102 1486 1172 solvunt
1518 1107 1556 1171 et
1582 1102 1779 1175 conducunt

149 1239 156 1248 ·
223 1215 391 1286 decimam
419 1216 667 1305 manipularem
696 1223 733 1286 et
751 1217 949 1307 canapalem
978 1239 1042 1308 pro
1061 1222 1274 1292 monasterio
1293 1221 1440 1292 Sanctae
1467 1221 1601 1313 Crucis,
1628 1228 1664 1294 et
1682 1225 1780 1296 valor

221 1337 293 1406 eius
335 1337 544 1408 aestimatur
583 1336 626 1407 ad
662 1343 795 1426 septem
836 1359 978 1410 marcas.
1025 1339 1113 1410 Item
1151 1341 1292 1412 solvunt
1331 1363 1467 1436 omzpep
1506 1364 1571 1432 pro
1606 1352 1779 1415 monaste-

223 1458 294 1546 rio,
323 1477 429 1527 unam
458 1457 605 1546 siliginis
638 1463 675 1527 et
701 1456 788 1528 duas
824 1479 953 1530 avenae
985 1479 1165 1559 mensuras
1196 1461 1379 1560 confertas.
1419 1462 1506 1533 Item
1538 1463 1699 1534 laborant
1717 1487 1781 1558 po·

221 1575 355 1646 muham
382 1583 584 1667 utramque,
612 1583 683 1649 tam
703 1599 766 1667 pro
787 1598 867 1649 vere
887 1600 989 1669 quarn
1009 1599 1072 1668 pro
1091 1581 1223 1672 hyeme.
1263 1580 1424 1653 Oonfinat
1451 1602 1527 1654 cnm
1546 1583 1779 1673 Boscbow,

223 1697 450 1789 Byelyow,
477 1697 608 1789 Slup,
635 1698 838 1790 Zirzyna
864 1699 1036 1790 Wolya.

228 1829 245 1866 θ
324 1819 505 1909 Brauon,
534 1819 616 1890 villa
643 1821 707 1892 sub
726 1819 891 1910 parochia
910 1820 953 1890 de
980 1819 1108 1891 Nova
1134 1819 1245 1911 Slup
1272 1821 1359 1911 sita,
1387 1823 1484 1894 cuius
1510 1825 1707 1913 proprietas
1734 1824 1778 1894 ad
1896 1810 1903 1824 ’

222 1941 469 2010 monasterium
506 1939 654 2011 Sanctae
690 1938 810 2011 Crucis
846 1941 1008 2030 pertinet.
1048 1941 1088 2011 Iu
1116 1962 1185 2031 qua
1220 1947 1301 2012 sunt
1328 1942 1479 2032 quinque
1505 1943 1778 2014 lanercmetho-

222 2060 334 2150 nales,
372 2067 409 2130 et
435 2061 581 2150 quilibet
617 2061 722 2132 solvit
757 2082 820 2151 pro
848 2081 952 2132 censu
990 2061 1202 2132 monasterio
1229 2083 1333 2132 unum
1370 2061 1559 2153 fertonem,
1594 2063 1676 2134 item
1713 2084 1812 2135 ova-

220 2183 385 2272 triginta,
412 2184 495 2252 item
522 2183 633 2272 gallos
660 2182 765 2271 duos,
801 2183 885 2253 itam
913 2201 1050 2272 caseos3
1086 2183 1171 2253 item
1208 2183 1354 2273 quilibet
1388 2183 1527 2255 laborat
1554 2182 1645 2254 diem
1671 2206 1777 2256 unum

223 2303 483 2393 inseptimaua,
510 2304 654 2393 proprio
680 2323 784 2374 curru
812 2309 873 2374 aut
900 2295 1038 2392 aratr03
1066 2303 1150 2374 item
1176 2305 1343 2375 tabernae
1370 2325 1439 2376 non
1467 2311 1559 2395 sunt,
1586 2305 1668 2376 item
1696 2306 1777 2376 hor-

222 2424 354 2495 tulania
391 2445 461 2496 nna
496 2425 627 2496 habens
656 2445 777 2516 agros,
814 2426 895 2496 item
923 2425 1102 2515 praedium
1131 2445 1199 2497 non
1226 2431 1281 2496 est
1307 2425 1447 2516 aliquod
1474 2425 1509 2496 in
1538 2427 1622 2497 villa
1648 2427 1777 2498 eadem.

223 2546 307 2616 item
336 2545 380 2616 de
409 2547 566 2618 omnibus
603 2547 709 2635 agris,
723 2547 826 2617 villae
853 2547 1001 2617 solvitur
1027 2553 1063 2617 et
1090 2547 1296 2618 conducitur
1330 2533 1464 2618 decima
1489 2548 1716 2638 manipularis
1743 2553 1779 2618 et
1842 2628 1847 2640 ¹

223 2667 415 2757 canapalis,
451 2687 515 2758 pro
543 2667 687 2737 ecclesia
723 2667 912 2757 parochiali
939 2668 974 2738 in
1010 2665 1468 2758 Szwyanthamarza,
1505 2675 1543 2739 et
1568 2669 1668 2739 valor
1703 2663 1780 2739 eins

108 2855 109 2862 ,
224 2788 428 2859 aestimatur
463 2789 506 2858 ad
534 2790 684 2879 quinque
720 2807 863 2859 marcas.
903 2787 991 2859 Item
1027 2789 1163 2860 ratione
1198 2811 1335 2883 osazyep
1370 2789 1475 2878 solvit
1511 2789 1657 2880 quilibet
1692 2790 1778 2859 duos

224 2909 346 2981 choros
372 2901 524 2999 siliginis
543 2913 588 2980 et
605 2914 679 2980 tres
707 2929 837 2979 avenae
865 2908 1047 2980 confertos.
1088 2909 1176 2980 Item
1204 2915 1386 3000 utramque
1411 2908 1590 3005 poeoobom
1617 2911 1779 2980 laborant

223 3049 395 3119 provere
432 3037 467 3101 et
493 3031 624 3120 hyeme.
666 3029 751 3100 item
779 3029 907 3102 ibidem
927 3037 1085 3122 quatuor
1112 3031 1266 3120 piscinae
1301 3032 1517 3120 monasterii,
1553 3051 1623 3101 una
1649 3031 1778 3102 dicitnr

227 3149 504 3242 Nalanszny,
532 3151 601 3222 alia
628 3149 881 3241 Orzeszny,
909 3152 1017 3222 tertia
1044 3151 1375 3240 ForzsthoniS,
1402 3159 1547 3242 quarta,
1573 3153 1609 3221 in
1628 3173 1697 3241 qua
1723 3158 1779 3224 est

224 3273 469 3362 molendinum,
497 3272 588 3363 quod
615 3272 721 3342 solvit
746 3273 957 3342 monasterio
986 3277 1138 3363 quatuor
1164 3293 1299 3343 marcas
1327 3279 1362 3342 et
1389 3273 1489 3343 molit
1515 3273 1589 3343 sine
1616 3293 1779 3344 mensura

226 3395 336 3464 onnia
353 3393 528 3465 frumenta
546 3393 756 3466 monasterii.
796 3390 1049 3474 Goullnatcum
1076 3393 1100 3464 J
1109 3395 1326 3483 eszorlro,
1354 3393 1586 3483 Boscbow,
1615 3393 1778 3464 Baszo-

226 3515 379 3605 uicze,
406 3513 525 3604 Slup.
1644 3515 1649 3536 '

323 3635 425 3707 Hanc
443 3635 559 3707 villam
578 3633 866 3706 Bartholomaeus
893 3632 1207 3728 Boscbowslry
1234 3635 1360 3706 nobilis
1387 3634 1430 3706 de
1449 3635 1554 3704 armis
1581 3631 1776 3725 Byelaw‚

225 3775 296 3826 cum
332 3763 426 3828 esset
464 3757 589 3846 orbus,
625 3753 812 3826 donatione
849 3761 1018 3845 perpetua
1053 3755 1197 3826 donavit
1232 3755 1442 3826 monasterio
1479 3753 1627 3824 Sanctae
1655 3752 1776 3825 Crucis

226 3875 350 3949 Calvi
379 3877 557 3949 Montis
584 3878 619 3946 in
647 3875 835 3946 remedium
865 3879 999 3946 animae
1028 3895 1109 3946 snae
1138 3895 1228 3946 anuo
1254 3875 1394 3946 Domini
1425 3877 1528 3944 14..

325 3998 585 4088 Musoczrozn,
613 3996 696 4067 villa
723 3997 786 4068 sub
806 3997 969 4086 parochia
996 3995 1038 4067 de
1057 3995 1184 4068 Nova
1211 3995 1319 4085 Slup
1347 3995 1431 4084 sita,
1459 3996 1555 4065 cuius
1582 3995 1778 4085 proprietas

227 4119 266 4188 ad
291 4119 540 4192 monasterium
567 4117 715 4189 Sanctae
753 4116 875 4188 Crucis
902 4117 1063 4206 pertinet.
1103 4117 1144 4186 ln
1172 4137 1239 4207 qua
1266 4121 1346 4186 sunt
1372 4117 1433 4186 sex'
1459 4115 1551 4185 lanei
1578 4116 1776 4186 cmethona-
1820 4209 1825 4220 .

228 4237 290 4329 les,
316 4245 352 4311 et
380 4239 526 4331 quilibet
553 4239 657 4309 solvit
684 4259 747 4328 pro
775 4258 881 4309 censu
908 4236 1076 4308 fertonem
1104 4244 1141 4308 et
1167 4257 1231 4327 pro
1257 4231 1423 4330 pocodlne
1450 4241 1599 4326 quatuor
1624 4256 1777 4327 grossos,

227 4359 302 4432 item
329 4383 395 4434 ova
413 4361 568 4451 triginta,
595 4361 677 4430 item
696 4359 807 4449 gallos
835 4359 940 4449 duos,
966 4359 1050 4429 item
1078 4378 1215 4448 caseos,
1241 4357 1323 4427 item
1343 4357 1488 4447 quilibet
1513 4357 1651 4428 laborat
1669 4377 1773 4427 unum

228 4481 310 4553 diem
338 4485 375 4554 in
403 4483 594 4572 septimana
612 4481 753 4571 proprio
781 4484 963 4551 corruant
982 4485 1115 4568 aratr03
1143 4479 1224 4550 item
1242 4478 1427 4569 tabernae,
1455 4479 1537 4549 item
1555 4478 1774 4549 hortulaniae

229 4601 323 4693 duae,
350 4609 387 4674 et
415 4602 588 4693 quaelibet
615 4601 719 4672 solvit
747 4600 833 4672 duos
859 4619 1000 4690 grossos
1028 4605 1063 4671 et
1088 4619 1194 4671 unum
1222 4598 1313 4670 diem
1339 4599 1375 4668 in
1395 4599 1588 4689 septimana
1614 4599 1775 4690 pedester

228 4720 378 4813 laborat;
413 4725 494 4795 item
531 4722 710 4813 praedium
746 4743 814 4792 nou
851 4727 923 4811 est,
958 4722 1041 4792 item
1075 4718 1254 4816 powobom
1290 4725 1472 4810 utramque
1498 4720 1652 4811 laborat,
1690 4722 1774 4791 item

230 4863 357 4940 osszyep
385 4843 507 4933 solvit,
543 4863 645 4914 unam
673 4843 819 4932 siliginis
856 4842 940 4913 duas
978 4861 1107 4912 avenae
1143 4861 1324 4912 mensuras
1358 4839 1541 4912 confertas.
1581 4841 1668 4911 item
1696 4841 1772 4930 agri

231 4963 324 5037 villae
351 4965 491 5037 solvunt
517 4971 553 5035 et
572 4963 767 5035 conducunt
794 4963 959 5033 decimam
987 4961 1238 5051 manipularem
1266 4967 1303 5032 et
1320 4962 1539 5052 canapalem‚
1566 4981 1630 5050 pro
1656 4981 1774 5030 mona-

231 5087 328 5158 sterio
355 5085 502 5158 Sanctae
521 5083 650 5175 Crucis,
679 5089 713 5154 et
731 5083 829 5154 valor
847 5085 921 5154 eius
949 5083 1155 5172 aestimatur
1182 5082 1226 5154 ad
1245 5103 1306 5154 sex
1324 5103 1468 5154 marcas.
1508 5079 1668 5152 Couiinat
1694 5101 1771 5151 cum

231 5200 472 5296 leszorlro,
498 5205 808 5294 Baszowicze,
836 5201 1060 5275 Boscbow.

325 5328 593 5399 Lunnunrnow
621 5343 761 5415 uosrn,
800 5325 883 5396 villa
919 5325 983 5394 sub
1020 5325 1185 5414 parochia
1211 5321 1379 5393 ecclesiae
1405 5320 1448 5391 de
1477 5375 1590 5390 .....
1609 5321 1695 5390 sita.
1730 5321 1772 5391 In

233 5465 293 5534 qua
309 5455 388 5520 sunt
416 5503 529 5518 .....
540 5471 548 5536 ;
575 5447 657 5518 item
685 5453 765 5516 sunt
784 5446 833 5516 ibi
860 5446 947 5515 duae
975 5445 1126 5534 optimae
1153 5444 1307 5533 piscinae
1334 5443 1369 5511 in
1387 5441 1525 5513 flumine
1552 5440 1773 5532 Kamyona,

233 5562 409 5640 foecundae
438 5568 473 5638 in
502 5567 673 5658 piscibus,
709 5566 805 5636 etin
836 5585 903 5634 una
930 5584 1048 5633 earum
1076 5569 1131 5632 est
1156 5561 1288 5632 fabrica
1314 5561 1417 5651 lerri,
1454 5567 1490 5631 et
1525 5561 1630 5633 solvit
1655 5581 1772 5633 mona-

324 5853 536 5898 umamanm.
1567 5833 1607 5881 ⁸⁰
1638 5853 1686 5870 ‘¹
