4492 6592
518 749 604 829 ,418

629 951 900 1038 Wuszoczsuo,
941 948 1025 1019 villa
1052 950 1116 1019 sub
1144 948 1310 1037 parocbia
1346 947 1389 1019 de
1416 948 1673 1040 Wyszolrye
1710 948 1796 1035 sita,
1836 946 1941 1017 cuius
1967 946 2069 1021 baares

529 1074 681 1145 Jacobus
708 1071 750 1142 dc
778 1071 880 1141 domo
908 1069 1008 1141 Rau
1019 1092 1049 1139 a.
1094 1068 1133 1139 ln
1163 1090 1231 1159 qua
1268 1076 1348 1141 sunt
1381 1069 1471 1141 lanei
1500 1069 1751 1157 cmethonales,
1788 1075 1824 1138 et
1856 1066 1904 1138 de
1934 1068 2069 1141 omnibus

529 1195 676 1265 solvitur
702 1200 740 1265 ct
767 1192 972 1264 conducitur
999 1190 1131 1262 decima
1154 1190 1389 1281 manipularis,
1416 1196 1452 1262 et
1480 1212 1543 1281 per
1562 1212 1620 1263 sex
1641 1191 1778 1281 icmgas
1806 1188 2001 1279 canapalis,
2024 1213 2071 1280 pro

527 1297 738 1387 monasterio
765 1311 1050 1400 Wanchoczensi‚
1078 1316 1114 1382 et
1143 1310 1240 1383 valor
1267 1312 1341 1382 eius
1369 1312 1576 1383 aestimatur
1603 1311 1646 1381 ad
1674 1332 1808 1382 nraroas
1829 1364 1955 1380 .....
1973 1333 1982 1397 ;
2006 1310 2070 1385 item

529 1438 686 1525 taberna,
714 1436 796 1506 item
824 1433 1010 1521 hortulani,
1038 1432 1119 1503 item
1151 1432 1339 1523 praedium,
1367 1432 1449 1504 item
1478 1432 1709 1505 molendinum
1712 1486 1868 1522 ......

636 1556 841 1645 Sururow,
869 1554 951 1625 villa
979 1553 1042 1625 sub
1070 1552 1237 1643 parochia
1264 1552 1306 1624 de
1334 1552 1589 1645 Wyszokye
1617 1553 1700 1641 sita,
1737 1552 1836 1623 cuius
1868 1552 1996 1623 haeres
2018 1554 2069 1625 Ja-

525 1677 667 1749 cobus
694 1679 730 1746 et
758 1672 986 1747 Nicolaus
1013 1671 1142 1743 fratres
1170 1670 1213 1743 de
1241 1671 1342 1743 domo
1370 1672 1513 1744 Raua.
1540 1673 1579 1743 ln
1609 1694 1679 1763 qua
1703 1679 1784 1743 sunt
1809 1671 1910 1743 lanei
1939 1673 2069 1745 cmetbo·

525 1797 632 1887 nales,
660 1801 696 1868 et
722 1796 766 1867 de
793 1794 953 1866 omnibus
981 1792 1128 1864 solvitur
1155 1800 1190 1863 et
1217 1793 1422 1865 conducitur
1449 1793 1582 1865 decima
1605 1792 1842 1884 manipularis,
1873 1798 1914 1864 et
1941 1814 2002 1883 per
2025 1816 2070 1866 εει
2101 1844 2104 1851 -

528 1920 666 2008 ierugas
702 1914 878 2007 canapalis
914 1935 976 2005 pro
1004 1914 1216 1985 monasterio
1253 1912 1542 2004 Wanchoczensi‚
1578 1919 1614 1986 et
1640 1914 1737 1987 valor
1774 1915 1852 1986 cius
1882 1914 2070 1987 aestimatm

526 2040 572 2111 ad
590 2091 813 2109 .........
857 2056 1000 2107 marcas.
1027 2034 1115 2106 ltem
1138 2036 1308 2125 taberna,
1336 2035 1418 2108 item
1447 2036 1641 2139 hortulani,
1669 2036 1749 2109 item
1777 2034 1981 2127 praedium,
2006 2036 2069 2109 item

466 2152 471 2162 ’
526 2159 768 2232 molendinum.
974 2225 976 2236 .

582 2309 586 2323 ¹
630 2274 893 2368 dnuno'waczn,
930 2276 1013 2349 uilla
1039 2277 1104 2349 snb
1132 2279 1296 2369 parocbia
1333 2280 1375 2351 de
1412 2278 1669 2373 Wyszobye
1706 2280 1793 2367 sita,
1830 2280 1934 2352 cuius
1967 2280 2068 2352 haeres

528 2402 779 2495 sylvester
813 2398 985 2472 dedomo
1022 2398 1163 2471 Rawa.
1208 2400 1248 2471 In
1277 2422 1345 2491 qna
1373 2407 1454 2473 sunt
1481 2400 1573 2473 lanei
1600 2401 1853 2491 cmethonaleS‚
1892 2401 2068 2493 dequibus

529 2523 688 2597 omnibus
716 2522 863 2595 solvitur
890 2527 926 2591 et
953 2519 1158 2593 conducitur
1186 2516 1319 2595 decima
1345 2522 1581 2613 manipulario,
1622 2528 1745 2627 etlper
1773 2544 1835 2595 sex
1864 2523 2010 2613 ierugas
2025 2546 2066 2595 ca·

527 2644 671 2735 napalis,
698 2664 763 2735 pro
791 2641 1001 2714 monasterio
1030 2641 1310 2733 Wanchoczensi‚
1338 2648 1373 2715 et
1400 2644 1599 2716 caloreius
1626 2644 1830 2717 aestimatur
1858 2643 1905 2715 ad
1920 2698 2065 2714 .......

525 2786 669 2839 marcas.
712 2764 801 2836 item
827 2764 983 2851 taberna,
1010 2762 1091 2834 item
1118 2764 1303 2853 hortulani,
1330 2765 1412 2837 item
1440 2764 1682 2855 molendinum,
1709 2766 1793 2837 item
1820 2765 2001 2856 praedium
2023 2772 2066 2837 est

475 2969 477 2976 ¹
525 2886 574 2958 ibi
601 2886 756 2974 unicum,
793 2882 836 2955 de
863 2884 960 2955 cuius
987 2884 1082 2975 agris
1108 2884 1256 2957 solvitur
1282 2885 1415 2959 decima
1447 2886 1671 2977 manipularis
1698 2886 1866 2959 ecclesiae
1894 2887 2063 2977 parochiali

531 3008 567 3079 in
595 3006 890 3098 Wysszokye.

632 3128 857 3217 sozacnow,
884 3126 966 3198 villa
993 3127 1057 3199 sub
1084 3128 1250 3218 parocbia
1277 3128 1319 3200 de
1348 3128 1391 3199 W
1401 3128 1542 3219 yszok
1552 3150 1604 3220 ye
1631 3128 1717 3220 sita,
1745 3128 1842 3203 cuius
1872 3130 1994 3201 haeres
2015 3129 2061 3201 la·

407 3247 413 3253 ’
462 3272 466 3280 ·
528 3250 635 3321 cobus
663 3247 1034 3340 Szdzecbousky
1062 3248 1105 3319 dc
1132 3248 1233 3321 domo
1260 3248 1400 3321 Raua.
1445 3250 1486 3323 ln
1515 3270 1584 3341 qua
1610 3256 1692 3323 sunt
1718 3250 1810 3323 lanei
1839 3251 2059 3337 cmethonalas

384 3420 391 3429 -
529 3370 573 3440 de
600 3369 724 3459 quibus
759 3368 918 3441 omnibus
954 3368 1101 3441 solvitur
1128 3376 1163 3441 et
1190 3369 1394 3444 conducitur
1429 3370 1562 3443 decima
1589 3371 1833 3463 manipulariS,
1871 3378 1909 3443 et
1935 3392 1994 3463 per
2015 3393 2058 3443 εει

528 3490 667 3580 ierugas
694 3488 888 3580 canapalis,
929 3511 992 3581 pro
1020 3491 1232 3563 monasterio
1260 3490 1549 3582 Wanchoczensi‚
1588 3498 1624 3564 et
1651 3492 1749 3566 uclor
1775 3494 1851 3567 eius
1880 3493 2058 3565 aestimato

530 3611 552 3680 .’
557 3666 804 3682 ..........
849 3612 893 3682 ad
921 3632 1064 3684 marcas.
1106 3612 1193 3686 item
1220 3612 1376 3705 taberna,
1404 3614 1486 3693 item
1514 3614 1701 3706 hortulani,
1729 3615 1811 3688 item
1840 3614 2055 3702 molendinum,

529 3734 613 3805 item
639 3732 829 3824 praedium.
1315 3826 1320 3839 Ι

633 3854 965 3945 Szozncuowucza,
993 3854 1076 3926 villa
1102 3856 1167 3927 sub
1186 3856 1351 3947 parocbia
1378 3858 1421 3929 de
1448 3855 1703 3951 Wyszokye
1730 3858 1809 3947 sita,
1836 3860 1935 3931 cuius
1960 3858 2055 3929 baere-

530 3976 591 4059 des
610 4028 805 4046 ........
832 3975 876 4048 de
902 3976 1008 4048 armis
1035 3975 1178 4049 Rawa.
1222 3976 1262 4049 In
1290 3999 1357 4069 qua
1384 3984 1466 4051 snut
1492 3977 1583 4050 lanei
1610 3978 1859 4070 cmethonales,
1888 3978 2053 4069 dequibus

531 4098 691 4171 omnibus
718 4096 865 4169 solvitur
892 4104 929 4169 et
956 4098 1160 4171 conducitur
1187 4098 1320 4172 decima
1347 4100 1589 4191 manipularis,
1617 4106 1654 4173 et
1680 4122 1743 4192 per
1770 4121 1831 4173 εει
1861 4102 1992 4191 ierngas
2013 4118 2053 4168 aa·
2111 4194 2113 4197 Ι

531 4219 677 4312 napalis,
704 4239 768 4311 pro
795 4219 1005 4291 monasterio
1033 4218 1324 4310 Wanchoczensi3
1364 4222 1445 4306 item
1472 4222 1636 4312 taberna,
1664 4222 1747 4294 item
1775 4222 1966 4311 hortulani,
1988 4216 2051 4291 itan

391 4394 396 4401 .
500 4340 773 4429 molendinum,
800 4340 884 4411 item
911 4339 1091 4431 praedium
1110 4394 1252 4413 ......

634 4445 922 4552 Szoaacnowan,
963 4461 1046 4533 villa
1072 4462 1136 4534 snb
1164 4462 1330 4554 parochia
1357 4464 1400 4537 de
1427 4462 1587 4556 Wyszo
1600 4464 1685 4555 kye
1712 4466 1798 4555 sita,
1833 4465 1930 4537 cuius
1954 4463 2050 4535 baares

525 4580 552 4677 ,J
563 4582 735 4653 acobus
762 4579 806 4653 de
832 4580 934 4653 domo
962 4583 1102 4655 Rama.
1130 4584 1169 4655 ln
1189 4604 1258 4675 qua
1276 4587 1356 4656 sunt
1384 4584 1474 4657 lanei
1498 4584 1740 4677 cmethonales,
1767 4585 1810 4657 de
1829 4587 1951 4678 quibus
1967 4579 2049 4653 omni·

530 4703 596 4775 bus
623 4702 770 4775 solvitur
796 4709 833 4774 et
859 4703 1063 4777 conducitur
1090 4704 1222 4777 decima
1249 4692 1484 4797 manipularis,
1511 4714 1547 4779 et
1564 4728 1627 4798 per
1645 4728 1704 4779 εει
1732 4707 1871 4798 ierugas
1893 4700 2048 4793 mnapalis

529 4846 593 4915 pro
621 4824 829 4895 monasterio
857 4822 1137 4917 Wanchoczensi‚
1166 4832 1201 4899 et
1229 4826 1325 4899 valor
1353 4827 1426 4899 eius
1453 4828 1658 4901 aestimatur
1684 4828 1729 4901 ad
1765 4882 1908 4899 ......
1935 4841 2046 4897 mamm·

529 4946 618 5019 Item
644 4944 820 5035 tabernae,
847 4944 931 5017 item
957 4946 1187 5039 hortulaniae,
1215 4948 1296 5019 item
1324 4948 1567 5039 molendinum,
1594 4948 1678 5021 item
1705 4948 1894 5040 praedium.

638 5066 936 5159 Zaunuownczn,
963 5067 1047 5141 uilla
1064 5068 1129 5140 sub
1147 5068 1311 5160 parochia
1330 5070 1372 5143 de
1400 5069 1658 5161 Wyszokye
1686 5070 1762 5161 sita,
1790 5071 1888 5143 cuins
1915 5062 2045 5143 bando

527 5188 574 5264 de
600 5189 706 5261 armis
734 5188 868 5261 Rana
885 5243 1000 5259 .....
1040 5189 1079 5261 In
1108 5211 1176 5281 qua
1203 5196 1285 5266 sunt
1310 5190 1403 5263 lanei
1430 5191 1672 5283 cmethonales,
1700 5191 1743 5263 de
1771 5192 1895 5283 quibus
1922 5184 2043 5263 omnibus

529 5308 677 5382 solvitur
703 5317 739 5382 et
766 5310 971 5382 conducitur
997 5308 1131 5382 decima
1156 5312 1392 5404 manipularis,
1420 5318 1457 5385 et
1483 5334 1546 5403 per
1564 5334 1624 5385 sex
1641 5310 1786 5405 ‘ierugas
1804 5311 1977 5405 campalis,
1999 5321 2042 5395 pto

531 5423 742 5504 monasterio
769 5431 1057 5524 Wanchoczensi‚
1093 5439 1128 5505 et
1155 5434 1252 5519 valor
1279 5433 1353 5507 eius
1381 5428 1656 5507 aestimatur‘ad
1674 5488 1894 5505 .........
1936 5444 2042 5505 marcas·
2105 5530 2106 5537 ἵ

532 5550 621 5625 Item
647 5554 823 5644 tabernae,
849 5554 933 5627 item
961 5554 1147 5646 bortidani,
1174 5555 1257 5627 item
1285 5554 1527 5647 molendinum,
1554 5556 1638 5629 item
1665 5555 1852 5648 praedium.
