4492 6592
491 806 567 878 380

473 1018 527 1082 -et
552 1010 650 1081 valor
676 1009 751 1081 eius
776 1008 982 1081 aestimatur
1009 1007 1053 1079 ad
1081 1012 1231 1099 quatuor
1257 1027 1401 1079 marcus.
1429 1006 1566 1079 Donata
1591 1007 1804 1079 monasterio
1832 1026 1894 1096 per
1911 1006 2037 1077 Nico

488 1132 608 1203 laum
635 1130 793 1203 comitem
821 1128 1048 1201 fundatorem.

592 1250 818 1339 SumszlczA,
859 1249 942 1319 villa
977 1248 1042 1321 sub
1086 1248 1252 1339 parocbia
1286 1248 1453 1319 ecclesiae
1488 1248 1531 1319 de
1566 1246 1932 1339 Koprzywulcza
1967 1249 2039 1337 sila,

488 1392 577 1461 quae
605 1370 776 1461 quondam
794 1369 861 1441 fuit
878 1369 1031 1459 episcopi
1049 1367 1299 1459 Gracuviensis,
1325 1368 1386 1439 sed
1415 1370 1565 1439 cambita
1583 1374 1639 1440 est
1658 1390 1734 1439 cum
1762 1369 1842 1439 eliis
1861 1389 1938 1439 cum
1957 1369 2037 1439 duce

488 1491 709 1563 Bol‘eslao
744 1512 809 1581 pro
834 1489 1005 1561 Zlotba
1040 1495 1076 1561 et
1101 1489 1390 1581 LoyoWIcze,
1414 1495 1462 1561 'et
1495 1489 1624 1561 donata
1651 1490 1865 1561 monasterio
1893 1487 2038 1579 Goprzy·

489 1614 671 1684 unicueusi
697 1604 761 1702 per
785 1610 1027 1683 Nicolaum
1054 1610 1215 1683 comitem
1234 1610 1277 1689 de
1305 1610 1508 1700 Bogoria
1535 1631 1603 1681 non
1630 1611 1665 1681 in
1686 1616 1775 1699 toto,
1803 1610 1865 1681 sed
1885 1610 1921 1681 in
1940 1616 2038 1681 sorte.

296 1744 304 1749 “
443 1804 446 1809 ,
488 1733 587 1805 Alias
614 1738 728 1804 autem
747 1736 859 1804 sortes
877 1731 1028 1803 eiusdem
1057 1730 1423 1822 villaeNicolaus
1449 1731 1596 1803 abbasu
1618 1730 1803 1802 Vichna
1830 1730 1874 1801 de
1893 1729 2040 1801 Strze

488 1854 685 1925 zowicze
712 1874 776 1944 pro
803 1853 1065 1945 quadringentis
1092 1854 1218 1925 marcis
1244 1873 1444 1943 grossorum
1472 1850 1568 1923 1385
1597 1852 1691 1923 emit.
1718 1850 1835 1923 Habet
1862 1856 1980 1923 autem
2007 1852 2039 1921 in

489 1996 527 2047 se
553 1975 720 2071 tredecim
745 1974 867 2047 laneos
893 1974 1139 2064 cmetbonales,
1165 1980 1202 2046 et
1229 1974 1376 2065 quilibet
1402 1973 1507 2045 solvit
1534 1972 1683 2044 mediam
1703 1993 1855 2045 marcam
1883 1993 1948 2062 pro
1968 1992 2040 2043 cen-

488 2118 540 2186 su,
567 2098 650 2167 item
677 2116 753 2185 ova;
780 2096 864 2167 item
890 2094 1058 2166 decimam
1084 2094 1335 2185 manipularem
1363 2094 1503 2167 solvunt
1521 2114 1640 2165 omnes
1666 2094 1833 2165 tredecim
1861 2094 1954 2163 lanei
1973 2114 2040 2163 mo-

489 2218 643 2301 nasterio
670 2214 997 2307 Goprzywuiczensl,
1024 2221 1060 2286 et
1086 2216 1239 2306 propriis
1266 2214 1426 2287 curribus
1453 2235 1528 2286 eum
1556 2214 1762 2305 conducunt,
1789 2220 1826 2286 et
1853 2214 1954 2285 valor
1971 2214 2042 2284 eius

488 2338 693 2409 aestimatur
714 2337 759 2408 ad
784 2336 952 2409 tredecim
979 2356 1122 2408 marcas
1149 2337 1237 2408 Item
1265 2336 1441 2409 tabernae.
1477 2335 1616 2407 Donata
1644 2336 1856 2407 monasterio
1883 2356 1948 2425 per
1976 2334 2042 2405 Ni-

489 2457 666 2529 colaum
694 2459 855 2530 comitem
882 2456 1109 2529 fundatorem.
1137 2455 1298 2531 Gonfinat
1324 2476 1401 2528 cum
1420 2510 1536 2527 .....

592 2577 812 2670 anrcznm,
838 2578 921 2651 villa
947 2578 1011 2649 sub
1038 2578 1205 2667 parochia
1232 2572 1398 2651 ecclesiae
1434 2578 1469 2648 in
1498 2574 1867 2669 Goprzywnicze
1894 2576 1981 2665 sita,
2008 2582 2043 2645 et

487 2720 552 2791 per
586 2698 828 2771 Nicolaum
864 2699 1026 2802 comitem
1058 2698 1101 2769 de
1129 2698 1335 2788 Bogoria
1369 2698 1498 2771 donata
1533 2697 1752 2769 monasterio.
1797 2696 1837 2766 In
1867 2717 1936 2787 qua
1963 2702 2043 2766 sunt

488 2820 606 2892 decem
633 2826 670 2891 et
696 2826 775 2891 octo
801 2819 893 2891 lanei
920 2818 1172 2909 cmetbonales,
1213 2824 1249 2891 et
1275 2819 1421 2910 quilibet
1447 2818 1552 2890 solvit
1577 2838 1640 2908 per
1667 2838 1790 2889 novem
1820 2822 1954 2886 scottos
1981 2836 2042 2905 pro

488 2962 611 3030 censu,
647 2942 729 3011 item
757 2960 842 3030 ova,
876 2939 961 3011 item
987 2958 1118 3028 caseos,
1145 2939 1229 3010 item
1254 2938 1375 3029 gallos.
1424 2938 1511 3009 Item
1548 2936 1682 3009 decima
1708 2938 1935 3027 manipularis
1962 2942 2040 3025 post

348 3102 357 3115 κ
488 3060 664 3152 praefatos
689 3060 809 3131 luneos
835 3059 983 3131 solvitur
1009 3060 1172 3149 episcopo
1200 3058 1433 3147 Oracoviensi,
1460 3064 1497 3127 et
1523 3057 1728 3130 conducitur
1754 3058 1910 3147 propriis
1934 3057 2041 3127 curri-

488 3182 555 3253 bus
580 3200 645 3271 per
671 3180 880 3267 emetbones,
906 3184 943 3249 et
968 3179 1067 3249 valor
1093 3178 1168 3251 eius
1195 3178 1238 3251 ad
1267 3178 1384 3251 decem
1412 3183 1448 3249 et
1475 3183 1553 3249 octo
1574 3197 1708 3249 marcas
1731 3178 1947 3249 aestimatur.
1974 3176 2041 3247 Do-
2108 3229 2114 3238 .

489 3305 573 3372 nata
599 3299 810 3370 monasterio
837 3318 899 3388 per
925 3296 1168 3369 Nicolaum
1196 3298 1357 3369 comitem
1384 3297 1602 3371 fundatorem
1630 3298 1673 3369 de
1700 3298 1915 3389 Bogorie.
1946 3297 2040 3369 Duae

490 3426 605 3493 autern
642 3425 767 3510 partes
796 3418 946 3490 donatae
981 3422 1064 3489 sunt
1098 3418 1308 3490 monasterio
1344 3438 1408 3509 per
1448 3417 1742 3491 Vladislaum
1782 3417 2038 3491 Secundum

489 3541 656 3612 Poloniae
682 3560 809 3630 regem.
836 3536 998 3611 Confluat
1024 3558 1101 3609 curn
1129 3538 1221 3611 villis
1240 3592 1356 3610 .....

540 3682 550 3702 ‘
593 3661 783 3749 Lunzrrm,
810 3660 894 3731 villa
919 3660 1051 3733 habens
1077 3660 1113 3730 in
1141 3678 1179 3731 se
1206 3658 1386 3731 ecclesiam
1404 3659 1638 3749 parochialem
1663 3659 1821 3750 ligneam,
1850 3681 1953 3751 quam
1973 3682 2038 3731 mu·

489 3784 643 3855 nestorio
668 3780 989 3873 Goprzywniczensi
1016 3780 1239 3853 Nicolaus
1276 3800 1390 3851 comes
1417 3779 1694 3871 de,Bogoria
1729 3781 1945 3871 contulerat,
1982 3780 2038 3852 sed

490 3905 573 3977 villa
599 3904 676 3995 ipsa
701 3902 852 3975 alienata
877 3908 933 3973 est
959 3922 981 3972 a
1007 3901 1216 3973 monasterio
1244 3898 1581 3993 Ooprzywniczensi,
1605 3906 1655 3973 ¹et
1681 3902 1821 3972 transiit
1849 3903 1884 3973 iu
1913 3908 2037 3973 sortem

490 4026 693 4113 militarem,
728 4029 765 4094 et
791 4022 946 4113 possidet
980 4042 1056 4093 eam
1084 4043 1175 4093 nunc
1211 4020 1376 4093 Nicolaus
1403 4020 1671 4113 Winarsky,
1708 4024 1834 4095 nobilis
1871 4023 2039 4095 dedomo

491 4144 736 4233 Tubarum,
773 4162 836 4215 uec
862 4142 1066 4233 simpIIciter
1092 4148 1128 4212 et
1155 4142 1328 4213 inutiliter
1353 4141 1515 4215 alienata
1541 4150 1615 4233 est,
1651 4143 1710 4214 sed
1743 4165 1807 4234 pro
1836 4144 1920 4215 villa
1947 4143 2037 4216 Ozi-

491 4267 647 4337 szicza
672 4266 883 4337 monusterIo
902 4262 1221 4365 Ooprzywniczensi
1249 4262 1358 4353 magis
1377 4264 1580 4354 propinqua,
1609 4263 1787 4354 magisque
1814 4264 2040 4351 commodusq

491 4387 650 4457 cambita
693 4385 833 4457 Donata
859 4384 1072 4457 monasterio
1099 4404 1163 4475 per
1189 4382 1428 4455 Nicolaum
1461 4385 1620 4457 comitem
1647 4383 1866 4461 fundatorem
1895 4385 1940 4456 de
1967 4386 2026 4455 Bo

491 4507 636 4596 gorio
1333 4574 1339 4587 ,
1739 4588 1748 4605 ,

596 4624 875 4715 Knonrnmczn,
914 4625 1090 4697 villa.sub
1116 4625 1283 4715 parochia
1309 4625 1352 4697 de
1379 4622 1625 4699 Goszlicze
1652 4628 1736 4717 sita,
1763 4628 1861 4701 cuius
1888 4629 2042 4719 proprie·

493 4754 549 4818 tas
564 4776 568 4786 ·
585 4746 630 4817 ad
656 4746 903 4817 monasterium
938 4744 1263 4837 Goprz‘ywniczense
1299 4747 1459 4836 pertinet.
1503 4747 1542 4819 In
1580 4770 1647 4839 qua
1682 4754 1764 4821 sunt
1800 4770 1925 4821 novem
1953 4750 2042 4821 lanei

492 4864 734 4956 cmethonales,
761 4871 797 4936 et
824 4865 971 4957 quilibet
996 4866 1101 4938 solvit
1140 4887 1203 4956 pro
1239 4887 1344 4938 ceusu
1380 4868 1442 4939 sed
1470 4870 1583 4959 varie3
1620 4889 1698 4941 nam
1735 4870 1778 4941 de
1804 4871 1941 4941 duobus
1968 4892 2043 4943 curn

492 4988 606 5061 medio
633 4986 743 5059 laneis
779 4986 883 5059 datur
917 5006 1050 5079 marca,
1086 4988 1168 5058 item
1197 4986 1239 5059 de
1267 4988 1380 5061 tribus
1416 5009 1478 5078 per
1506 4990 1651 5061 mediam
1679 5012 1849 5082 marcam,
1890 4993 1974 5063 item
2002 4992 2042 5063 de

461 5111 571 5183 ‘aliis
597 5109 712 5181 tribus
737 5128 801 5199 per
827 5113 901 5179 tres
926 5107 1089 5179 fertones.
1133 5108 1221 5181 Item
1249 5108 1394 5199 quilibet
1428 5114 1566 5181 tenetur
1602 5131 1663 5183 sex
1689 5111 1813 5183 choros
1850 5133 1984 5183 avenae
2010 5118 2041 5181 et

492 5238 566 5304 tres
593 5231 750 5321 siliginis.
794 5228 882 5300 Item
918 5210 1093 5300 ducturas
1120 5228 1252 5301 fuciunt
1287 5229 1463 5301 ordinarie
1498 5231 1628 5321 absque
1669 5232 1735 5303 die.
1782 5232 1866 5303 item
1895 5252 2040 5322 capones

494 5358 662 5443 quatuor,
687 5352 772 5423 item
799 5372 866 5423 ora
894 5350 1035 5440 viginti,
1072 5350 1157 5421 item
1182 5370 1288 5421 unum
1316 5366 1470 5440 caseum,
1506 5351 1588 5421 item
1609 5352 1753 5423 laborat
1780 5352 1927 5441 quilibet
1953 5352 2040 5423 dieu

495 5470 599 5543 unum
626 5474 662 5543 in
688 5471 881 5562 septimana
914 5471 1056 5560 proprio
1092 5490 1195 5539 curru
1232 5476 1293 5540 aut
1319 5474 1445 5540 aratro.
1482 5470 1576 5573 ‚Item
1602 5470 1746 5567 powubu
1782 5470 1869 5576 alios
1906 5473 2037 5562 digeris

496 5593 667 5663 seminant
692 5599 728 5663 et
753 5592 942 5682 disponunt
975 5612 1040 5681 pro
1061 5584 1149 5661 'vere
1185 5595 1222 5661 et
1248 5591 1380 5681 hyeme.
1423 5591 1511 5661 Item
1546 5592 1713 5663 tabernae
1749 5592 1838 5664 duae
1873 5593 2037 5665 habentes
