4492 6592
503 752 577 826 aaa
695 693 717 726 ”

498 961 585 1032 Item
612 959 832 1030 bortulauiae
859 980 927 1030 non
952 953 1042 1030 sunt.
1078 957 1165 1028 item
1197 979 1316 1030 omnes
1342 959 1417 1048 agri
1445 957 1680 1028 cmetbouales
1716 957 1856 1029 solvunt
1886 955 2055 1027 decimam

455 1122 459 1132 ·
500 1076 748 1169 manipularem
776 1085 812 1151 et
839 1080 1037 1170 canapalem
1057 1079 1221 1150 ecclesiae
1245 1079 1500 1168 parochialiin
1529 1077 1787 1149 Moskorzow
1814 1076 2057 1148 Gracovienais

500 1201 686 1289 dioecesiS,
721 1201 883 1284 donatam
921 1221 982 1290 per
1018 1201 1199 1271 Nicolaum
1241 1199 1436 1290 Trqmba
1472 1200 1769 1289 archiepiscopum
1805 1195 2058 1284 Gneznenaem,
2107 1229 2113 1238 ·

497 1321 596 1392 cuius
623 1321 722 1392 valor
745 1321 924 1392 addacem
952 1341 1096 1393 marcas
1125 1322 1211 1391 item
1239 1321 1418 1412 praedium
1437 1341 1506 1391 non
1524 1326 1587 1408 cat,
1614 1341 1752 1415 oaazyep
1778 1321 1936 1407 solvunt,
1964 1320 2057 1407 quiu-

397 1443 404 1457 '
499 1461 565 1531 que
592 1442 682 1512 lanei
710 1462 773 1531 per
800 1447 949 1532 quatuor
985 1461 1084 1512 coros
1121 1462 1269 1530 avenae,
1305 1441 1365 1511 alii
1400 1461 1519 1511 omnes
1554 1461 1618 1530 per
1643 1449 1776 1532 septem
1812 1461 1942 1527 coros3
1980 1440 2057 1509 item

499 1561 741 1650 molendinum,
770 1561 861 1651 quod
889 1559 992 1632 solvit
1020 1569 1093 1632 tres
1112 1581 1266 1649 marcas3
1292 1582 1426 1632 summa
1442 1550 1528 1632 tacit
1545 1563 1670 1650 viginti
1689 1569 1769 1632 octo
1787 1581 1931 1632 mareas
1951 1560 2057 1629 minus

499 1687 579 1752 octo
605 1681 745 1772 grossis.
772 1682 811 1753 ln
831 1681 980 1786 dioecesi
1001 1679 1207 1752 Gneznensi.
1235 1681 1396 1753 Confluat
1413 1701 1491 1754 cum
1509 1683 1601 1753 villis
1621 1682 1831 1770 Borowno,
1858 1679 2057 1768 Kalama,

501 1799 708 1892 Grabowa,
737 1801 941 1874 lrzandze.
1044 1852 1047 1860 ·
1254 1879 1256 1882 ,
1480 1874 1484 1882 ,
1777 1884 1782 1890 ‚

606 1920 855 2012 Gzrnsnzow,
891 1923 973 1994 villa
1009 1924 1072 1993 sub
1108 1922 1274 2011 parocbia
1310 1922 1474 1994 ecclesiae
1509 1922 1552 1993 de
1588 1921 1793 1994 Mikanow
1829 1924 1927 2013 sita,
1965 1923 2056 1992 euius

468 2043 695 2134 ,proprietas
722 2052 758 2114 et
784 2043 971 2114 dominium
1008 2043 1052 2113 ad
1084 2044 1286 2116 coenobium
1322 2043 1633 2114 sanctimonialium
1669 2040 1787 2114 Sancti
1825 2043 2054 2114 Andreaetn

503 2162 702 2235 Oracovia
725 2165 886 2254 pertinet
914 2164 953 2234 In
973 2171 1141 2254 quaeunt
1164 2165 1287 2253 viginti
1314 2165 1406 2234 lanei
1432 2164 1678 2252 emethonalea,
1705 2171 1743 2235 et
1771 2165 1930 2254 quilibet
1956 2164 2056 2234 soluit

499 2305 563 2373 pro
591 2304 695 2354 censu
722 2303 785 2374 per
812 2283 960 2354 sedecim
987 2289 1135 2373 scottos,
1162 2292 1301 2375 praeter
1327 2286 1414 2356 duos
1440 2287 1569 2374 laneos,
1596 2305 1743 2376 quorum
1770 2286 1926 2375 quilibet
1954 2285 2053 2356 soluit

347 2449 351 2461 ·
462 2471 465 2478 ,
501 2403 588 2474 duas
614 2423 757 2494 marcas,
783 2405 866 2475 item
893 2405 1018 2495 viginti
1045 2425 1127 2497 ova,
1154 2407 1236 2476 item
1252 2405 1338 2476 duos
1364 2406 1494 2495 gallos,
1521 2406 1604 2476 item
1632 2412 1764 2495 septem
1793 2425 1900 2476 coros
1930 2427 2054 2476 arenae

500 2523 543 2594 de
570 2524 680 2614 lanam
706 2525 790 2596 item
814 2517 983 2596 tabernae
1002 2532 1075 2596 tres
1093 2526 1263 2596 habentes
1285 2547 1398 2616 agros,
1425 2527 1600 2617 quaelibet
1626 2527 1732 2597 solvit
1758 2547 1860 2598 unam
1895 2548 2052 2598 marcam.

440 2729 444 2739 Ι
498 2643 585 2714 ltcm
612 2645 811 2716 hortulania
836 2665 914 2736 una,
941 2646 1052 2736 solvit
1076 2667 1182 2718 11111111
1208 2647 1376 2717 lantonem
1405 2653 1440 2718 et
1466 2647 1552 2718 nibil
1580 2648 1724 2718 laborat
1751 2648 1839 2719 Item
1868 2647 2047 2738 praediun

501 2785 568 2835 non
596 2770 659 2836 est.
689 2765 776 2836 Item
803 2773 875 2837 tres
902 2765 976 2836 dies
1003 2767 1165 2842 laborant
1179 2768 1214 2837 in
1232 2787 1333 2857 anno,
1351 2773 1496 2857 metunt,
1521 2766 1726 2840 falcastrant
1752 2768 1958 2844 etteeuum
1976 2787 2051 2838 oon-

498 2885 637 2958 ducunt.
664 2886 751 2957 Item
779 2885 897 2957 omnes
924 2887 999 2975 agri
1027 2887 1261 2958 ometbouales
1287 2884 1428 2960 solvunt
1453 2888 1621 2960 decimam
1648 2889 1904 2980 manipularem
1932 2896 1969 2960 et
1993 2909 2044 2959 ca·

500 3006 657 3096 nupalem
686 3027 749 3097 pro
775 3007 921 3078 ecclesia
947 3007 982 3078 in
1010 3005 1299 3097 Moazkorzow,
1330 3029 1395 3098 pro
1421 3010 1627 3079 scholastico
1653 3011 1822 3080 eeclesiae
1849 3012 1888 3080 in
1919 3009 2044 3080 Mouz-

239 3160 246 3168 ·
373 3210 376 3216 ,
500 3128 666 3199 lrorzow
703 3126 942 3199 Gronoviensis
978 3129 1164 3217 dioecesis,
1200 3129 1364 3200 donatam
1400 3149 1463 3220 per.
1498 3129 1712 3201 Nicolaum
1749 3131 2043 3220 archiepiscopum

502 3245 749 3337 Gneznensem,
776 3248 872 3318 cuius
899 3248 997 3322 valor
1023 3249 1228 3322 aestimatur
1253 3250 1298 3321 ad
1325 3255 1404 3321 octo
1432 3269 1575 3321 marcas.
1610 3249 1699 3320 ltem
1725 3255 1781 3321 est
1806 3251 1855 3321 ibi
1885 3250 2045 3322 molendi·

503 3389 585 3440 num
611 3365 742 3439 babens
778 3389 899 3457 agros,
937 3369 1028 3459 quod
1056 3370 1160 3441 solvit
1186 3391 1250 3460 pro
1277 3391 1382 3442 censu
1417 3378 1492 3441 tres
1518 3391 1652 3441 marcas
1687 3373 1905 3442 monasterio
1941 3370 2047 3442 Sancti

503 3487 674 3576 Andreae,
702 3509 834 3560 summa
860 3491 1103 3580 septemdecim
1133 3512 1268 3562 marcae
1295 3498 1368 3562 tres
1395 3492 1507 3561 scotti.
1543 3490 1806 3562 (1111111111
1833 3491 1930 3564 villis
1957 3491 2046 3563 Gra·

503 3611 625 3700 bona,
653 3610 817 3700 Koczin,
845 3611 1129 3698 Prusziczslro,
1156 3611 1345 3684 Kakawa.
1377 3612 1417 3684 Iu
1445 3612 1595 3709 dioecesi
1623 3611 1828 3683 Gnezuensi.

532 3772 536 3781 ·
607 3730 796 3822 Kanawa,
834 3733 915 3803 villa
942 3734 1006 3804 sub
1043 3730 1209 3823 parocbia
1245 3734 1407 3804 ecelesiae
1434 3733 1478 3804 de
1504 3733 1702 3804 Borowuo
1729 3733 1813 3824 sita,
1849 3735 1950 3804 cuius
1974 3753 2045 3824 pro

441 3867 444 3872 ·
502 3853 634 3942 prietes
661 3859 697 3922 et
724 3853 910 3924 dominium
931 3853 974 3924 ad
993 3855 1196 3925 coenobium
1214 3855 1524 3926 sanctimonialium
1551 3854 1669 3925 Summi
1697 3854 1860 3925 Andreae
1889 3857 1926 3926 iu
1953 3854 2043 3926 Ora·

502 3975 636 4076 coria
662 3976 822 4065 pertinet.
857 3975 897 4046 ln
926 3995 994 4066 qua
1021 3982 1103 4046 sunt
1130 3995 1190 4045 sex
1218 3975 1309 4046 lanei
1338 3977 1589 4066 cmetbonales‚
1622 3981 1659 4047 et
1685 3977 1831 4066 quilibet
1857 3997 1924 4067 pro
1950 3995 2043 4046 censu

504 4095 608 4167 solvit
634 4101 706 4166 tres
733 4095 904 4184 lertones,
941 4097 1021 4166 item
1060 4097 1302 4186 1131111111,Ι
1332 4099 1415 4169 item
1441 4097 1553 4186 gallos
1588 4095 1693 4185 duos,
1728 4097 1810 4167 item
1847 4097 2042 4168 falcastrant

502 4215 639 4292 foenum
667 4239 771 4288 unum
800 4219 899 4288 diem.
927 4217 1014 4288 ltem
1033 4217 1199 4289 tabernae
1218 4238 1287 4290 non
1309 4226 1400 4307 sunt,
1428 4239 1539 4308 neque
1558 4217 1796 4307 hortulaniae,
1823 4239 1937 4308 neque
1954 4237 2041 4308 prae

504 4338 607 4410 dium.
633 4339 721 4409 item
748 4359 885 4434 oaazycp
912 4337 1052 4410 solvunt
1079 4359 1143 4429 per
1170 4344 1319 4430 quatuor
1346 4361 1445 4411 coros
1473 4359 1623 4429 avenae,
1650 4359 1833 4410 mensurae
1860 4339 2040 4411 Matovion·
2136 4401 2137 4413 ,

504 4461 561 4530 aia.
601 4459 687 4529 Item
724 4481 842 4530 omnes
878 4461 952 4550 agri
990 4461 1223 4532 cmethouales
1263 4461 1402 4532 solvunt
1438 4461 1605 4533 decimam
1650 4437 1850 4550 canapalem
1888 4450 2039 4533 ecelesiae

504 4580 693 4669 pardchiali
721 4581 755 4651 in
784 4581 998 4672 Borowno,
1025 4588 1060 4652 et
1086 4582 1287 4672 conducunt
1308 4603 1383 4654 eam
1411 4583 1562 4673 propriis
1588 4583 1762 4670 curribus,
1789 4587 1827 4652 et
1853 4582 1952 4653 valor
1974 4582 2038 4651 eiua
2136 4571 2137 4576 ’

504 4702 709 4772 aestimatur
735 4701 778 4772 ad
806 4722 866 4772 sex
894 4723 1047 4792 marcas3
1074 4723 1208 4774 summa
1234 4711 1384 4794 quatuor
1411 4725 1485 4773 cum
1514 4703 1628 4774 media
1654 4723 1798 4772 marcae.
1835 4703 1875 4774 111
1902 4700 2037 4775 dioecesi
2136 4678 2137 4759 ζ

504 4820 709 4894 Gnezuenai.
737 4821 895 4894 0111111111
922 4843 1002 4895 cum·
1026 4824 1117 4896 villis
1146 4823 1384 4913 Mikanow,
1412 4824 1649 4914 Borowuo,
1676 4823 1963 4895 Radostkow.

468 4933 474 4944 ’
608 4943 751 5035 liunus,
779 4945 859 5015 villa
879 4945 943 5016 sub
961 4946 1125 5035 parochia
1145 4945 1310 5016 ecclesiae
1329 4947 1372 5016 de
1391 4945 1595 5017 Mikanow
1621 4947 1720 5016 iuxta
1741 4945 1882 5016 tluvium
1906 4943 2035 5016 Trzeb

503 5088 579 5138 cna
613 5067 698 5154 sita,
736 5067 832 5166 cuius
860 5068 1057 5156 proprietas
1089 5074 1127 5138 et
1153 5067 1342 5138 dominium
1369 5068 1412 5138 ad
1440 5067 1643 5141 coenobium
1679 5067 1982 5138 sanctimonialium
2005 5064 2034 5132 in

448 5235 456 5244 -
502 5188 728 5260 cracovia
755 5190 916 5278 pertinet.
944 5188 984 5258 111
1012 5209 1080 5278 qua
1107 5195 1192 5258 sunt
1214 5193 1287 5257 tres
1315 5188 1405 5258 lanei
1433 5187 1686 5275 cmethonales,
1713 5194 1749 5258 et
1775 5189 1921 5278 quilibet
1945 5185 2034 5256 solrit

501 5330 566 5400 pro
593 5329 697 5381 censu
732 5315 805 5380 tres
840 5308 1011 5397 sentence,
1048 5309 1130 5380 item
1158 5306 1281 5398 viginti
1317 5330 1401 5398 ova,
1438 5309 1518 5378 item
1546 5309 1658 5398 gallos
1685 5309 1792 5396 duos;
1827 5329 1943 5380 casem
1975 5323 2031 5376 nou
2136 5344 2137 5357 1

502 5431 657 5520 solvunt,
685 5432 768 5501 item
795 5431 964 5501 tabernae
992 5451 1059 5500 non
1088 5435 1187 5513 suut,
1214 5449 1326 5520 neque
1354 5431 1590 5502 hortulaniae.‘
1624 5429 1712 5500 Item
1740 5429 1907 5502 scultetus
1932 5433 1981 5500 est
2001 5426 2055 5494 iu‘
2136 5516 2137 5529 ἵ

501 5551 620 5623 eadem
649 5551 748 5641 villa,
785 5553 844 5642 qui
871 5552 977 5624 habet
1004 5552 1164 5642 proprios
1190 5571 1311 5641 agros,
1337 5559 1489 5642 quatuor
1514 5551 1646 5622 laneos
1659 5551 1807 5639 liberos,
1833 5553 1919 5622 item
1942 5549 2030 5620 babet
2065 5585 2070 5593 ·
2134 5542 2137 5560 ⁴

499 5672 732 5744 molendinum
750 5673 786 5743 in
804 5672 943 5744 flumine
970 5671 1217 5765 Trzebczyu,
1246 5673 1338 5764 quod
1357 5673 1463 5745 solvit
1490 5673 1557 5744 albi
1583 5675 1760 5744 1111111111
1785 5671 1873 5788 item
1899 5691 1964 5744 noo
1986 5671 2030 5738 eat
2136 5708 2137 5715 1
