4492 6592
1705 746 1779 817 333

304 947 311 1000 Γ
328 938 537 1029 Mnsznow,
565 940 649 1012 villa
675 941 739 1014 sub
767 943 933 1033 parocbia
959 942 1002 1014 de
1030 931 1373 1036 Gyuanowicze
1399 947 1475 1037 sita,
1502 950 1538 1018 et
1564 968 1628 1038 per
1653 948 1780 1022 Bole·
1828 927 1837 946 ⁹

208 1057 323 1130 slau
336 1081 373 1130 m
401 1059 626 1160 Pudicam,
649 1061 770 1134 ducem
797 1064 1010 1138 monasterio
1035 1063 1153 1137 Sancti
1181 1065 1343 1138 Andreae
1370 1066 1516 1157 donata,
1552 1068 1596 1140 ad
1623 1069 1779 1143 eiusdem

208 1181 430 1252 monasterii
457 1183 708 1272 proprietatem
735 1185 923 1274 pertinens,
950 1185 990 1255 ln
1009 1205 1077 1276 qua
1095 1207 1164 1257 non
1182 1191 1265 1257 sunt
1282 1185 1373 1257 lanei
1391 1187 1640 1277 cmethonales,
1665 1209 1777 1280 neque

208 1300 426 1392 praedium,
462 1303 523 1373 sed
550 1299 788 1376 tantummodo
812 1295 972 1395 ⁴quatuor
1009 1306 1229 1378 hortulaniae
1255 1306 1424 1378 habentes
1450 1328 1576 1398 agros,
1611 1314 1649 1380 et
1674 1310 1779 1381 solvit

209 1420 428 1492 hortulania
455 1444 559 1494 unum
587 1423 766 1513 fertonem,
793 1431 830 1496 et
856 1447 961 1496 unum
989 1426 1080 1498 diem
1108 1427 1144 1496 in
1172 1426 1366 1517 septimana
1391 1426 1536 1498 laborat
1562 1427 1651 1500 Item
1677 1448 1778 1519 prae-

209 1541 315 1612 dium
347 1534 568 1635 coenobiale,
604 1545 647 1616 dc
674 1547 771 1616 cuius
798 1547 893 1636 agris
925 1549 1172 1643 monasterium
1199 1567 1263 1638 pro
1290 1567 1327 1618 se
1353 1546 1448 1618 tollit
1474 1546 1650 1620 decimam.
1690 1549 1778 1622 Item

210 1661 375 1753 taberna
401 1685 471 1736 nna
497 1665 629 1738 habens
665 1687 786 1756 agros,
823 1673 859 1738 et
878 1667 989 1740 solvit
1016 1689 1079 1759 pro
1107 1689 1213 1740 censu
1249 1668 1336 1740 duas
1367 1688 1509 1740 marcas.
1548 1667 1637 1742 Item
1671 1660 1811 1742 nurumx

210 1783 461 1856 molendinum
489 1786 524 1856 in
552 1785 691 1858 flumine
717 1787 953 1878 Mninoga,
981 1794 1017 1860 et
1044 1788 1149 1860 solvit
1175 1810 1239 1880 pro
1267 1809 1373 1860 censu
1398 1794 1472 1860 tres
1499 1809 1643 1880 marcas,
1669 1811 1777 1881 quan-

210 1903 335 1994 doque
366 1910 525 1996 quatuor.
552 1906 639 1980 item
658 1907 701 1979 de
720 1909 882 1980 omnibus
909 1905 1198 1999 hortulaniarum,
1211 1910 1378 1981 tabernae
1405 1915 1442 1980 et
1460 1909 1646 1980 molendini
1673 1910 1777 2000 agris,

211 2023 375 2096 solvitur
403 2033 439 2097 et
465 2027 670 2100 conducitur
696 2028 829 2101 decima
864 2029 1087 2120 manipularis
1113 2051 1179 2121 pro
1205 2030 1405 2120 praebenda
1435 2027 1657 2102 cracoviensi
1681 2029 1777 2100 Mar·
1833 2024 1839 2035 ’
1982 2065 1985 2070 -
2057 2093 2061 2100 .

177 2209 180 2212 ,
212 2145 417 2236 choczslra,
453 2153 490 2220 et
526 2149 625 2222 valor
660 2150 735 2222 eius
771 2151 975 2222 aestimatur
1010 2151 1055 2222 ad
1090 2151 1192 2241 duas,
1228 2149 1414 2240 aliquando
1445 2150 1490 2221 ad
1525 2155 1599 2222 tres
1635 2170 1777 2222 marcas.

213 2263 388 2338 Ghniiuat
414 2288 489 2340 cum
518 2265 842 2360 Gywanowicze,
869 2249 1077 2362 Damyczc.

328 2386 487 2460 Suntne
507 2443 529 2464 .,
534 2439 701 2466 .......
1767 2485 1771 2491 .

317 2509 634 2601 =Luszczowrczn,
661 2513 725 2584 sub
752 2513 918 2604 parochia
944 2513 987 2584 de
1014 2511 1354 2602 Wyaczslawicze
1381 2513 1459 2584 sita
1497 2512 1538 2584 In
1565 2533 1634 2603 qna
1659 2533 1777 2584 mona·

215 2630 367 2700 sterium
397 2629 514 2712 Sancti
543 2631 706 2718 Andreae
741 2634 847 2704 babet
882 2654 987 2705 unum
1023 2633 1161 2706 laneum
1187 2653 1264 2704 cnm
1291 2633 1423 2722 medio,
1457 2638 1495 2704 et
1520 2633 1641 2705 laneus
1672 2633 1777 2704 soluit
1914 2649 1921 2652 ·
2016 2720 2020 2728 1

216 2769 347 2822 novem
378 2757 517 2836 scottos.
549 2753 637 2826 Item
665 2755 740 2842 agri
767 2752 915 2844 praelati
943 2754 1108 2826 decimam
1136 2754 1386 2844 manipularem
1413 2754 1555 2826 solvunt
1572 2807 1687 2824 .....

312 2872 531 2964 Mnrnocn,
559 2875 642 2946 villa
668 2875 800 2946 hahens
828 2876 862 2946 in
881 2895 919 2946 se
938 2875 1169 2965 parochialem
1197 2874 1377 2946 ecclesiam
1403 2875 1562 2964 ligneam,
1589 2873 1776 2946 Nativitati
1836 2917 1842 2924 -

217 2991 374 3066 Sanctae
402 2994 537 3066 Mariae
564 2995 721 3086 Virginis
749 2995 907 3086 dicatam,
933 2997 1031 3068 cuius
1058 2987 1249 3068 haeredes:
1275 2995 1461 3067 Marcus
1487 3001 1524 3066 et
1550 2995 1776 3066 Nicolaus

217 3117 382 3202 germani
409 3115 580 3190 dedomo
608 3116 783 3189 Nowina.
822 3117 861 3188 In
889 3138 957 3207 qua
984 3119 1231 3188 monasterium
1267 3115 1385 3188 Sancti
1412 3116 1574 3187 Andreae
1600 3136 1654 3194 ex,
1669 3115 1776 3186 dona-

220 3235 318 3306 tione
355 3236 542 3308 Boleslai
579 3237 722 3308 Pndici
759 3238 878 3326 ducis,
910 3239 1034 3310 habuit
1068 3259 1172 3310 unam
1208 3243 1358 3327 sortem3
1392 3237 1454 3310 sed
1490 3237 1640 3310 alienata
1674 3240 1778 3308 ‘esta
1815 3333 1820 3340 .

219 3355 466 3448 monasterio,
493 3359 547 3431 vel
575 3379 802 3449 percensum
830 3360 1034 3449 emptiouiS,
1072 3359 1127 3431 vel
1154 3359 1452 3449 commutationis,
1483 3359 1538 3430 nel
1565 3358 1635 3430 alia
1661 3357 1778 3448 aliqua
1866 3410 1871 3416 .

221 3495 337 3550 causa
366 3479 452 3550 Nec·
466 3481 713 3552 monasterium
735 3533 882 3550 ......
1435 3541 1438 3545 .
1656 3559 1660 3569 ,

327 3599 533 3692 Knunrow,
562 3601 645 3672 villa
672 3602 736 3673 sub
763 3603 928 3704 parochia
954 3601 998 3672 de
1025 3601 1326 3673 Raczslawicze
1351 3601 1430 3688 sita,
1457 3600 1554 3670 cuius
1581 3599 1777 3689 proprietas

222 3719 266 3788 ad
294 3723 545 3794 monasterinm
582 3722 895 3794 sanctimonialium
923 3721 1040 3792 Sancti
1056 3721 1231 3792 ,andreae
1259 3721 1420 3809 pertinet.
1457 3719 1496 3790 In
1523 3739 1593 3809 qua
1618 3724 1700 3790 sunt
1725 3721 1777 3790 vi-

223 3839 310 3927 glnn
339 3843 491 3933 quinque
518 3844 609 3914 lanei
637 3842 880 3932 cmethonales,
907 3847 944 3912 et
961 3842 1100 3914 solvunt
1123 3861 1189 3931 pro
1204 3861 1309 3911 censu
1329 3894 1336 3909 .
1355 3893 1363 3908 .
1382 3894 1390 3908 .
1409 3894 1417 3908 .
1436 3894 1444 3909 .
1463 3862 1491 3926 .;
1517 3841 1601 3910 item
1628 3843 1776 3930 quatuor

223 3960 445 4035 hortulaniae
472 3966 641 4036 habentes
668 3985 781 4055 agros.
809 3964 894 4034 ltern
922 3962 966 4033 de
992 3963 1152 4034 omnibus
1178 3962 1273 4051 agris
1299 3959 1583 4050 cmethonalibus,
1609 3961 1777 4031 tabernae

225 4087 260 4152 et
286 4084 552 4156 hortulanorum
581 4087 729 4157 solvitur
748 4091 784 4157 et
802 4083 1006 4157 conducitur
1033 4083 1167 4186 decima
1194 4081 1420 4172 manipularis
1446 4087 1483 4152 et
1509 4080 1685 4170 canapalis
1712 4100 1776 4170 pro

226 4207 425 4292 praebenda
461 4206 681 4282 Gracoviensi
717 4207 986 4294 Marcboczska,
1022 4210 1057 4276 et
1091 4204 1190 4277 valor
1224 4205 1299 4276 eius
1333 4203 1379 4278 ad
1406 4202 1530 4292 viginti
1566 4201 1793 4292 etamplius

226 4347 369 4399 marcas.
406 4329 492 4400 Item
520 4330 698 4419 praedium
734 4327 933 4399 coenobiale
960 4331 1015 4396 est
1042 4326 1078 4396 in
1105 4326 1226 4398 cadem
1253 4325 1355 4413 villa,
1391 4324 1434 4394 de
1460 4324 1558 4395 cuius
1586 4324 1680 4412 agris
1706 4344 1777 4394 non
1922 4406 1927 4414 ι

226 4447 380 4534 εοΙνίῐιιι
400 4450 503 4522 alicui
530 4451 665 4522 decima
691 4450 926 4539 manipularis,
954 4448 1109 4518 sedeam
1137 4446 1340 4518 coenobium
1367 4445 1460 4516 tollit
1486 4450 1523 4516 et
1549 4445 1585 4514 in
1611 4444 1773 4514 horreum

228 4567 368 4641 inducit.
387 4571 568 4661 'Alienata
596 4576 691 4642 tenet
710 4591 785 4642 eam
814 4591 904 4642 nunc
931 4568 1176 4640 monasterium
1204 4565 1516 4638 sanctimonialium
1542 4564 1585 4635 de
1607 4563 1778 4654 Szwye-

227 4691 451 4782 rainyecz.
618 4763 622 4766 .

329 4812 544 4903 Mrnnuow,
572 4813 654 4886 villa
672 4813 803 4884 habens
833 4811 869 4882 in
884 4809 934 4880 ¹se
961 4811 1142 4883 ecclesiam
1170 4810 1401 4900 parochialem
1429 4810 1588 4900 ligneam,
1615 4806 1776 4878 Omnium

130 4983 133 4992 .
182 4965 188 4970 ·
230 4930 431 5012 Sanctorum
459 4936 582 5006 honori
610 4939 646 5005 ct
672 4933 774 5006 titulo
801 4933 967 5022 dicatam,
1000 4933 1097 5004 cuius
1124 4933 1322 5023 proprietas
1350 4937 1386 5002 et
1411 4930 1599 5001 dominium
1626 4929 1669 4998 ad
1698 4947 1774 4997 coc-

231 5055 365 5156 nobium
393 5056 704 5126 sanctimonialium
733 5054 851 5134 Sancti
879 5053 1041 5124 Andreae
1069 5054 1231 5143 pertinet.
1260 5053 1298 5122 ln
1325 5073 1393 5142 qna
1419 5057 1500 5122 snut
1527 5050 1672 5138 triginta.
1699 5064 1776 5118 cum

232 5177 456 5248 mediolanei
492 5177 744 5266 cmethonales,
781 5183 817 5246 et
845 5175 990 5266 quilibet
1017 5175 1121 5246 solvit
1147 5194 1212 5263 pro
1238 5194 1343 5244 censu
1371 5191 1433 5262 per
1460 5170 1608 5242 sedecim
1635 5174 1776 5258 scottos,

232 5305 367 5382 praeter
407 5299 557 5388 quinque
593 5299 730 5388 laneos,
763 5317 919 5387 ,quornm
966 5295 1111 5384 quilibet
1147 5295 1251 5366 solvit
1288 5299 1359 5364 tres
1395 5292 1566 5379 fertones,
1601 5291 1683 5360 item
1720 5289 1772 5360 vi·

232 5417 314 5503 giuti
334 5431 408 5508 ova,
438 5421 519 5490 item
539 5420 626 5490 duos
644 5419 766 5508 galloS,
794 5419 875 5488 item
896 5422 968 5486 tres
987 5417 1060 5486 dies
1079 5416 1113 5484 in
1134 5435 1225 5484 anno
1243 5414 1413 5500 laborant,
1440 5431 1542 5481 unam
1561 5408 1774 5516 falcastrant,

234 5537 328 5611 aliam
355 5545 507 5630 metunt,
534 5541 673 5612 tertiam
700 5539 906 5630 conducunt,
922 5539 957 5608 in
985 5537 1158 5606 horreum.
1194 5534 1280 5604 Item
1307 5534 1473 5604 tabernae
1501 5532 1670 5621 quinque,
1697 5535 1771 5601 tres

235 5661 365 5734 solrnnt
392 5681 585 5751 perunum
611 5681 775 5752 marcam,
816 5665 940 5750 quarta
966 5663 1040 5729 tres
1066 5656 1237 5744 fertones,
1274 5655 1395 5744 quinta
1429 5651 1576 5724 mediam
1612 5671 1775 5724 marcam.
