4492 6592
1681 795 1754 865 449

195 1013 297 1082 usus,
335 992 424 1065 duos
450 992 590 1064 fratres
613 993 741 1065 ibidem
769 994 928 1085 reliquit,
964 1015 1006 1066 ex
1035 1016 1180 1087 quorum
1207 998 1361 1087 germine
1398 996 1559 1095 ¹Almania
1588 996 1756 1073 fratribus

194 1112 478 1205 praedicatorum
515 1114 557 1185 de
584 1135 647 1205 per
674 1115 833 1187 accidens
861 1117 1027 1207 populata
1054 1124 1126 1206 est,
1163 1122 1198 1189 et
1234 1117 1420 1207 primatum
1457 1140 1542 1211 erga
1577 1119 1753 1193 Poloniam

194 1254 319 1325 gerere
349 1234 482 1324 coepit,
518 1240 623 1307 etex
655 1257 696 1307 eo
722 1258 791 1307 uno
818 1242 978 1327 respectu
1005 1244 1041 1309 et
1068 1259 1170 1328 casu,
1207 1238 1429 1329 provincialis
1467 1238 1647 1311 Almaniae
1675 1262 1755 1331 pro·
1833 1250 1838 1259 “

195 1354 336 1427 vinciali
365 1354 540 1454 Poloniae
559 1358 737 1447 praelatus
764 1364 828 1446 est,
855 1358 944 1429 etin
962 1358 1075 1432 locum
1102 1360 1290 1431 secundum
1318 1360 1482 1432 deiectus.
1523 1360 1612 1433 Yvo
1639 1367 1754 1434 autern

195 1476 443 1549 cracoviensis
469 1478 668 1571 episcopus,
705 1480 739 1549 in
773 1500 916 1570 regnum
944 1476 1110 1553 Poloniae
1144 1487 1180 1552 et
1206 1481 1241 1552 in
1269 1482 1453 1553 dioecesim
1490 1482 1754 1555 cracoviensem

194 1599 395 1688 deveniens,
422 1601 458 1670 et
474 1600 603 1671 fratres
629 1600 1050 1691 praedicatorumsecum
1077 1598 1246 1675 adductos
1273 1604 1308 1674 in
1328 1625 1452 1695 magno
1480 1603 1574 1675 cultu
1602 1610 1637 1676 et
1656 1627 1754 1677 reve-

194 1720 311 1791 rentia
338 1720 486 1809 babens,
512 1721 698 1825 'aliquanto
725 1729 881 1813 tempore
915 1724 950 1794 in
978 1724 1075 1794 curia
1102 1746 1165 1795 sna
1182 1724 1379 1815 ,episcopali
1406 1725 1501 1816 ipsos
1537 1726 1572 1796 in
1600 1726 1757 1799 aedicula

193 1841 325 1913 adhoc
353 1843 552 1932 specialiter
578 1842 776 1933 aedificata,
803 1846 989 1935 continuit,
1017 1844 1144 1916 afesto
1164 1845 1325 1917 videlicet
1351 1845 1511 1917 Omnium
1539 1846 1754 1937 Sanctorum,

194 1985 304 2053 nsque
333 1964 380 2034 ad
399 1962 524 2035 festum
552 1965 836 2037 Annuntiationis
863 1965 1011 2037 Sanctae
1039 1966 1194 2055 Mariae3
1222 1967 1257 2039 in
1278 1966 1333 2038 die
1354 1952 1440 2038 vero
1468 1966 1754 2077 Annuntiationis

194 2084 344 2156 Sanctae
364 2084 501 2161 Mariae
519 2107 613 2158 anno.
628 2086 769 2157 Domini
789 2088 886 2159 1223
905 2108 1011 2177 penes
1030 2086 1209 2159 ecelesiam
1229 2087 1378 2178 ligneam
1398 2086 1544 2159 Sanctae
1563 2086 1756 2178 Trinitatis,

193 2227 281 2295 quae
309 2212 391 2309 erat
404 2207 518 2279 'totius
545 2208 642 2279 urbis
669 2207 909 2279 Oracoviensis
927 2209 1103 2299 parochia,
1131 2206 1346 2281 transferens
1365 2209 1564 2300 parochiam
1593 2210 1628 2279 in
1648 2210 1753 2280 alium

193 2328 305 2399 locum
334 2328 485 2400 Sanctae
511 2327 665 2418 Mariae,
692 2329 770 2400 illos
797 2330 989 2419 collocavit,
1016 2335 1052 2401 et
1070 2330 1138 2401 illis
1166 2330 1277 2403 locum
1305 2330 1563 2421 amplissimum,
1590 2336 1661 2401 tam
1689 2352 1752 2421 pro

193 2444 362 2538 parochia
399 2471 501 2539 quam
529 2471 592 2541 pro
620 2448 786 2521 coenobio
813 2457 850 2520 et
878 2450 1023 2522 officinis
1050 2452 1126 2521 eius
1154 2443 1315 2541 contulit,
1343 2450 1608 2542 aedificavitque
1637 2473 1753 2522 mona·
1788 2465 1790 2469 ’

194 2572 351 2642 sterium.
392 2570 598 2661 Primusque
625 2572 692 2642 loci
710 2572 804 2643 illius
830 2572 928 2663 prior
944 2572 1011 2644 fnit
1036 2572 1299 2664 Hyacintus
1326 2573 1411 2645 alias
1438 2572 1461 2645 J
1473 2573 1623 2661 aczko,
1650 2593 1753 2642 eano-

194 2691 292 2763 nicus
329 2690 572 2764 Gracoviensis
605 2692 799 2783 praefatus,
832 2694 893 2783 qui
928 2700 965 2765 et
999 2694 1074 2784 ipse
1102 2694 1145 2764 de
1165 2694 1272 2766 nobili
1302 2696 1410 2785 stirpe
1437 2693 1596 2765 familiae
1615 2691 1752 2763 Odro-

193 2813 378 2883 vansch
415 2818 530 2903 ortus,
567 2812 722 2885 ordinem
758 2819 796 2884 et
821 2814 977 2885 habitum
1014 2814 1161 2886 fratrum
1197 2814 1476 2905 praedicatorum
1513 2812 1556 2882 de
1593 2813 1752 2883 manibus

190 2933 293 3004 ’Beati
322 2934 557 3006 Dominici
584 2936 761 3025 corporeis
778 2934 943 3007 Romae
962 2942 1171 3025 susceperat
1199 2943 1235 3005 et
1253 2936 1288 3005 in
1308 2932 1429 3004 ordine
1449 2932 1626 3023 praedicto
1645 2933 1750 3003 vitam

193 3056 421 3127 monasticam
457 3062 494 3127 et
520 3056 718 3147 religiosam
745 3056 888 3146 ducens,
923 3057 1103 3147 stupendis
1131 3054 1324 3142 miraculis,
1361 3061 1432 3125 tam
1460 3054 1495 3125 in
1523 3054 1614 3143 vita,
1649 3076 1750 3145 quarn

194 3174 227 3244 in
246 3229 254 3244 .
273 3231 281 3244 .
301 3230 308 3245 .
329 3232 336 3245 .
356 3177 511 3249 moribus
530 3178 664 3249 claruit.
705 3177 807 3249 Anno
826 3182 940 3247 antem
958 3176 1099 3246 Domini
1132 3177 1228 3247 1224
1248 3174 1425 3265 praefatus
1454 3174 1546 3246 Yvo
1570 3176 1751 3266 episcopus

195 3295 451 3387 Cracoviensis,
478 3298 655 3370 ecclesiam
674 3298 822 3369 Sanctae
846 3296 1048 3386 Trinitatis,
1075 3297 1110 3367 in
1130 3295 1186 3368 die
1206 3297 1323 3368 Sancti
1342 3294 1506 3387 Gregorii
1532 3316 1660 3387 papae,
1687 3298 1750 3369 sub

194 3420 394 3507 praesentia
430 3418 652 3511 Gregorii
696 3420 739 3489 de
775 3417 1060 3490 Crescenoia
1095 3418 1302 3507 cardinalis,
1338 3406 1550 3509 apostolicae
1588 3418 1680 3489 sedis
1716 3418 1751 3489 in
1793 3480 1798 3487 .

194 3558 299 3628 regno
318 3538 488 3613 Poloniae
506 3541 624 3630 legati,
644 3543 841 3628 consecrat,
869 3539 928 3609 ubi
946 3538 969 3609 J
977 3540 1148 3609 acobus
1168 3538 1324 3610 notarius
1349 3538 1535 3610 cardinalis
1554 3544 1590 3610 et
1609 3540 1750 3611 natione

194 3680 376 3751 romanus,
394 3662 551 3733 habitum
569 3659 847 3751 praedicatorum
867 3660 909 3729 de
929 3660 1088 3731 manibus
1105 3659 1129 3731 J
1135 3660 1331 3732 aczlronis
1354 3660 1489 3750 accepit
1508 3660 1601 3731 omni
1619 3660 1751 3730 familia

194 3782 380 3872 cardinalis
394 3782 631 3853 illacrimante.
658 3781 729 3852 Sub
744 3780 841 3851 brevi
855 3784 971 3850 antem
986 3785 1181 3870 temporum
1195 3785 1231 3851 et
1246 3802 1414 3851 annorum
1429 3779 1630 3868 intervallo,
1649 3802 1749 3850 omne

194 3921 337 3991 regnum
356 3902 557 3973 Polonicum
575 3900 660 3973 locis
679 3907 716 3972 et
734 3902 892 3972 domibus
909 3901 1055 3971 fratrum
1083 3901 1362 3991 praedicatorum
1382 3902 1470 3971 mira
1488 3900 1668 3971 celeritate
1687 3900 1751 3970 im-

194 4022 323 4110 pletum
350 4029 419 4112 est,
455 4023 652 4113 incipiendo
679 4024 722 4093 ab
750 4016 927 4112 Alpibus
954 4023 1138 4112 polonicis,
1173 4024 1231 4113 qui
1258 4020 1473 4112 Hungariam
1502 4026 1537 4091 et
1572 4019 1749 4092 Poloniam

194 4141 450 4234 disterminant,
468 4165 579 4235 usque
597 4143 642 4215 ad
660 4164 755 4215 mare
774 4163 955 4232 oceanum,
977 4149 1014 4214 et
1032 4164 1151 4214 omnes
1170 4148 1299 4231 terras,
1327 4163 1513 4233 omnesque
1532 4142 1641 4231 sinus,
1661 4163 1749 4233 quae

194 4266 304 4353 etqui
322 4266 384 4337 illo
411 4249 508 4337 mari
526 4258 796 4354 conterminant3
820 4265 1051 4356 celeriterque
1078 4271 1159 4356 post
1177 4266 1231 4336 sui
1257 4264 1509 4353 fundationem,
1537 4262 1645 4334 frater
1673 4260 1748 4334 Ge·

195 4386 362 4458 rardns
389 4388 528 4459 natione
547 4387 693 4477 polonus
712 4387 747 4457 in
766 4386 1076 4477 provincionalem,
1099 4407 1163 4477 per
1181 4386 1383 4477 magistrum
1402 4384 1597 4476 generalem
1617 4384 1749 4455 ordinis

194 4506 479 4609 praedicatorum*
498 4508 522 4581 J
530 4508 759 4598 ordanum,
787 4513 964 4580 crescente
991 4508 1159 4599 religione
1188 4506 1366 4599 praedicta
1392 4506 1428 4579 in
1448 4526 1554 4597 regno
1572 4504 1749 4595 Poloniae,

196 4644 282 4698 anno
309 4629 451 4701 Domini
482 4630 580 4701 1225
608 4628 805 4720 praefactus
838 4635 902 4700 est.
952 4629 1005 4700 De
1033 4650 1100 4720 quo
1134 4634 1170 4700 et
1196 4628 1355 4700 omnibus
1389 4628 1460 4699 suis
1493 4626 1750 4732 successoribus

109 4847 110 4850 Ἴ
196 4748 464 4851 provincialibus
491 4750 675 4839 Poloniae,
710 4750 890 4841 usquead
918 4750 1119 4822 modernum
1142 4750 1312 4851 fratrem,
1339 4748 1502 4821 videlicet
1528 4746 1550 4819 J
1561 4746 1749 4819 acobum

196 4864 237 4936 de
263 4868 517 4962 Bidgostia
544 4891 664 4942 sacrae
691 4870 902 4962 Theologiae
928 4873 1149 4962 magistrum,
1177 4870 1289 4943 virum
1317 4876 1352 4940 et
1379 4868 1538 4944 doctrina
1564 4872 1600 4938 et
1626 4868 1749 4937 nobili-

196 4992 267 5058 tate
293 4992 531 5082 conspicuum,
560 4992 828 5082 descriptionem
847 4997 1001 5064 nostram
1021 4993 1317 5080 continuabimus;
1344 4970 1426 5062 reor
1444 4989 1549 5078 enim,
1577 5010 1636 5059 eos
1656 4989 1749 5060 omni

198 5114 360 5185 memoria
392 5114 534 5204 dignos,
568 5120 604 5185 et
639 5114 683 5185 ab
714 5114 891 5212 universis
927 5114 1078 5205 polonici
1114 5114 1291 5205 sanguinis
1327 5112 1408 5184 filiis
1445 5110 1613 5201 singulari
1648 5109 1749 5181 laude

198 5234 428 5325 venerandos,
457 5256 602 5326 quorum
621 5234 803 5326 vigilantia
830 5236 944 5327 studio
971 5242 1008 5307 et
1026 5256 1145 5327 opera,
1174 5236 1273 5325 regni·
1300 5234 1464 5306 Poloniae
1491 5239 1631 5322 corpure,
1658 5229 1749 5321 quod

197 5352 257 5423 sub
283 5357 401 5448 primo
429 5377 513 5447 rege
540 5340 706 5428 Poloniae
733 5356 955 5454 Boleslao
982 5357 1155 5428 (lhabri
1184 5356 1376 5428 stabilitum
1405 5359 1440 5425 et
1467 5352 1656 5424 adunatum
1684 5350 1750 5422 fuit

200 5480 359 5559 quantum
387 5478 431 5549 ad
450 5477 583 5549 ordinis
610 5498 728 5549 eorum
749 5484 878 5549 statum
906 5483 942 5549 et
959 5478 1213 5567 caeremoniaS,
1242 5476 1399 5567 quamvis
1426 5474 1462 5546 id
1481 5474 1618 5564 saepius
1636 5476 1750 5543 tenta-

199 5590 316 5687 batur,
343 5598 471 5670 nullius
498 5598 726 5689 malignitate,
754 5600 948 5688 caliditate,
977 5600 1031 5671 vel
1049 5598 1191 5670 vafricie
1209 5603 1348 5689 poterat
1374 5596 1536 5683 lacerari,
1563 5595 1749 5665 observan-

200 5712 287 5788 tibus
299 5725 341 5811 et
358 5742 483 5823 magno
502 5719 618 5793 studio
644 5740 685 5791 ac
703 5721 823 5811 vigilia
849 5721 1125 5793 custodientibus
1144 5720 1413 5813 provincialibus
1433 5716 1598 5789 Poloniae
1617 5714 1749 5787 ordinis

299 5887 504 5928 musmonem.
1544 5868 1580 5913 57
