4492 6592
1739 734 1788 807 45

233 935 358 1008 haeres
377 935 538 1010 Barbara
556 955 699 1010 consors
716 935 840 1010 Jacobi
867 939 1167 1031 Swydniczar
1194 941 1346 1014 consulis
1373 940 1622 1014 cracoviensis.
1661 942 1703 1015 In
1722 965 1791 1034 qua
1871 925 1875 929 ’

234 1063 317 1128 sunt
344 1063 423 1129 octo
454 1059 548 1130 lanei
575 1059 827 1150 emethanoles,
864 1060 907 1132 de
935 1062 1059 1151 quibus
1086 1063 1245 1134 omuibus
1282 1063 1429 1134 solvitur
1463 1063 1597 1134 declina
1633 1066 1791 1156 manipu-

232 1177 317 1248 laris
345 1185 382 1248 st
414 1179 591 1270 canapalis
630 1181 838 1252 monasterio
866 1182 1048 1272 hospitalis
1081 1181 1229 1254 Sanctae
1260 1181 1382 1256 Crucis
1408 1185 1445 1254 iu
1476 1183 1728 1276 Cracovia,
1756 1193 1791 1257 et

233 1297 405 1372 inducunt
440 1322 515 1372 eam
553 1303 752 1374 cmetbones
783 1304 934 1394 propriis
970 1304 1130 1376 curribus
1167 1305 1202 1374 in
1238 1306 1402 1376 horreum
1438 1291 1689 1396 a'praeposito
1716 1329 1790 1408 mo·

234 1423 381 1492 nasterii
417 1423 601 1512 hospitalis
636 1423 784 1495 Sanctae
820 1423 940 1496 Crucis
972 1425 1176 1515 locandum,
1209 1433 1245 1496 et
1270 1427 1368 1497 valor
1403 1427 1478 1498 eius
1514 1429 1718 1500 aestImatur
1743 1429 1788 1500 ad

231 1548 312 1612 octo
340 1565 485 1616 marcas.
525 1545 613 1616 Item
639 1545 785 1618 taberna
813 1567 880 1618 non
904 1553 967 1618 est.
1005 1547 1092 1616 Item
1119 1547 1339 1618 hortulaniae
1365 1547 1454 1618 duae
1480 1549 1651 1622 babentes
1677 1571 1790 1640 agros,

234 1664 431 1755 dequibus
467 1687 531 1756 pro
558 1667 722 1758 hospitali
758 1667 958 1761 decimatur.
998 1669 1086 1740 Item
1122 1669 1303 1757 praedium
1337 1670 1476 1740 unicum
1512 1677 1566 1740 est
1600 1673 1637 1742 in
1668 1673 1787 1744 eodem

235 1785 331 1876 villa,
358 1787 491 1858 habeus
517 1807 620 1878 agros
647 1789 806 1878 optimos,
833 1789 1019 1879 dequibus
1047 1790 1195 1860 solvitur
1221 1789 1354 1860 decima
1379 1791 1606 1882 manipularis
1631 1775 1788 1884 praefato

234 1909 447 1980 monasterio
474 1911 658 2000 hospitalis
684 1909 832 1982 Sanctae
859 1909 990 1982 Crucis.
1030 1911 1119 1982 Item
1146 1892 1379 1982 molendinum
1406 1933 1474 1982 non
1501 1898 1564 1984 est}

341 2028 715 2122 Crannocnowrczn,
743 2029 826 2104 villa
861 2034 925 2104 sub
961 2034 1129 2123 parocbia
1154 2033 1320 2104 ecclesiae
1346 2031 1389 2104 de
1417 2033 1686 2124 Wycliczlra
1712 2037 1790 2125 sita,
1845 2075 1850 2080 ·
1890 2064 1894 2073 ·

235 2151 334 2224 cuius
361 2147 486 2223 haeres
513 2152 707 2226 Stanislaus
735 2152 1104 2226 Ozarnoononsk
1114 2177 1138 2245 y
1163 2155 1291 2225 nobilis
1318 2154 1361 2226 de
1379 2154 1486 2226 armis
1511 2154 1725 2228 Junosza.
1751 2158 1791 2228 Iu

234 2295 304 2362 qua
328 2277 423 2344 'sunt
459 2275 610 2366 quinque
644 2275 737 2346 lanei
772 2275 1020 2366 emethonales,
1048 2275 1091 2346 de
1126 2276 1253 2365 quibus
1288 2276 1447 2348 omnibus
1483 2277 1632 2350 solvitur
1657 2279 1813 2350 decima
1860 2328 1864 2333 -

234 2395 463 2484 manipularis
489 2397 699 2470 monasterio
726 2397 909 2494 hospitalis
937 2396 1084 2468 Sanctae
1111 2395 1233 2468 Crucis
1260 2399 1296 2468 in
1314 2396 1544 2469 Cracovia
1565 2405 1607 2496 et
1623 2407 1788 2472 tenentur

233 2535 311 2586 eam
339 2518 540 2590 cmetbones
567 2518 738 2616 inducere
766 2519 802 2590 in
829 2517 1010 2608 horreum,
1037 2538 1058 2588 a
1084 2520 1252 2608 magistro
1271 2518 1354 2590 sive
1380 2521 1579 2610 praeposito
1605 2521 1790 2611 hospitalis

234 2635 383 2710 Sanctae
408 2638 529 2711 Crucis
556 2639 746 2730 locandum,
774 2647 811 2710 et
838 2640 936 2712 valor
963 2641 1037 2710 eius
1064 2640 1269 2712 aestimatur
1296 2640 1341 2710 od
1368 2640 1454 2712 duas
1472 2661 1615 2730 marcas,
1633 2642 1791 2732 aliquan-
1874 2659 1905 2722 ,·

234 2760 278 2832 do
307 2759 352 2830 ad
380 2767 540 2852 quatuor,
568 2767 628 2834 aut
655 2763 806 2853 quinque
833 2761 1092 2832 marcassltem
1120 2762 1269 2832 taberna
1294 2783 1363 2832 uon
1391 2767 1445 2832 est
1472 2762 1520 2833 ibi
1546 2763 1673 2854 aliqua
1700 2763 1789 2834 Item

233 2882 457 2954 hortulaniae
493 2901 561 2954 non
598 2888 688 2954 sunt.
727 2883 815 2954 Item
852 2883 1031 2972 praedium
1067 2883 1205 2952 unicum
1242 2889 1297 2952 est
1322 2883 1357 2952 in
1385 2883 1504 2954 eadem
1532 2884 1632 2974 villa,
1658 2885 1790 2956 babens

177 3089 184 3104 ἱ
234 3022 338 3092 agros
363 2983 523 3092 optimos,
550 3003 593 3074 de
620 3003 746 3093 quibus
783 3003 930 3074 solvitur
956 3003 1090 3074 decima
1115 3003 1342 3094 manipularis
1369 3005 1580 3076 monasterio
1606 3007 1789 3096 hospitalis

235 3122 384 3196 Sanctae
412 3123 542 3196 Crucis.
569 3123 760 3204 Reductum
787 3130 901 3195 tamen
930 3129 984 3194 est
1011 3124 1047 3195 iu
1074 3124 1145 3194 tria
1172 3125 1325 3214 praedia,
1344 3126 1469 3215 quibus
1487 3126 1597 3197 additi
1615 3133 1697 3197 sunt
1713 3129 1790 3219 agri

234 3245 480 3336 cmethonales,
508 3244 551 3316 de
578 3245 737 3318 omuibus
764 3245 957 3316 decimatur
983 3266 1046 3334 pro
1075 3245 1250 3334 hospitali.
1277 3245 1365 3316 Item
1378 3246 1620 3328 ¹molendinum
1639 3270 1709 3320 nou
1726 3255 1790 3320 est.

251 3463 256 3470 Ι
339 3365 624 3457 Sunnzowrczn,
652 3367 740 3438 villa
761 3367 825 3438 sub
853 3367 1019 3456 parocbia
1045 3366 1212 3438 ecclesiae
1240 3367 1283 3438 de
1303 3366 1571 3458 Wyeliczlra
1596 3369 1675 3459 sita
1693 3365 1817 3441 cuius'

235 3487 433 3577 proprietas
461 3493 497 3558 et
523 3488 710 3560 dominium
739 3488 782 3559 ad
810 3487 1004 3562 Iohannem
1032 3487 1310 3577 Wyerzinelr
1339 3489 1489 3560 nobilem
1516 3488 1560 3560 de
1583 3491 1689 3560 armis
1715 3489 1792 3562 Po-

233 3609 439 3700 lanczye.
466 3609 507 3680 ln
534 3630 603 3700 qua
629 3615 685 3680 est
711 3630 800 3686 uuus
828 3630 970 3698 campus
997 3630 1057 3680 seu
1084 3631 1196 3703 opaco,
1215 3610 1274 3700 qui
1293 3609 1375 3680 olim
1394 3610 1591 3700 pertinebat
1609 3611 1653 3682 ad
1673 3611 1790 3682 villam
1853 3596 1859 3602 ’
1941 3681 1946 3690 .

234 3731 673 3821 Czarnocbowicze‚
701 3731 743 3804 de
780 3753 847 3822 quo
883 3733 989 3804 datur
1015 3731 1242 3821 manipularis
1270 3731 1404 3802 decima
1430 3733 1643 3804 monasterio
1670 3733 1788 3823 hospi

233 3854 315 3924 talis
342 3853 491 3926 Sanctae
518 3853 639 3924 Crucis
666 3854 702 3924 in
728 3852 974 3943 Cracovio;
1002 3855 1082 3924 item
1111 3853 1155 3923 de
1182 3853 1260 3922 aliis
1287 3854 1397 3924 laneis
1424 3862 1460 3924 et
1478 3856 1572 3943 agris
1591 3854 1791 3943 praedictae

233 3975 337 4048 villae
365 3975 512 4047 solvitur
540 3975 673 4050 decima
699 3975 936 4065 manipularis
964 3981 998 4045 et
1028 3975 1125 4046 valor
1151 3976 1226 4044 eius
1245 3975 1450 4070 aestimatur
1468 3976 1513 4046 ad
1530 3975 1680 4046 mediam
1698 3996 1790 4048 mar-

160 4169 167 4186 l
234 4117 319 4168 cam.
345 4097 433 4168 Item
462 4097 590 4168 ibidem
619 4097 798 4186 praedium
826 4097 963 4169 unicum
991 4095 1160 4184 militare,
1186 4069 1231 4166 de
1258 4095 1355 4166 cuius
1383 4096 1477 4184 agris
1505 4095 1699 4166 decimatur
1726 4116 1790 4184 pro

234 4219 381 4290 ecclesia
408 4220 442 4288 in
470 4218 515 4287 W
523 4219 749 4309 yeliczka,
777 4223 813 4288 et
840 4219 937 4288 valor
962 4218 1038 4288 eius
1066 4217 1110 4286 ad
1138 4217 1289 4306 quinque
1317 4235 1461 4287 marcas.
1496 4215 1583 4312 Item
1615 4217 1792 4306 tabernae,

233 4341 318 4412 item
346 4340 578 4412 hortulaniae.
1281 4423 1286 4435 Ι

340 4461 561 4552 Sczuuuow,
589 4461 673 4532 villa
708 4462 771 4532 sub
808 4460 974 4551 parocbia
1006 4459 1174 4530 ecclesiae
1200 4459 1244 4530 de
1271 4458 1555 4549 Biskupicze
1581 4460 1668 4549 sita,
1694 4460 1799 4530 cuius

110 4571 115 4588 '
233 4584 432 4674 proprietas
468 4588 504 4654 ct
530 4583 718 4654 dominium
755 4583 800 4654 ad
826 4581 1069 4672 Wydzgam
1097 4580 1424 4672 Sczeglowslry
1452 4581 1496 4651 de
1523 4581 1628 4652 armis
1647 4635 1791 4652 ......

183 4781 185 4786 ,
235 4706 398 4796 pertinet
437 4705 478 4776 Iu
511 4726 579 4795 qua
613 4711 694 4779 sunt
731 4726 804 4804 sexx
828 4703 920 4774 lanei
956 4703 1210 4792 emethonales·,
1238 4702 1280 4773 de
1309 4685 1434 4792 quibus
1461 4701 1620 4774 omnibus
1646 4702 1793 4774 solvitur

235 4827 369 4898 dealma
395 4826 621 4916 manipularis
647 4826 858 4898 monasterio
895 4825 1078 4916 hospitalis
1106 4823 1254 4896 Sanctae
1281 4823 1404 4894 Crums
1431 4825 1467 4896 iu
1495 4823 1730 4914 Cracovia,
1756 4829 1794 4894 et

234 4947 413 5020 inducitur
439 4968 503 5038 per
529 4947 728 5018 emetbones
762 4947 913 5038 propriis
941 4947 1119 5036 curribus,
1148 4947 1184 5016 iu
1210 4947 1375 5018 borreum
1401 4967 1424 5015 a
1450 4946 1649 5035 praeposito
1676 4945 1793 5015 locan-
1937 4933 1941 4938 ’

235 5070 324 5160 dnm,
352 5076 389 5140 ct
416 5069 515 5140 valor
541 5069 615 5140 eius
643 5070 845 5142 aestimatur
873 5067 918 5138 ad
945 5074 1095 5158 quatuor
1122 5087 1266 5138 marcas.
1292 5067 1382 5139 Item
1408 5067 1555 5137 taberna
1572 5086 1642 5136 uua
1660 5066 1791 5136 habens

235 5212 347 5282 agros,
375 5190 419 5262 de
447 5190 572 5281 quibus
598 5189 790 5262 decimatur
817 5190 852 5260 in
877 5186 1085 5284 peridoneum
1111 5210 1175 5278 pro
1195 5188 1358 5278 hospitali
1377 5187 1495 5258 Sancti
1514 5185 1675 5276 Spiritus.
1701 5185 1791 5259 Item

234 5313 455 5386 hortulaniae
491 5333 560 5383 nou
597 5317 678 5382 sunt
713 5312 748 5382 in
785 5311 905 5382 eadem
942 5311 1034 5382 villa.
1077 5309 1164 5380 Item
1201 5309 1318 5380 estin
1348 5308 1466 5378 eadem
1495 5307 1578 5377 villa
1613 5307 1793 5396 praedium

93 5473 98 5480 ·
234 5435 387 5508 militare
414 5434 602 5525 optimum,
630 5433 673 5504 de
700 5434 798 5504 cuins
825 5433 919 5522 agris
947 5431 1051 5501 datur
1079 5429 1213 5500 decima
1240 5429 1465 5519 manipularis
1492 5429 1703 5499 monasterio
1730 5429 1794 5500 bo-

234 5557 370 5646 spitalis
397 5545 546 5627 Sanctae
574 5553 694 5626 Crucis
722 5555 757 5626 iu
785 5552 1022 5625 Cracovia.

335 5677 556 5768 Zancoczm
583 5676 667 5748 villa
702 5677 767 5747 sub
803 5675 968 5766 parochia
1005 5671 1171 5746 ecclesiae
1198 5671 1242 5742 de
1268 5671 1555 5761 Biskupicre
1582 5672 1669 5762 sita,
1696 5671 1793 5744 cuius
