4492 6592
498 841 572 928 246

499 1069 562 1139 pro
590 1050 726 1120 centum
753 1046 888 1118 marcis.
923 1045 1028 1118 Cuius
1056 1066 1175 1118 omnes
1202 1067 1305 1136 agros
1331 1045 1703 1140 nobilesredegerunt
1727 1045 1763 1118 in
1791 1045 1971 1139 praedium,
1992 1059 2020 1124 et

494 1168 661 1270 decimam
690 1166 935 1256 manipularem
964 1186 1006 1238 ex
1034 1166 1103 1236 illis
1130 1165 1341 1238 monastario
1368 1167 1521 1255 solvunt,
1542 1187 1614 1240 nec
1639 1172 1738 1238 extat
1763 1166 1911 1256 amplius
1936 1170 2020 1244 'villae

493 1288 671 1379 praefatae
698 1286 837 1377 aliquod
865 1287 1057 1378 vestigium.

598 1408 928 1499 Wuosruowuczu,
949 1409 1038 1480 uilla
1065 1409 1129 1480 sub
1156 1408 1322 1499 parochia
1347 1407 1391 1479 de
1417 1408 1440 1478 J
1450 1409 1671 1480 aroschiu
1699 1409 1776 1480 sita.
1822 1407 1876 1478 ln·
1891 1430 1956 1499 qua
1977 1419 2020 1486 act

495 1531 695 1620 oratorium,
722 1529 886 1602 ecclesiae
914 1529 956 1600 de
983 1529 1006 1602 J
1015 1531 1244 1620 aroschyn
1281 1529 1490 1620 subiectum,
1527 1530 1619 1620 qnod
1644 1530 1814 1630 plebanus
1841 1529 1886 1601 de
1912 1529 1933 1600 J
1945 1552 2022 1604 aro

467 1675 602 1748 ‚szyn
630 1673 667 1722 re
695 1651 813 1722 divina
828 1650 874 1720 -in
902 1650 1023 1722 diehus
1050 1650 1255 1727 celebribus,
1272 1655 1416 1739 propter
1434 1648 1608 1722 difficilem
1632 1649 1806 1721 Wislae
1834 1653 2022 1742 passagium,

495 1771 632 1862 officiat,
660 1773 757 1843 cuius
784 1770 907 1842 haeres
931 1769 1111 1848 Johaunes
1138 1769 1379 1860 Koninshy
1406 1769 1449 1841 de
1477 1771 1583 1842 armis
1610 1769 1752 1844 Rana.
1796 1770 1838 1841 ln
1866 1791 1934 1861 qua
1957 1781 2024 1845 sunt

494 1893 653 1964 undecim
679 1891 771 1962 lanei
797 1876 1044 1979 cmethonales,
1072 1890 1114 1961 de
1142 1891 1267 1980 quibus
1294 1891 1453 1963 omnihus
1481 1891 1629 1962 solvitur
1654 1897 1691 1962 et
1717 1891 1922 1964 conducitur
1948 1893 2024 1965 deci·

397 1996 404 2011 ⁸
495 2033 551 2086 rna
577 2012 810 2103 manipularis,
837 2033 901 2102 pro
936 2012 1149 2083 monasterio
1184 2011 1331 2082 Sanctae
1358 2010 1498 2101 Crucis,
1533 2018 1571 2084 et
1597 2012 1697 2084 valor
1731 2014 1806 2084 eius
1837 2013 2024 2087 aestimatur

494 2135 538 2207 ad
566 2139 643 2206 octo
671 2153 824 2221 marcas;
859 2133 943 2204 item
969 2135 1145 2222 tabernac,
1172 2134 1256 2205 item
1283 2132 1469 2223 hortulani
1495 2133 1579 2205 item
1605 2132 1787 2222 praedium
1812 2138 1868 2204 est
1893 2135 2024 2226 unicm,

494 2256 543 2328 de·
565 2256 661 2328 cuius
687 2255 781 2345 agris
809 2254 956 2343 solvitur
983 2253 1114 2326 decima
1141 2253 1366 2344 manipularis
1392 2275 1456 2343 pro
1483 2253 1628 2324 ecclesia
1654 2253 1689 2326 in
1715 2252 1739 2324 J
1748 2254 1986 2346 aroschyn.

598 2375 913 2465 Wurncowrczu,
954 2375 1038 2446 villa
1073 2375 1137 2446 sub
1164 2374 1330 2465 parochia
1364 2374 1407 2446 dc
1443 2372 1730 2451 Withowslra
1766 2373 1928 2465 Wolya
1961 2376 2024 2465 sita

495 2498 592 2570 cuius
620 2497 742 2568 haeres
769 2494 895 2568 Petrus
922 2494 1165 2586 Koninslry
1192 2495 1235 2566 de
1262 2495 1364 2568 domo
1391 2495 1530 2566 Rawa.
1557 2495 1598 2566 ln
1626 2516 1695 2588 qua
1721 2501 1803 2567 sunt
1829 2493 2025 2585 vigintiduo
2105 2570 2106 2575 ,

344 2685 350 2692 .
493 2618 583 2690 lanei
610 2616 859 2707 cmethonales‚
897 2615 939 2688 de
967 2616 1091 2707 quibus
1118 2616 1279 2689 omnibus
1305 2617 1452 2688 solvitur
1478 2622 1515 2687 et
1541 2615 1746 2690 conducitur
1772 2616 1907 2688 decima
1932 2618 2026 2688 mani·

417 2780 422 2788 ·
494 2739 626 2829 pulcris
653 2759 716 2828 pro
744 2739 954 2809 monasterio
981 2737 1130 2810 Sanctae
1147 2736 1279 2828 Crucis,
1306 2742 1343 2809 et
1369 2737 1466 2808 valor
1492 2737 1537 2808 ad
1564 2737 1758 2828 quindecim
1786 2757 1930 2827 marcas,
1957 2740 2026 2809 itan

494 2861 649 2948 tahema,
676 2859 760 2930 item
786 2857 971 2947 hortulani,
984 2850 1080 2930 'item
1107 2859 1286 2949 praedium
1305 2859 1354 2930 ihi
1371 2858 1549 2948 optimum,
1576 2857 1620 2929 (le
1647 2859 1746 2932 cuius
1772 2860 1867 2948 agris
1895 2858 2027 2930 solvitur

494 2981 628 3066 decima
653 2979 879 3071 manipularis
906 2979 1070 3052 ecclesiae
1097 2983 1134 3050 in
1161 2979 1319 3072 Wolya
1344 2978 1638 3052 Withowska.
1667 2979 1757 3050 Item
1783 2979 1876 3050 lanei
1902 2979 2027 3052 solvunt

494 3104 660 3175 decimam
688 3101 936 3192 manipularem
963 3121 1026 3190 pro
1045 3102 1248 3190 episcopatu
1265 3100 1496 3189 cracoviensi,
1523 3106 1560 3171 et
1587 3105 1669 3176 suut
1695 3100 1795 3190 signa
1822 3119 1927 3191 agros
1952 3100 2026 3171 (liri-
2105 3124 2106 3215 ᾗ

494 3223 619 3312 dentia,
647 3223 706 3312 qui
733 3219 882 3292 reddunt
908 3241 971 3312 pro
999 3221 1170 3311 episcopo,
1197 3221 1319 3312 etqui
1346 3242 1410 3312 pro
1436 3221 1656 3293 monasterio
2105 3218 2106 3225 ’

598 3341 958 3432 Puzrarsuawuczu,
986 3341 1069 3414 villa
1096 3343 1161 3413 sub
1178 3342 1343 3432 parochia
1369 3341 1412 3413 de
1439 3339 1631 3413 Carhow
1658 3341 1735 3430 sita
1763 3341 1861 3412 cuius
1884 3341 2027 3432 proprie
2105 3242 2107 3401 i

496 3471 551 3534 tas
578 3461 621 3534 ad
649 3461 903 3536 serenissimum
930 3460 1094 3534 Polnniae
1121 3483 1239 3553 regem
1265 3463 1427 3552 pertinet
1470 3463 1511 3532 ln
1538 3483 1607 3552 qna
1632 3467 1715 3536 sunt
1741 3461 1923 3533 duodecim
1948 3463 2028 3534 lanei
2106 3456 2107 3465 ³

495 3583 742 3672 cmethonales,
778 3582 821 3654 de
848 3583 972 3673 quibus
1000 3583 1158 3655 omnibns
1184 3583 1333 3655 solvitur
1359 3589 1396 3654 et
1421 3582 1625 3661 conducitur
1653 3583 1786 3654 decima
1812 3583 2027 3673 manipularis

494 3725 557 3796 pro
582 3703 794 3788 monasterio
821 3701 967 3775 Sanctae
994 3702 1130 3794 Crucis,
1157 3710 1194 3776 et
1220 3704 1320 3776 valor
1346 3704 1421 3776 ιιιι
1447 3705 1653 3784 aestimatur
1679 3704 1724 3775 ad
1752 3703 1871 3776 decern
1899 3725 2027 3776 marcas.

493 3827 580 3898 ltcm
607 3825 774 3898 tabernae
801 3824 907 3914 duae,
944 3823 1099 3897 sednon
1127 3825 1406 3915 habentagros,
1443 3826 1526 3897 item
1552 3825 1751 3900 hortulania
1777 3845 1855 3913 una,
1883 3825 1944 3897 sed
1970 3847 2026 3898 uon

493 3947 598 4020 habet
624 3967 735 4036 agros.
780 3946 868 4017 Item
895 3946 991 4016 curia
1017 3945 1088 4016 illic
1115 3951 1151 4017 et
1176 3945 1357 4036 praedium
1390 3947 1541 4037 regium,
1578 3946 1621 4019 de
1648 3947 1745 4018 cuius
1772 3947 1867 4036 agris
1894 3947 2027 4020 solvitur
2106 3926 2107 3941 ¹

492 4068 625 4140 decima
661 4066 884 4156 manipularis
921 4067 1086 4138 ecclesiae
1123 4067 1379 4156 praelaudatae
1415 4067 1450 4137 in
1482 4073 1598 4139 castro
1634 4067 1856 4156 Lublinensi,
1894 4067 2028 4139 Sanctae

494 4188 685 4260 Trinitatis.

597 4307 829 4399 Curuauow,
856 4307 939 4379 villa
965 4309 1029 4381 sub
1052 4307 1218 4398 parochia
1244 4308 1410 4380 ecclesiae
1437 4308 1481 4380 de
1508 4306 1702 4382 Carhow
1728 4308 1806 4397 sita,
1833 4308 1933 4379 cuins
1958 4255 2027 4379 hae

493 4451 549 4502 res
576 4431 788 4520 Fyebron
815 4429 941 4502 nohilis
969 4429 1011 4502 de
1039 4429 1145 4500 armis
1173 4427 1436 4500 Taurorum
1463 4429 1559 4501 Haec
1576 4429 1710 4500 decima
1736 4429 1819 4499 olim
1845 4429 2028 4520 pertinebat

491 4550 536 4622 ad
562 4551 808 4622 monasterium
844 4549 991 4622 Sanctae
1024 4548 1144 4622 Crucis
1179 4548 1309 4620 Calvi
1344 4548 1535 4639 Montis,
1563 4549 1624 4621 sed
1642 4550 1825 4640 ignoratur
1843 4569 1912 4639 qao
1938 4548 2026 4620 modo
2106 4628 2107 4631 Ἴ

492 4676 554 4742 aut
580 4690 661 4742 casu
688 4671 837 4742 alienata
863 4677 917 4743 est
945 4692 965 4742 a
992 4672 1204 4743 monasterio
1231 4669 1377 4742 Sanctae
1404 4669 1539 4761 Crucis,
1566 4675 1603 4740 et
1628 4671 1805 4760 perceptio
1832 4671 1907 4742 eius
1934 4670 2027 4760 perti·

491 4797 551 4863 net
578 4811 668 4862 nunc
685 4791 729 4862 ad
748 4791 927 4863 ecclesiam
955 4792 1224 4882 parochialem
1213 4813 1250 4862 ιι
1277 4789 1490 4881 Garbou,
1515 4798 1589 4862 tarn
1615 4794 1695 4880 post
1721 4791 1911 4881 praedium,
1938 4811 2027 4882 quan

491 4913 699 4986 emethones.
2106 4978 2107 4983 ι

568 5033 887 5124 Saaunowrczn,
914 5033 996 5104 villa
1023 5035 1087 5105 suh
1114 5033 1280 5123 parochia
1305 5033 1473 5104 ecclesiae
1499 5033 1543 5104 de
1569 5031 1806 5104 Kazimirz
1833 5032 1917 5122 sita,
1945 5038 2026 5105 cuia
2106 5084 2107 5119 ,

346 5243 356 5252 ¹
491 5155 687 5248 proprietas
723 5154 767 5226 ad
795 5155 1051 5228 serenissimum
1078 5154 1242 5228 Polcniae
1277 5175 1394 5245 regem
1429 5155 1589 5244 pertinet.
1633 5154 1674 5224 ln
1702 5173 1770 5245 qna
1805 5158 1888 5224 sunt
1921 5153 2044 5227 decen

490 5276 580 5348 lanei
607 5277 857 5364 emethoneles‚
898 5276 940 5347 de
968 5275 1092 5365 quibus
1121 5276 1279 5347 omnihus
1307 5275 1454 5347 solvitur
1481 5274 1615 5346 decima
1641 5273 1866 5364 manipularis
1883 5279 1935 5344 et
1963 5295 2058 5348 con·

491 5397 645 5487 ducitur,
681 5417 744 5487 pro
771 5397 981 5469 monasterio
1005 5396 1158 5469 Sanctae
1183 5384 1322 5486 Crucis,
1360 5403 1396 5467 et
1422 5397 1522 5468 valor
1548 5396 1622 5467 eius
1649 5396 1854 5466 aestimatur
1888 5394 1933 5466 ad
1963 5404 2056 5470 octo

397 5559 401 5570 ·
489 5535 641 5604 marcas3
676 5517 760 5588 item
787 5519 1048 5621 telemacum
1075 5524 1174 5606 sunt,
1210 5519 1294 5589 ιιιιι
1321 5517 1542 5595 ιοιιιιιιιιι
1568 5537 1636 5587 ιιι
1665 5520 1764 5605 ιιιι,
1795 5515 1880 5585 item
1906 5519 1964 5586 est
1997 5518 2053 5590 ib*

490 5635 688 5726 praedium,
723 5638 767 5709 de
794 5658 862 5728 qno
893 5638 1041 5710 solvitur
1076 5637 1210 5710 decima
1245 5637 1486 5727 manipularis·
1506 5656 1570 5726 pro
1607 5635 1751 5708 ecclesia
1786 5635 1980 5725 parochiali
2013 5639 2050 5709 ir·

1963 5996 2028 6294 ι
