<?xml version="1.0" encoding="UTF-8"?>
<!DOCTYPE html PUBLIC "-//W3C//DTD XHTML 1.0 Transitional//EN"
    "http://www.w3.org/TR/xhtml1/DTD/xhtml1-transitional.dtd">
<html xmlns="http://www.w3.org/1999/xhtml" xml:lang="en" lang="en">
 <head>
  <title>
</title>
<meta http-equiv="Content-Type" content="text/html;charset=utf-8" />
  <meta name='ocr-system' content='tesseract 3.04.00' />
  <meta name='ocr-capabilities' content='ocr_page ocr_carea ocr_par ocr_line ocrx_word'/>
</head>
<body>
  <div class='ocr_page' id='page_1' title='image "./operaomnia00paulgoog_0199.png"; bbox 0 0 4492 6592; ppageno 0'>
   <div class='ocr_carea' id='block_1_1' title="bbox 511 743 583 814">
    <p class='ocr_par' dir='ltr' id='par_1_1' title="bbox 511 743 583 814">
     <span class='ocr_line' id='line_1_1' title="bbox 511 743 583 814; baseline 0 0"><span class='ocrx_word' id='word_1_1' title='bbox 511 743 583 814; x_wconf 86' lang='grc'>184</span> 
     </span>
    </p>
   </div>
   <div class='ocr_carea' id='block_1_2' title="bbox 287 949 2142 5768">
    <p class='ocr_par' dir='ltr' id='par_1_2' title="bbox 287 949 2142 5768">
     <span class='ocr_line' id='line_1_2' title="bbox 508 949 2051 1056; baseline 0.001 -36"><span class='ocrx_word' id='word_1_2' title='bbox 508 949 777 1039; x_wconf 89' lang='lat' dir='ltr'>quatuordecim,</span> <span class='ocrx_word' id='word_1_3' title='bbox 804 949 895 1020; x_wconf 89' lang='lat' dir='ltr'>lanei</span> <span class='ocrx_word' id='word_1_4' title='bbox 922 949 1156 1021; x_wconf 87' lang='lat' dir='ltr'>emethonales</span> <span class='ocrx_word' id='word_1_5' title='bbox 1183 971 1253 1020; x_wconf 91' lang='lat' dir='ltr'>non</span> <span class='ocrx_word' id='word_1_6' title='bbox 1279 955 1378 1038; x_wconf 87' lang='lat' dir='ltr'>suut,</span> <span class='ocrx_word' id='word_1_7' title='bbox 1404 955 1441 1020; x_wconf 90' lang='lat' dir='ltr'>et</span> <span class='ocrx_word' id='word_1_8' title='bbox 1467 949 1615 1038; x_wconf 80' lang='lat' dir='ltr'>quilibet</span> <span class='ocrx_word' id='word_1_9' title='bbox 1638 949 1744 1056; x_wconf 79' lang='lat' dir='ltr'>solvit</span> <span class='ocrx_word' id='word_1_10' title='bbox 1769 955 1834 1039; x_wconf 80' lang='lat' dir='ltr'>pro</span> <span class='ocrx_word' id='word_1_11' title='bbox 1861 970 1969 1020; x_wconf 89' lang='lat' dir='ltr'>censu</span> <span class='ocrx_word' id='word_1_12' title='bbox 1994 971 2051 1021; x_wconf 96' lang='grc' dir='ltr'>εει</span> 
     </span>
     <span class='ocr_line' id='line_1_3' title="bbox 504 1069 2051 1160; baseline 0.001 -19"><span class='ocrx_word' id='word_1_13' title='bbox 504 1091 661 1159; x_wconf 86' lang='lat' dir='ltr'>grossos,</span> <span class='ocrx_word' id='word_1_14' title='bbox 697 1069 784 1141; x_wconf 89' lang='lat' dir='ltr'>duos</span> <span class='ocrx_word' id='word_1_15' title='bbox 810 1070 887 1141; x_wconf 91' lang='lat' dir='ltr'>dies</span> <span class='ocrx_word' id='word_1_16' title='bbox 922 1071 1111 1142; x_wconf 87' lang='lat' dir='ltr'>laborando</span> <span class='ocrx_word' id='word_1_17' title='bbox 1138 1071 1174 1141; x_wconf 90' lang='lat' dir='ltr'>iu</span> <span class='ocrx_word' id='word_1_18' title='bbox 1202 1071 1396 1160; x_wconf 82' lang='lat' dir='ltr'><strong>septimana</strong></span> <span class='ocrx_word' id='word_1_19' title='bbox 1427 1070 1570 1159; x_wconf 89' lang='lat' dir='ltr'>proprio</span> <span class='ocrx_word' id='word_1_20' title='bbox 1597 1091 1710 1141; x_wconf 81' lang='lat' dir='ltr'>curru.</span> <span class='ocrx_word' id='word_1_21' title='bbox 1753 1071 1840 1141; x_wconf 89' lang='lat' dir='ltr'>Item</span> <span class='ocrx_word' id='word_1_22' title='bbox 1868 1091 1946 1160; x_wconf 88' lang='lat' dir='ltr'>ova,</span> <span class='ocrx_word' id='word_1_23' title='bbox 1973 1071 2051 1142; x_wconf 88' lang='lat' dir='ltr'>item</span> 
     </span>
     <span class='ocr_line' id='line_1_4' title="bbox 504 1186 2051 1281; baseline 0.001 -21"><span class='ocrx_word' id='word_1_24' title='bbox 504 1211 632 1280; x_wconf 72' lang='lat' dir='ltr'>caseos</span> <span class='ocrx_word' id='word_1_25' title='bbox 659 1191 743 1262; x_wconf 85' lang='lat' dir='ltr'>item</span> <span class='ocrx_word' id='word_1_26' title='bbox 769 1191 895 1281; x_wconf 80' lang='lat' dir='ltr'>gallos3</span> <span class='ocrx_word' id='word_1_27' title='bbox 913 1192 1015 1262; x_wconf 86' lang='lat' dir='ltr'>&#39;item</span> <span class='ocrx_word' id='word_1_28' title='bbox 1042 1191 1206 1262; x_wconf 89' lang='lat' dir='ltr'>laborant</span> <span class='ocrx_word' id='word_1_29' title='bbox 1231 1191 1319 1262; x_wconf 90' lang='lat' dir='ltr'>duos</span> <span class='ocrx_word' id='word_1_30' title='bbox 1344 1190 1420 1262; x_wconf 89' lang='lat' dir='ltr'>dies</span> <span class='ocrx_word' id='word_1_31' title='bbox 1447 1211 1551 1260; x_wconf 87' lang='lat' dir='ltr'>curru</span> <span class='ocrx_word' id='word_1_32' title='bbox 1578 1196 1616 1261; x_wconf 92' lang='lat' dir='ltr'>et</span> <span class='ocrx_word' id='word_1_33' title='bbox 1641 1186 1794 1281; x_wconf 81' lang='lat' dir='ltr'>quilibet</span> <span class='ocrx_word' id='word_1_34' title='bbox 1815 1245 1932 1262; x_wconf 91' lang='grc'><strong>.....</strong></span> <span class='ocrx_word' id='word_1_35' title='bbox 1959 1192 2051 1280; x_wconf 90' lang='lat' dir='ltr'>priu-</span> 
     </span>
     <span class='ocr_line' id='line_1_5' title="bbox 502 1311 2050 1402; baseline 0.003 -22"><span class='ocrx_word' id='word_1_36' title='bbox 502 1311 594 1400; x_wconf 76' lang='lat' dir='ltr'>‘cipio</span> <span class='ocrx_word' id='word_1_37' title='bbox 622 1317 762 1383; x_wconf 91' lang='lat' dir='ltr'>tenetur</span> <span class='ocrx_word' id='word_1_38' title='bbox 789 1318 919 1383; x_wconf 84' lang='lat' dir='ltr'>metere</span> <span class='ocrx_word' id='word_1_39' title='bbox 947 1313 1096 1401; x_wconf 89' lang='lat' dir='ltr'>quinque</span> <span class='ocrx_word' id='word_1_40' title='bbox 1124 1312 1298 1400; x_wconf 80' lang='lat' dir='ltr'>causulas,</span> <span class='ocrx_word' id='word_1_41' title='bbox 1338 1319 1375 1381; x_wconf 93' lang='lat' dir='ltr'>et</span> <span class='ocrx_word' id='word_1_42' title='bbox 1400 1311 1525 1382; x_wconf 82' lang='lat' dir='ltr'>exinde</span> <span class='ocrx_word' id='word_1_43' title='bbox 1551 1311 1714 1384; x_wconf 87' lang='lat' dir='ltr'>laborant</span> <span class='ocrx_word' id='word_1_44' title='bbox 1738 1318 1812 1383; x_wconf 90' lang='lat' dir='ltr'>tres</span> <span class='ocrx_word' id='word_1_45' title='bbox 1839 1311 1916 1382; x_wconf 91' lang='lat' dir='ltr'>dies</span> <span class='ocrx_word' id='word_1_46' title='bbox 1944 1331 2050 1402; x_wconf 91' lang='lat' dir='ltr'>usque</span> 
     </span>
     <span class='ocr_line' id='line_1_6' title="bbox 504 1413 2051 1522; baseline 0.001 -20"><span class='ocrx_word' id='word_1_47' title='bbox 504 1432 548 1502; x_wconf 86' lang='lat' dir='ltr'>ad</span> <span class='ocrx_word' id='word_1_48' title='bbox 576 1432 691 1504; x_wconf 88' lang='lat' dir='ltr'>natale</span> <span class='ocrx_word' id='word_1_49' title='bbox 720 1431 861 1522; x_wconf 83' lang='lat' dir='ltr'>Ohristi,</span> <span class='ocrx_word' id='word_1_50' title='bbox 887 1439 923 1504; x_wconf 90' lang='lat' dir='ltr'>et</span> <span class='ocrx_word' id='word_1_51' title='bbox 949 1413 1078 1504; x_wconf 83' lang='lat' dir='ltr'>ducunt</span> <span class='ocrx_word' id='word_1_52' title='bbox 1104 1433 1208 1522; x_wconf 84' lang='lat' dir='ltr'>ligna,</span> <span class='ocrx_word' id='word_1_53' title='bbox 1234 1432 1372 1504; x_wconf 82' lang='lat' dir='ltr'>foenum</span> <span class='ocrx_word' id='word_1_54' title='bbox 1399 1437 1435 1504; x_wconf 89' lang='lat' dir='ltr'>et</span> <span class='ocrx_word' id='word_1_55' title='bbox 1462 1431 1531 1502; x_wconf 91' lang='lat' dir='ltr'>alia</span> <span class='ocrx_word' id='word_1_56' title='bbox 1556 1433 1592 1504; x_wconf 92' lang='lat' dir='ltr'>in</span> <span class='ocrx_word' id='word_1_57' title='bbox 1620 1431 1911 1522; x_wconf 85' lang='lat' dir='ltr'>Gracoviam,</span> <span class='ocrx_word' id='word_1_58' title='bbox 1939 1438 1978 1504; x_wconf 90' lang='lat' dir='ltr'>et</span> <span class='ocrx_word' id='word_1_59' title='bbox 2002 1433 2051 1504; x_wconf 90' lang='lat' dir='ltr'>di-</span> 
     </span>
     <span class='ocr_line' id='line_1_7' title="bbox 503 1553 2052 1645; baseline 0.001 -21"><span class='ocrx_word' id='word_1_60' title='bbox 503 1559 628 1626; x_wconf 81' lang='lat' dir='ltr'>suntur</span> <span class='ocrx_word' id='word_1_61' title='bbox 655 1555 812 1626; x_wconf 87' lang='lat' dir='ltr'>curiales.</span> <span class='ocrx_word' id='word_1_62' title='bbox 856 1555 942 1626; x_wconf 86' lang='lat' dir='ltr'>Item</span> <span class='ocrx_word' id='word_1_63' title='bbox 970 1555 1138 1625; x_wconf 70' lang='lat' dir='ltr'>ubernae</span> <span class='ocrx_word' id='word_1_64' title='bbox 1165 1553 1271 1643; x_wconf 88' lang='lat' dir='ltr'>duae,</span> <span class='ocrx_word' id='word_1_65' title='bbox 1307 1555 1476 1626; x_wconf 89' lang='lat' dir='ltr'>babentes</span> <span class='ocrx_word' id='word_1_66' title='bbox 1501 1561 1604 1644; x_wconf 82' lang='lat' dir='ltr'>prata</span> <span class='ocrx_word' id='word_1_67' title='bbox 1629 1560 1667 1626; x_wconf 90' lang='lat' dir='ltr'>et</span> <span class='ocrx_word' id='word_1_68' title='bbox 1692 1575 1814 1645; x_wconf 80' lang='lat' dir='ltr'>agros,</span> <span class='ocrx_word' id='word_1_69' title='bbox 1849 1561 1887 1626; x_wconf 89' lang='lat' dir='ltr'>st</span> <span class='ocrx_word' id='word_1_70' title='bbox 1914 1554 2052 1626; x_wconf 86' lang='lat' dir='ltr'>solvunt</span> 
     </span>
     <span class='ocr_line' id='line_1_8' title="bbox 503 1675 2051 1766; baseline 0.001 -22"><span class='ocrx_word' id='word_1_71' title='bbox 503 1675 679 1764; x_wconf 76' lang='lat' dir='ltr'>quaelibet</span> <span class='ocrx_word' id='word_1_72' title='bbox 705 1683 778 1746; x_wconf 87' lang='lat' dir='ltr'>tres</span> <span class='ocrx_word' id='word_1_73' title='bbox 805 1697 939 1748; x_wconf 89' lang='lat' dir='ltr'>marcas</span> <span class='ocrx_word' id='word_1_74' title='bbox 975 1697 1038 1766; x_wconf 88' lang='lat' dir='ltr'>pro</span> <span class='ocrx_word' id='word_1_75' title='bbox 1065 1695 1179 1746; x_wconf 87' lang='lat' dir='ltr'>ceusu.</span> <span class='ocrx_word' id='word_1_76' title='bbox 1223 1675 1312 1746; x_wconf 92' lang='lat' dir='ltr'>Item</span> <span class='ocrx_word' id='word_1_77' title='bbox 1348 1675 1580 1748; x_wconf 85' lang='lat' dir='ltr'>molendinum</span> <span class='ocrx_word' id='word_1_78' title='bbox 1616 1676 1816 1747; x_wconf 73' lang='lat' dir='ltr'>coenobiale</span> <span class='ocrx_word' id='word_1_79' title='bbox 1850 1675 2051 1747; x_wconf 90' lang='lat' dir='ltr'>influmine</span> 
     </span>
     <span class='ocr_line' id='line_1_9' title="bbox 504 1795 2051 1887; baseline 0.002 -22"><span class='ocrx_word' id='word_1_80' title='bbox 504 1795 770 1885; x_wconf 85' lang='lat' dir='ltr'>Skawinka,</span> <span class='ocrx_word' id='word_1_81' title='bbox 806 1803 843 1867; x_wconf 87' lang='lat' dir='ltr'>et</span> <span class='ocrx_word' id='word_1_82' title='bbox 869 1797 974 1868; x_wconf 87' lang='lat' dir='ltr'>solvit</span> <span class='ocrx_word' id='word_1_83' title='bbox 1000 1817 1063 1886; x_wconf 89' lang='lat' dir='ltr'>pro</span> <span class='ocrx_word' id='word_1_84' title='bbox 1093 1796 1305 1869; x_wconf 86' lang='lat' dir='ltr'>monasterio</span> <span class='ocrx_word' id='word_1_85' title='bbox 1332 1796 1420 1868; x_wconf 86' lang='lat' dir='ltr'>duas</span> <span class='ocrx_word' id='word_1_86' title='bbox 1446 1817 1647 1887; x_wconf 77' lang='lat' dir='ltr'>sexagenas,</span> <span class='ocrx_word' id='word_1_87' title='bbox 1673 1801 1711 1867; x_wconf 90' lang='lat' dir='ltr'>et</span> <span class='ocrx_word' id='word_1_88' title='bbox 1735 1795 1913 1868; x_wconf 82' lang='lat' dir='ltr'>frumenta</span> <span class='ocrx_word' id='word_1_89' title='bbox 1939 1817 2051 1868; x_wconf 83' lang='lat' dir='ltr'>mona-</span> 
     </span>
     <span class='ocr_line' id='line_1_10' title="bbox 502 1917 2050 2008; baseline -0.001 -20"><span class='ocrx_word' id='word_1_90' title='bbox 502 1917 601 1988; x_wconf 88' lang='lat' dir='ltr'>sterii</span> <span class='ocrx_word' id='word_1_91' title='bbox 629 1917 744 1988; x_wconf 91' lang='lat' dir='ltr'>omnia</span> <span class='ocrx_word' id='word_1_92' title='bbox 770 1918 901 2008; x_wconf 89' lang='lat' dir='ltr'>absque</span> <span class='ocrx_word' id='word_1_93' title='bbox 927 1937 1087 1990; x_wconf 83' lang='lat' dir='ltr'>mensura</span> <span class='ocrx_word' id='word_1_94' title='bbox 1114 1917 1243 1988; x_wconf 86' lang='lat' dir='ltr'>molere</span> <span class='ocrx_word' id='word_1_95' title='bbox 1259 1922 1408 1989; x_wconf 89' lang='lat' dir='ltr'>tenetur.</span> <span class='ocrx_word' id='word_1_96' title='bbox 1436 1917 1522 1989; x_wconf 85' lang='lat' dir='ltr'>Item</span> <span class='ocrx_word' id='word_1_97' title='bbox 1541 1939 1663 1990; x_wconf 87' lang='lat' dir='ltr'>novem</span> <span class='ocrx_word' id='word_1_98' title='bbox 1683 1917 1743 1989; x_wconf 89' lang='lat' dir='ltr'>alii</span> <span class='ocrx_word' id='word_1_99' title='bbox 1766 1919 1880 1988; x_wconf 84' lang='lat' dir='ltr'>vocati</span> <span class='ocrx_word' id='word_1_100' title='bbox 1907 1917 2050 2008; x_wconf 72' lang='lat' dir='ltr'>pedites</span> 
     </span>
     <span class='ocr_line' id='line_1_11' title="bbox 356 2039 2051 2130; baseline 0.005 -28"><span class='ocrx_word' id='word_1_101' title='bbox 356 2095 366 2102; x_wconf 91' lang='lat'>.</span> <span class='ocrx_word' id='word_1_102' title='bbox 503 2058 649 2128; x_wconf 92' lang='lat' dir='ltr'>quorum</span> <span class='ocrx_word' id='word_1_103' title='bbox 679 2059 739 2110; x_wconf 87' lang='grc' dir='ltr'>εει</span> <span class='ocrx_word' id='word_1_104' title='bbox 766 2039 927 2111; x_wconf 89' lang='lat' dir='ltr'>laborant</span> <span class='ocrx_word' id='word_1_105' title='bbox 960 2040 1046 2111; x_wconf 87' lang='lat' dir='ltr'>duos</span> <span class='ocrx_word' id='word_1_106' title='bbox 1073 2039 1147 2110; x_wconf 91' lang='lat' dir='ltr'>dies</span> <span class='ocrx_word' id='word_1_107' title='bbox 1182 2040 1218 2109; x_wconf 90' lang='lat' dir='ltr'>iu</span> <span class='ocrx_word' id='word_1_108' title='bbox 1247 2040 1441 2129; x_wconf 89' lang='lat' dir='ltr'>septimana</span> <span class='ocrx_word' id='word_1_109' title='bbox 1466 2039 1631 2130; x_wconf 88' lang='lat' dir='ltr'>pedibus,</span> <span class='ocrx_word' id='word_1_110' title='bbox 1671 2044 1708 2112; x_wconf 90' lang='lat' dir='ltr'>et</span> <span class='ocrx_word' id='word_1_111' title='bbox 1734 2039 1933 2111; x_wconf 85' lang='lat' dir='ltr'>conducant</span> <span class='ocrx_word' id='word_1_112' title='bbox 1959 2039 2051 2129; x_wconf 79' lang='lat' dir='ltr'>ligna</span> 
     </span>
     <span class='ocr_line' id='line_1_12' title="bbox 501 2158 2049 2251; baseline 0.002 -23"><span class='ocrx_word' id='word_1_113' title='bbox 501 2178 565 2246; x_wconf 90' lang='lat' dir='ltr'>pro</span> <span class='ocrx_word' id='word_1_114' title='bbox 592 2161 803 2231; x_wconf 84' lang='lat' dir='ltr'>monasterio</span> <span class='ocrx_word' id='word_1_115' title='bbox 820 2160 964 2233; x_wconf 76' lang='lat' dir='ltr'>‘dnobus</span> <span class='ocrx_word' id='word_1_116' title='bbox 991 2161 1113 2232; x_wconf 90' lang='lat' dir='ltr'>diebus</span> <span class='ocrx_word' id='word_1_117' title='bbox 1140 2161 1292 2251; x_wconf 90' lang='lat' dir='ltr'>propriis</span> <span class='ocrx_word' id='word_1_118' title='bbox 1319 2161 1487 2232; x_wconf 89' lang='lat' dir='ltr'>curribus.</span> <span class='ocrx_word' id='word_1_119' title='bbox 1512 2158 1602 2231; x_wconf 92' lang='lat' dir='ltr'>Item</span> <span class='ocrx_word' id='word_1_120' title='bbox 1620 2165 1693 2233; x_wconf 88' lang='lat' dir='ltr'>tres</span> <span class='ocrx_word' id='word_1_121' title='bbox 1710 2161 1779 2250; x_wconf 79' lang='lat' dir='ltr'>alii,</span> <span class='ocrx_word' id='word_1_122' title='bbox 1806 2161 1963 2250; x_wconf 86' lang='lat' dir='ltr'>quinque</span> <span class='ocrx_word' id='word_1_123' title='bbox 1980 2179 2049 2231; x_wconf 76' lang='lat' dir='ltr'>cas</span> 
     </span>
     <span class='ocr_line' id='line_1_13' title="bbox 502 2257 2048 2373; baseline 0.002 -23"><span class='ocrx_word' id='word_1_124' title='bbox 502 2281 595 2352; x_wconf 89' lang='lat' dir='ltr'>sulas</span> <span class='ocrx_word' id='word_1_125' title='bbox 622 2257 775 2371; x_wconf 45' lang='lat' dir='ltr'>metunt:</span> <span class='ocrx_word' id='word_1_126' title='bbox 784 2289 820 2352; x_wconf 89' lang='lat' dir='ltr'>et</span> <span class='ocrx_word' id='word_1_127' title='bbox 838 2282 924 2353; x_wconf 89' lang='lat' dir='ltr'>duos</span> <span class='ocrx_word' id='word_1_128' title='bbox 943 2282 1017 2354; x_wconf 90' lang='lat' dir='ltr'>dies</span> <span class='ocrx_word' id='word_1_129' title='bbox 1044 2283 1215 2372; x_wconf 89' lang='lat' dir='ltr'>laborant,</span> <span class='ocrx_word' id='word_1_130' title='bbox 1242 2303 1352 2373; x_wconf 87' lang='lat' dir='ltr'>usque</span> <span class='ocrx_word' id='word_1_131' title='bbox 1379 2282 1424 2353; x_wconf 90' lang='lat' dir='ltr'>ad</span> <span class='ocrx_word' id='word_1_132' title='bbox 1451 2283 1566 2353; x_wconf 86' lang='lat' dir='ltr'>natale</span> <span class='ocrx_word' id='word_1_133' title='bbox 1583 2281 1727 2353; x_wconf 88' lang='lat' dir='ltr'>Mariae.</span> <span class='ocrx_word' id='word_1_134' title='bbox 1754 2283 1842 2354; x_wconf 85' lang='lat' dir='ltr'>Item</span> <span class='ocrx_word' id='word_1_135' title='bbox 1869 2282 2048 2371; x_wconf 75' lang='lat' dir='ltr'>praedium</span> 
     </span>
     <span class='ocr_line' id='line_1_14' title="bbox 501 2403 2048 2495; baseline 0.001 -23"><span class='ocrx_word' id='word_1_136' title='bbox 501 2403 700 2475; x_wconf 89' lang='lat' dir='ltr'>coenobiale</span> <span class='ocrx_word' id='word_1_137' title='bbox 727 2409 781 2476; x_wconf 92' lang='lat' dir='ltr'>est</span> <span class='ocrx_word' id='word_1_138' title='bbox 807 2403 865 2492; x_wconf 85' lang='lat' dir='ltr'>ibi,</span> <span class='ocrx_word' id='word_1_139' title='bbox 892 2405 989 2476; x_wconf 91' lang='lat' dir='ltr'>cuius</span> <span class='ocrx_word' id='word_1_140' title='bbox 1017 2405 1092 2495; x_wconf 89' lang='lat' dir='ltr'>agri</span> <span class='ocrx_word' id='word_1_141' title='bbox 1120 2404 1260 2475; x_wconf 87' lang='lat' dir='ltr'>solvunt</span> <span class='ocrx_word' id='word_1_142' title='bbox 1284 2403 1452 2490; x_wconf 86' lang='lat' dir='ltr'>decimam</span> <span class='ocrx_word' id='word_1_143' title='bbox 1479 2425 1544 2494; x_wconf 91' lang='lat' dir='ltr'>pro</span> <span class='ocrx_word' id='word_1_144' title='bbox 1570 2404 1793 2493; x_wconf 71' lang='lat' dir='ltr'>monasterio</span> <span class='ocrx_word' id='word_1_145' title='bbox 1818 2409 1965 2494; x_wconf 89' lang='lat' dir='ltr'>praeter</span> <span class='ocrx_word' id='word_1_146' title='bbox 1990 2403 2048 2473; x_wconf 87' lang='lat' dir='ltr'>ali·</span> 
     </span>
     <span class='ocr_line' id='line_1_15' title="bbox 501 2525 2047 2616; baseline 0.001 -22"><span class='ocrx_word' id='word_1_147' title='bbox 501 2543 587 2612; x_wconf 89' lang='lat' dir='ltr'>quos</span> <span class='ocrx_word' id='word_1_148' title='bbox 614 2543 716 2613; x_wconf 79' lang='lat' dir='ltr'>agros</span> <span class='ocrx_word' id='word_1_149' title='bbox 743 2525 875 2613; x_wconf 88' lang='lat' dir='ltr'>vineae,</span> <span class='ocrx_word' id='word_1_150' title='bbox 915 2527 974 2614; x_wconf 90' lang='lat' dir='ltr'>qui</span> <span class='ocrx_word' id='word_1_151' title='bbox 1001 2525 1128 2597; x_wconf 87' lang='lat' dir='ltr'>cedunt</span> <span class='ocrx_word' id='word_1_152' title='bbox 1153 2526 1310 2615; x_wconf 82' lang='lat' dir='ltr'>plebano.</span> <span class='ocrx_word' id='word_1_153' title='bbox 1337 2526 1425 2595; x_wconf 91' lang='lat' dir='ltr'>Item</span> <span class='ocrx_word' id='word_1_154' title='bbox 1452 2525 1496 2596; x_wconf 93' lang='lat' dir='ltr'>de</span> <span class='ocrx_word' id='word_1_155' title='bbox 1522 2525 1682 2598; x_wconf 88' lang='lat' dir='ltr'>omuibus</span> <span class='ocrx_word' id='word_1_156' title='bbox 1709 2525 1804 2616; x_wconf 79' lang='lat' dir='ltr'>agris</span> <span class='ocrx_word' id='word_1_157' title='bbox 1830 2526 2047 2596; x_wconf 88' lang='lat' dir='ltr'>emethonum</span> 
     </span>
     <span class='ocr_line' id='line_1_16' title="bbox 501 2643 2046 2737; baseline 0.003 -24"><span class='ocrx_word' id='word_1_158' title='bbox 501 2644 647 2715; x_wconf 82' lang='lat' dir='ltr'>solvitur</span> <span class='ocrx_word' id='word_1_159' title='bbox 674 2650 710 2716; x_wconf 91' lang='lat' dir='ltr'>et</span> <span class='ocrx_word' id='word_1_160' title='bbox 736 2645 941 2718; x_wconf 86' lang='lat' dir='ltr'>conducitur</span> <span class='ocrx_word' id='word_1_161' title='bbox 967 2643 1099 2718; x_wconf 91' lang='lat' dir='ltr'>decima</span> <span class='ocrx_word' id='word_1_162' title='bbox 1125 2645 1349 2736; x_wconf 76' lang='lat' dir='ltr'>manipularis</span> <span class='ocrx_word' id='word_1_163' title='bbox 1367 2651 1404 2716; x_wconf 92' lang='lat' dir='ltr'>et</span> <span class='ocrx_word' id='word_1_164' title='bbox 1421 2645 1608 2736; x_wconf 87' lang='lat' dir='ltr'>canapalis</span> <span class='ocrx_word' id='word_1_165' title='bbox 1623 2665 1687 2736; x_wconf 88' lang='lat' dir='ltr'>pro</span> <span class='ocrx_word' id='word_1_166' title='bbox 1713 2645 1859 2716; x_wconf 89' lang='lat' dir='ltr'>ecclesia</span> <span class='ocrx_word' id='word_1_167' title='bbox 1885 2646 1923 2716; x_wconf 90' lang='lat' dir='ltr'>in</span> <span class='ocrx_word' id='word_1_168' title='bbox 1943 2645 2046 2737; x_wconf 82' lang='lat' dir='ltr'><strong>Thy·</strong></span> 
     </span>
     <span class='ocr_line' id='line_1_17' title="bbox 500 2765 2046 2863; baseline 0 -29"><span class='ocrx_word' id='word_1_169' title='bbox 500 2765 631 2835; x_wconf 87' lang='lat' dir='ltr'>ulecz</span> <span class='ocrx_word' id='word_1_170' title='bbox 659 2765 691 2836; x_wconf 89' lang='lat' dir='ltr'>S.</span> <span class='ocrx_word' id='word_1_171' title='bbox 719 2765 898 2863; x_wconf 83' lang='lat' dir='ltr'>Andreae,</span> <span class='ocrx_word' id='word_1_172' title='bbox 934 2773 971 2838; x_wconf 91' lang='lat' dir='ltr'>et</span> <span class='ocrx_word' id='word_1_173' title='bbox 997 2767 1095 2838; x_wconf 88' lang='lat' dir='ltr'>valor</span> <span class='ocrx_word' id='word_1_174' title='bbox 1121 2767 1195 2837; x_wconf 89' lang='lat' dir='ltr'>eius</span> <span class='ocrx_word' id='word_1_175' title='bbox 1223 2767 1428 2838; x_wconf 87' lang='lat' dir='ltr'>aestimatur</span> <span class='ocrx_word' id='word_1_176' title='bbox 1462 2767 1506 2837; x_wconf 82' lang='lat' dir='ltr'>ad</span> <span class='ocrx_word' id='word_1_177' title='bbox 1533 2787 1594 2838; x_wconf 89' lang='grc' dir='ltr'>εει</span> <span class='ocrx_word' id='word_1_178' title='bbox 1621 2787 1766 2854; x_wconf 85' lang='lat' dir='ltr'>marcas3</span> <span class='ocrx_word' id='word_1_179' title='bbox 1793 2767 1875 2837; x_wconf 88' lang='lat' dir='ltr'>item</span> <span class='ocrx_word' id='word_1_180' title='bbox 1905 2765 1976 2836; x_wconf 92' lang='lat' dir='ltr'>duo</span> <span class='ocrx_word' id='word_1_181' title='bbox 2001 2767 2046 2842; x_wconf 90' lang='lat' dir='ltr'>ibi</span> 
     </span>
     <span class='ocr_line' id='line_1_18' title="bbox 501 2887 2045 2979; baseline 0.001 -23"><span class='ocrx_word' id='word_1_182' title='bbox 501 2887 700 2958; x_wconf 88' lang='lat' dir='ltr'>emethones</span> <span class='ocrx_word' id='word_1_183' title='bbox 727 2887 845 2978; x_wconf 87' lang='lat' dir='ltr'>liberi,</span> <span class='ocrx_word' id='word_1_184' title='bbox 881 2887 940 2979; x_wconf 90' lang='lat' dir='ltr'>qui</span> <span class='ocrx_word' id='word_1_185' title='bbox 968 2888 1053 2959; x_wconf 90' lang='lat' dir='ltr'>nibil</span> <span class='ocrx_word' id='word_1_186' title='bbox 1088 2889 1267 2978; x_wconf 85' lang='lat' dir='ltr'>laborant,</span> <span class='ocrx_word' id='word_1_187' title='bbox 1304 2907 1449 2978; x_wconf 88' lang='lat' dir='ltr'>quorum</span> <span class='ocrx_word' id='word_1_188' title='bbox 1485 2908 1574 2958; x_wconf 89' lang='lat' dir='ltr'>uuus</span> <span class='ocrx_word' id='word_1_189' title='bbox 1609 2888 1714 2958; x_wconf 86' lang='lat' dir='ltr'>solvit</span> <span class='ocrx_word' id='word_1_190' title='bbox 1749 2907 1852 2958; x_wconf 91' lang='lat' dir='ltr'>uuam</span> <span class='ocrx_word' id='word_1_191' title='bbox 1889 2907 2045 2975; x_wconf 86' lang='lat' dir='ltr'>marcam,</span> 
     </span>
     <span class='ocr_line' id='line_1_19' title="bbox 500 3007 2142 3103; baseline 0.001 -27"><span class='ocrx_word' id='word_1_192' title='bbox 500 3007 588 3079; x_wconf 86' lang='lat' dir='ltr'>alius</span> <span class='ocrx_word' id='word_1_193' title='bbox 614 3013 688 3080; x_wconf 88' lang='lat' dir='ltr'>tres</span> <span class='ocrx_word' id='word_1_194' title='bbox 714 3007 876 3098; x_wconf 81' lang='lat' dir='ltr'>fertones,</span> <span class='ocrx_word' id='word_1_195' title='bbox 904 3016 941 3080; x_wconf 91' lang='lat' dir='ltr'>et</span> <span class='ocrx_word' id='word_1_196' title='bbox 967 3009 1114 3100; x_wconf 87' lang='lat' dir='ltr'>quilibet</span> <span class='ocrx_word' id='word_1_197' title='bbox 1140 3011 1275 3081; x_wconf 89' lang='lat' dir='ltr'>ratione</span> <span class='ocrx_word' id='word_1_198' title='bbox 1301 3029 1461 3103; x_wconf 82' lang='lat' dir='ltr'>oprowoo</span> <span class='ocrx_word' id='word_1_199' title='bbox 1486 3009 1652 3080; x_wconf 86' lang='lat' dir='ltr'>tredecim</span> <span class='ocrx_word' id='word_1_200' title='bbox 1675 3008 1846 3079; x_wconf 86' lang='lat' dir='ltr'>denarios.</span> <span class='ocrx_word' id='word_1_201' title='bbox 1873 3008 1964 3078; x_wconf 90' lang='lat' dir='ltr'>Item</span> <span class='ocrx_word' id='word_1_202' title='bbox 1989 3027 2045 3078; x_wconf 76' lang='lat' dir='ltr'>ua</span> <span class='ocrx_word' id='word_1_203' title='bbox 2141 3068 2142 3093; x_wconf 35' lang='lat' dir='ltr'>q</span> 
     </span>
     <span class='ocr_line' id='line_1_20' title="bbox 499 3127 2044 3220; baseline 0.001 -22"><span class='ocrx_word' id='word_1_204' title='bbox 499 3127 626 3217; x_wconf 80' lang='lat' dir='ltr'>nulum,</span> <span class='ocrx_word' id='word_1_205' title='bbox 654 3129 697 3200; x_wconf 93' lang='lat' dir='ltr'>de</span> <span class='ocrx_word' id='word_1_206' title='bbox 725 3151 792 3219; x_wconf 93' lang='lat' dir='ltr'>quo</span> <span class='ocrx_word' id='word_1_207' title='bbox 820 3129 907 3202; x_wconf 89' lang='lat' dir='ltr'>duae</span> <span class='ocrx_word' id='word_1_208' title='bbox 935 3149 1070 3201; x_wconf 86' lang='lat' dir='ltr'>marcae</span> <span class='ocrx_word' id='word_1_209' title='bbox 1098 3151 1162 3220; x_wconf 89' lang='lat' dir='ltr'>pro</span> <span class='ocrx_word' id='word_1_210' title='bbox 1190 3151 1312 3219; x_wconf 89' lang='lat' dir='ltr'>censu,</span> <span class='ocrx_word' id='word_1_211' title='bbox 1349 3135 1498 3220; x_wconf 90' lang='lat' dir='ltr'>quatuor</span> <span class='ocrx_word' id='word_1_212' title='bbox 1523 3131 1637 3220; x_wconf 77' lang='lat' dir='ltr'>grossi</span> <span class='ocrx_word' id='word_1_213' title='bbox 1672 3149 1737 3219; x_wconf 91' lang='lat' dir='ltr'>pro</span> <span class='ocrx_word' id='word_1_214' title='bbox 1764 3149 1868 3200; x_wconf 82' lang='lat' dir='ltr'>vacca</span> <span class='ocrx_word' id='word_1_215' title='bbox 1896 3130 2044 3200; x_wconf 82' lang='lat' dir='ltr'>infesto</span> 
     </span>
     <span class='ocr_line' id='line_1_21' title="bbox 501 3245 2045 3341; baseline 0.003 -24"><span class='ocrx_word' id='word_1_216' title='bbox 501 3247 534 3317; x_wconf 86' lang='lat' dir='ltr'>S.</span> <span class='ocrx_word' id='word_1_217' title='bbox 561 3245 668 3319; x_wconf 92' lang='lat' dir='ltr'>Petri.</span> <span class='ocrx_word' id='word_1_218' title='bbox 713 3249 809 3321; x_wconf 88' lang='lat' dir='ltr'>Haec</span> <span class='ocrx_word' id='word_1_219' title='bbox 835 3250 979 3322; x_wconf 86' lang='lat' dir='ltr'>ecclesia</span> <span class='ocrx_word' id='word_1_220' title='bbox 1007 3269 1081 3321; x_wconf 90' lang='lat' dir='ltr'>cum</span> <span class='ocrx_word' id='word_1_221' title='bbox 1111 3251 1182 3322; x_wconf 87' lang='lat' dir='ltr'>suis</span> <span class='ocrx_word' id='word_1_222' title='bbox 1210 3251 1360 3341; x_wconf 87' lang='lat' dir='ltr'>decimis,</span> <span class='ocrx_word' id='word_1_223' title='bbox 1387 3251 1554 3341; x_wconf 88' lang='lat' dir='ltr'>parocbia</span> <span class='ocrx_word' id='word_1_224' title='bbox 1579 3254 1616 3320; x_wconf 90' lang='lat' dir='ltr'>et</span> <span class='ocrx_word' id='word_1_225' title='bbox 1638 3250 1849 3339; x_wconf 85' lang='lat' dir='ltr'>redditibus,</span> <span class='ocrx_word' id='word_1_226' title='bbox 1876 3250 2045 3321; x_wconf 86' lang='lat' dir='ltr'>translata</span> 
     </span>
     <span class='ocr_line' id='line_1_22' title="bbox 499 3369 2141 3462; baseline 0.003 -24"><span class='ocrx_word' id='word_1_227' title='bbox 499 3373 554 3439; x_wconf 87' lang='lat' dir='ltr'>est</span> <span class='ocrx_word' id='word_1_228' title='bbox 578 3369 613 3440; x_wconf 87' lang='lat' dir='ltr'>in</span> <span class='ocrx_word' id='word_1_229' title='bbox 633 3370 795 3459; x_wconf 92' lang='lat' dir='ltr'>oppidum</span> <span class='ocrx_word' id='word_1_230' title='bbox 824 3370 1037 3443; x_wconf 82' lang='lat' dir='ltr'>SkanIna</span> <span class='ocrx_word' id='word_1_231' title='bbox 1063 3378 1099 3444; x_wconf 93' lang='lat' dir='ltr'>et</span> <span class='ocrx_word' id='word_1_232' title='bbox 1126 3371 1294 3462; x_wconf 89' lang='lat' dir='ltr'>plebanus</span> <span class='ocrx_word' id='word_1_233' title='bbox 1320 3373 1364 3444; x_wconf 91' lang='lat' dir='ltr'>de</span> <span class='ocrx_word' id='word_1_234' title='bbox 1391 3372 1605 3443; x_wconf 83' lang='lat' dir='ltr'>Skawiua</span> <span class='ocrx_word' id='word_1_235' title='bbox 1630 3392 1706 3442; x_wconf 88' lang='lat' dir='ltr'>eam</span> <span class='ocrx_word' id='word_1_236' title='bbox 1733 3377 1899 3461; x_wconf 84' lang='lat' dir='ltr'>tanquam</span> <span class='ocrx_word' id='word_1_237' title='bbox 1927 3372 2044 3443; x_wconf 88' lang='lat' dir='ltr'>matri·</span> <span class='ocrx_word' id='word_1_238' title='bbox 2140 3422 2141 3433; x_wconf 28' lang='lat' dir='ltr'>a</span> 
     </span>
     <span class='ocr_line' id='line_1_23' title="bbox 287 3492 2042 3592; baseline 0.001 -31"><span class='ocrx_word' id='word_1_239' title='bbox 287 3583 293 3592; x_wconf 20' lang='grc' dir='ltr'>ι</span> <span class='ocrx_word' id='word_1_240' title='bbox 499 3510 591 3580; x_wconf 86' lang='lat' dir='ltr'>cem,</span> <span class='ocrx_word' id='word_1_241' title='bbox 627 3511 691 3581; x_wconf 90' lang='lat' dir='ltr'>per</span> <span class='ocrx_word' id='word_1_242' title='bbox 717 3492 899 3582; x_wconf 73' lang='lat' dir='ltr'>specialem</span> <span class='ocrx_word' id='word_1_243' title='bbox 928 3493 1143 3565; x_wconf 79' lang='lat' dir='ltr'>sacerdotem</span> <span class='ocrx_word' id='word_1_244' title='bbox 1179 3493 1272 3564; x_wconf 90' lang='lat' dir='ltr'>circa</span> <span class='ocrx_word' id='word_1_245' title='bbox 1297 3513 1372 3564; x_wconf 88' lang='lat' dir='ltr'>eam</span> <span class='ocrx_word' id='word_1_246' title='bbox 1400 3493 1540 3564; x_wconf 86' lang='lat' dir='ltr'>assidue</span> <span class='ocrx_word' id='word_1_247' title='bbox 1566 3497 1779 3579; x_wconf 87' lang='lat' dir='ltr'>manentem,</span> <span class='ocrx_word' id='word_1_248' title='bbox 1816 3492 2042 3564; x_wconf 87' lang='lat' dir='ltr'>administrat</span> 
     </span>
     <span class='ocr_line' id='line_1_24' title="bbox 408 3611 2141 3714; baseline 0 -31"><span class='ocrx_word' id='word_1_249' title='bbox 408 3643 419 3660; x_wconf 93' lang='lat'><strong>·</strong></span> <span class='ocrx_word' id='word_1_250' title='bbox 498 3611 658 3684; x_wconf 83' lang='lat' dir='ltr'>Goufiuat</span> <span class='ocrx_word' id='word_1_251' title='bbox 685 3633 761 3684; x_wconf 91' lang='lat' dir='ltr'>cum</span> <span class='ocrx_word' id='word_1_252' title='bbox 789 3613 1066 3703; x_wconf 87' lang='lat' dir='ltr'>Kostrzecz,</span> <span class='ocrx_word' id='word_1_253' title='bbox 1101 3613 1385 3704; x_wconf 86' lang='lat' dir='ltr'>Skotbniky‚</span> <span class='ocrx_word' id='word_1_254' title='bbox 1421 3613 1671 3704; x_wconf 82' lang='lat' dir='ltr'>Szydzina,</span> <span class='ocrx_word' id='word_1_255' title='bbox 1707 3613 1984 3705; x_wconf 77' lang='lat' dir='ltr'>Korabnilsy</span> <span class='ocrx_word' id='word_1_256' title='bbox 2008 3619 2056 3714; x_wconf 46' lang='lat' dir='ltr'>et·</span> <span class='ocrx_word' id='word_1_257' title='bbox 2140 3618 2141 3705; x_wconf 51' lang='lat' dir='ltr'>l</span> 
     </span>
     <span class='ocr_line' id='line_1_25' title="bbox 498 3732 1457 3826; baseline -0.001 -23"><span class='ocrx_word' id='word_1_258' title='bbox 498 3732 791 3823; x_wconf 80' lang='lat' dir='ltr'>Schimbarli,</span> <span class='ocrx_word' id='word_1_259' title='bbox 819 3732 1182 3826; x_wconf 85' lang='lat' dir='ltr'>Praegorzalye‚</span> <span class='ocrx_word' id='word_1_260' title='bbox 1209 3735 1457 3826; x_wconf 88' lang='lat' dir='ltr'>Byelyany.</span> 
     </span>
     <span class='ocr_line' id='line_1_26' title="bbox 601 3853 2141 3952; baseline -0.001 -26"><span class='ocrx_word' id='word_1_261' title='bbox 601 3853 792 3946; x_wconf 76' lang='grc' dir='ltr'>Ριειιει,</span> <span class='ocrx_word' id='word_1_262' title='bbox 819 3855 902 3926; x_wconf 88' lang='lat' dir='ltr'>villa</span> <span class='ocrx_word' id='word_1_263' title='bbox 929 3857 993 3928; x_wconf 88' lang='lat' dir='ltr'>sub</span> <span class='ocrx_word' id='word_1_264' title='bbox 1021 3857 1186 3947; x_wconf 83' lang='lat' dir='ltr'>parochis</span> <span class='ocrx_word' id='word_1_265' title='bbox 1212 3856 1256 3927; x_wconf 92' lang='lat' dir='ltr'>de</span> <span class='ocrx_word' id='word_1_266' title='bbox 1282 3855 1516 3952; x_wconf 83' lang='lat' dir='ltr'>I&#39;biuyecz</span> <span class='ocrx_word' id='word_1_267' title='bbox 1544 3857 1625 3944; x_wconf 74' lang='lat' dir='ltr'>sita3</span> <span class='ocrx_word' id='word_1_268' title='bbox 1653 3857 1750 3926; x_wconf 89' lang='lat' dir='ltr'>cuius</span> <span class='ocrx_word' id='word_1_269' title='bbox 1776 3856 1975 3945; x_wconf 88' lang='lat' dir='ltr'>proprietas</span> <span class='ocrx_word' id='word_1_270' title='bbox 2000 3854 2039 3924; x_wconf 87' lang='lat' dir='ltr'>ad</span> <span class='ocrx_word' id='word_1_271' title='bbox 2140 3876 2141 3879; x_wconf 41' lang='lat'>¹</span> 
     </span>
     <span class='ocr_line' id='line_1_27' title="bbox 496 3973 2039 4070; baseline -0.001 -23"><span class='ocrx_word' id='word_1_272' title='bbox 496 3977 743 4048; x_wconf 88' lang='lat' dir='ltr'>monasterium</span> <span class='ocrx_word' id='word_1_273' title='bbox 772 3973 978 4049; x_wconf 87' lang='lat' dir='ltr'>Thiuciense</span> <span class='ocrx_word' id='word_1_274' title='bbox 1005 3979 1167 4070; x_wconf 89' lang='lat' dir='ltr'>pertinet.</span> <span class='ocrx_word' id='word_1_275' title='bbox 1195 3977 1235 4048; x_wconf 93' lang='lat' dir='ltr'>In</span> <span class='ocrx_word' id='word_1_276' title='bbox 1263 3997 1331 4067; x_wconf 90' lang='lat' dir='ltr'>qua</span> <span class='ocrx_word' id='word_1_277' title='bbox 1357 3982 1438 4048; x_wconf 89' lang='lat' dir='ltr'>suut</span> <span class='ocrx_word' id='word_1_278' title='bbox 1463 3977 1682 4047; x_wconf 84' lang='lat' dir='ltr'>hortulauIae</span> <span class='ocrx_word' id='word_1_279' title='bbox 1709 3998 1779 4064; x_wconf 87' lang='grc' dir='ltr'>εει,</span> <span class='ocrx_word' id='word_1_280' title='bbox 1807 3982 1843 4046; x_wconf 93' lang='lat' dir='ltr'>et</span> <span class='ocrx_word' id='word_1_281' title='bbox 1870 3976 2039 4066; x_wconf 90' lang='lat' dir='ltr'>quaelibet</span> 
     </span>
     <span class='ocr_line' id='line_1_28' title="bbox 458 4089 2140 4189; baseline 0 -22"><span class='ocrx_word' id='word_1_282' title='bbox 458 4089 602 4168; x_wconf 73' lang='lat' dir='ltr'>&#39;babet</span> <span class='ocrx_word' id='word_1_283' title='bbox 627 4098 697 4168; x_wconf 88' lang='lat' dir='ltr'>tria</span> <span class='ocrx_word' id='word_1_284' title='bbox 724 4099 838 4169; x_wconf 88' lang='lat' dir='ltr'>stadia</span> <span class='ocrx_word' id='word_1_285' title='bbox 864 4099 939 4189; x_wconf 83' lang='lat' dir='ltr'>agri</span> <span class='ocrx_word' id='word_1_286' title='bbox 968 4105 1003 4169; x_wconf 91' lang='lat' dir='ltr'>et</span> <span class='ocrx_word' id='word_1_287' title='bbox 1030 4105 1199 4170; x_wconf 87' lang='lat' dir='ltr'>vocantur</span> <span class='ocrx_word' id='word_1_288' title='bbox 1225 4100 1374 4169; x_wconf 88' lang='lat' dir='ltr'>maiores</span> <span class='ocrx_word' id='word_1_289' title='bbox 1400 4098 1588 4185; x_wconf 86' lang='lat' dir='ltr'>hortulani,</span> <span class='ocrx_word' id='word_1_290' title='bbox 1615 4105 1652 4168; x_wconf 93' lang='lat' dir='ltr'>et</span> <span class='ocrx_word' id='word_1_291' title='bbox 1677 4118 1745 4167; x_wconf 91' lang='lat' dir='ltr'>uon</span> <span class='ocrx_word' id='word_1_292' title='bbox 1773 4096 1866 4169; x_wconf 87' lang='lat' dir='ltr'>lanei</span> <span class='ocrx_word' id='word_1_293' title='bbox 1893 4097 2039 4167; x_wconf 83' lang='lat' dir='ltr'>cmetho</span> <span class='ocrx_word' id='word_1_294' title='bbox 2139 4134 2140 4139; x_wconf 62' lang='lat'><em>=</em></span> 
     </span>
     <span class='ocr_line' id='line_1_29' title="bbox 496 4218 2140 4313; baseline -0.002 -24"><span class='ocrx_word' id='word_1_295' title='bbox 496 4219 600 4308; x_wconf 78' lang='lat' dir='ltr'>ucles,</span> <span class='ocrx_word' id='word_1_296' title='bbox 628 4227 664 4290; x_wconf 88' lang='lat' dir='ltr'>et</span> <span class='ocrx_word' id='word_1_297' title='bbox 691 4219 838 4310; x_wconf 91' lang='lat' dir='ltr'>quilibet</span> <span class='ocrx_word' id='word_1_298' title='bbox 864 4220 969 4291; x_wconf 88' lang='lat' dir='ltr'>solvit</span> <span class='ocrx_word' id='word_1_299' title='bbox 996 4241 1061 4311; x_wconf 88' lang='lat' dir='ltr'>pro</span> <span class='ocrx_word' id='word_1_300' title='bbox 1088 4241 1194 4291; x_wconf 88' lang='lat' dir='ltr'>ceusu</span> <span class='ocrx_word' id='word_1_301' title='bbox 1213 4239 1273 4290; x_wconf 89' lang='lat' dir='ltr'>sex</span> <span class='ocrx_word' id='word_1_302' title='bbox 1291 4241 1442 4309; x_wconf 78' lang='lat' dir='ltr'>grossos,</span> <span class='ocrx_word' id='word_1_303' title='bbox 1469 4219 1560 4289; x_wconf 90' lang='lat' dir='ltr'>diem</span> <span class='ocrx_word' id='word_1_304' title='bbox 1586 4218 1779 4289; x_wconf 85' lang='lat' dir='ltr'>laborando</span> <span class='ocrx_word' id='word_1_305' title='bbox 1796 4218 1833 4288; x_wconf 89' lang='lat' dir='ltr'>in</span> <span class='ocrx_word' id='word_1_306' title='bbox 1852 4219 2038 4308; x_wconf 85' lang='lat' dir='ltr'>septimana</span> <span class='ocrx_word' id='word_1_307' title='bbox 2139 4244 2140 4313; x_wconf 70' lang='lat'><em>3</em></span> 
     </span>
     <span class='ocr_line' id='line_1_30' title="bbox 495 4339 2140 4432; baseline -0.001 -22"><span class='ocrx_word' id='word_1_308' title='bbox 495 4361 600 4411; x_wconf 91' lang='lat' dir='ltr'>unum</span> <span class='ocrx_word' id='word_1_309' title='bbox 628 4339 751 4430; x_wconf 88' lang='lat' dir='ltr'>pedes;</span> <span class='ocrx_word' id='word_1_310' title='bbox 792 4341 873 4412; x_wconf 86' lang='lat' dir='ltr'>item</span> <span class='ocrx_word' id='word_1_311' title='bbox 902 4361 968 4413; x_wconf 88' lang='lat' dir='ltr'>ova</span> <span class='ocrx_word' id='word_1_312' title='bbox 995 4342 1122 4432; x_wconf 89' lang='lat' dir='ltr'>decem,</span> <span class='ocrx_word' id='word_1_313' title='bbox 1149 4342 1233 4413; x_wconf 90' lang='lat' dir='ltr'>item</span> <span class='ocrx_word' id='word_1_314' title='bbox 1259 4341 1370 4431; x_wconf 82' lang='lat' dir='ltr'>gallos</span> <span class='ocrx_word' id='word_1_315' title='bbox 1397 4339 1484 4410; x_wconf 92' lang='lat' dir='ltr'>duos</span> <span class='ocrx_word' id='word_1_316' title='bbox 1511 4341 1547 4408; x_wconf 91' lang='lat' dir='ltr'>iu</span> <span class='ocrx_word' id='word_1_317' title='bbox 1574 4359 1667 4428; x_wconf 85' lang='lat' dir='ltr'>vere,</span> <span class='ocrx_word' id='word_1_318' title='bbox 1693 4339 1780 4410; x_wconf 89' lang='lat' dir='ltr'>duos</span> <span class='ocrx_word' id='word_1_319' title='bbox 1806 4342 1842 4409; x_wconf 91' lang='lat' dir='ltr'>iu</span> <span class='ocrx_word' id='word_1_320' title='bbox 1870 4345 2038 4427; x_wconf 80' lang='lat' dir='ltr'>autumnq</span> <span class='ocrx_word' id='word_1_321' title='bbox 2139 4390 2140 4393; x_wconf 63' lang='lat'>,</span> 
     </span>
     <span class='ocr_line' id='line_1_31' title="bbox 494 4460 2037 4552; baseline -0.001 -20"><span class='ocrx_word' id='word_1_322' title='bbox 494 4462 577 4532; x_wconf 86' lang='lat' dir='ltr'>item</span> <span class='ocrx_word' id='word_1_323' title='bbox 605 4481 741 4534; x_wconf 89' lang='lat' dir='ltr'>caseum</span> <span class='ocrx_word' id='word_1_324' title='bbox 773 4483 898 4552; x_wconf 91' lang='lat' dir='ltr'>unum;</span> <span class='ocrx_word' id='word_1_325' title='bbox 935 4463 1018 4534; x_wconf 92' lang='lat' dir='ltr'>item</span> <span class='ocrx_word' id='word_1_326' title='bbox 1054 4462 1216 4534; x_wconf 85' lang='lat' dir='ltr'>laborant</span> <span class='ocrx_word' id='word_1_327' title='bbox 1250 4462 1396 4552; x_wconf 83' lang='lat' dir='ltr'>siugulis</span> <span class='ocrx_word' id='word_1_328' title='bbox 1431 4460 1634 4550; x_wconf 90' lang='lat' dir='ltr'>septimanis</span> <span class='ocrx_word' id='word_1_329' title='bbox 1670 4460 1757 4532; x_wconf 91' lang='lat' dir='ltr'>duos</span> <span class='ocrx_word' id='word_1_330' title='bbox 1793 4460 1868 4531; x_wconf 90' lang='lat' dir='ltr'>dies</span> <span class='ocrx_word' id='word_1_331' title='bbox 1902 4461 2037 4551; x_wconf 90' lang='lat' dir='ltr'>proprio</span> 
     </span>
     <span class='ocr_line' id='line_1_32' title="bbox 495 4579 2139 4675; baseline -0.001 -23"><span class='ocrx_word' id='word_1_332' title='bbox 495 4603 599 4654; x_wconf 86' lang='lat' dir='ltr'>curru</span> <span class='ocrx_word' id='word_1_333' title='bbox 626 4587 687 4653; x_wconf 89' lang='lat' dir='ltr'>aut</span> <span class='ocrx_word' id='word_1_334' title='bbox 713 4587 840 4673; x_wconf 87' lang='lat' dir='ltr'>aratro,</span> <span class='ocrx_word' id='word_1_335' title='bbox 867 4589 1003 4655; x_wconf 90' lang='lat' dir='ltr'>metunt</span> <span class='ocrx_word' id='word_1_336' title='bbox 1031 4585 1183 4674; x_wconf 93' lang='lat' dir='ltr'>quinque</span> <span class='ocrx_word' id='word_1_337' title='bbox 1210 4584 1372 4672; x_wconf 80' lang='lat' dir='ltr'>cassulae,</span> <span class='ocrx_word' id='word_1_338' title='bbox 1412 4583 1496 4653; x_wconf 92' lang='lat' dir='ltr'>item</span> <span class='ocrx_word' id='word_1_339' title='bbox 1522 4601 1587 4672; x_wconf 92' lang='lat' dir='ltr'>pro</span> <span class='ocrx_word' id='word_1_340' title='bbox 1607 4579 1757 4675; x_wconf 85' lang='lat' dir='ltr'>powodo</span> <span class='ocrx_word' id='word_1_341' title='bbox 1782 4587 1918 4652; x_wconf 88' lang='lat' dir='ltr'>metunt</span> <span class='ocrx_word' id='word_1_342' title='bbox 1944 4583 2036 4672; x_wconf 89' lang='lat' dir='ltr'>quiu-</span> <span class='ocrx_word' id='word_1_343' title='bbox 2138 4598 2139 4669; x_wconf 29' lang='grc' dir='ltr'>ᾗ</span> 
     </span>
     <span class='ocr_line' id='line_1_33' title="bbox 495 4703 2035 4798; baseline -0.001 -24"><span class='ocrx_word' id='word_1_344' title='bbox 495 4723 561 4794; x_wconf 93' lang='lat' dir='ltr'>que</span> <span class='ocrx_word' id='word_1_345' title='bbox 589 4704 760 4794; x_wconf 80' lang='lat' dir='ltr'>cassulae,</span> <span class='ocrx_word' id='word_1_346' title='bbox 788 4710 824 4776; x_wconf 88' lang='lat' dir='ltr'>et</span> <span class='ocrx_word' id='word_1_347' title='bbox 850 4704 1016 4776; x_wconf 88' lang='lat' dir='ltr'>tredecim</span> <span class='ocrx_word' id='word_1_348' title='bbox 1049 4705 1211 4776; x_wconf 90' lang='lat' dir='ltr'>denarios</span> <span class='ocrx_word' id='word_1_349' title='bbox 1246 4711 1302 4775; x_wconf 90' lang='lat' dir='ltr'>ter</span> <span class='ocrx_word' id='word_1_350' title='bbox 1328 4705 1364 4774; x_wconf 91' lang='lat' dir='ltr'>in</span> <span class='ocrx_word' id='word_1_351' title='bbox 1391 4723 1481 4775; x_wconf 89' lang='lat' dir='ltr'>auno</span> <span class='ocrx_word' id='word_1_352' title='bbox 1508 4723 1572 4794; x_wconf 91' lang='lat' dir='ltr'>pro</span> <span class='ocrx_word' id='word_1_353' title='bbox 1598 4723 1762 4798; x_wconf 82' lang='lat' dir='ltr'>oprawu‚·</span> <span class='ocrx_word' id='word_1_354' title='bbox 1795 4703 1880 4773; x_wconf 88' lang='lat' dir='ltr'>item</span> <span class='ocrx_word' id='word_1_355' title='bbox 1906 4723 2035 4798; x_wconf 79' lang='lat' dir='ltr'>osszyep</span> 
     </span>
     <span class='ocr_line' id='line_1_34' title="bbox 493 4810 2139 4916; baseline -0.002 -19"><span class='ocrx_word' id='word_1_356' title='bbox 493 4847 562 4897; x_wconf 90' lang='lat' dir='ltr'>non</span> <span class='ocrx_word' id='word_1_357' title='bbox 590 4824 738 4914; x_wconf 89' lang='lat' dir='ltr'>solvunt,</span> <span class='ocrx_word' id='word_1_358' title='bbox 766 4824 828 4896; x_wconf 88' lang='lat' dir='ltr'>sed</span> <span class='ocrx_word' id='word_1_359' title='bbox 855 4845 918 4915; x_wconf 91' lang='lat' dir='ltr'>pro</span> <span class='ocrx_word' id='word_1_360' title='bbox 937 4845 1041 4897; x_wconf 87' lang='lat' dir='ltr'>vacca</span> <span class='ocrx_word' id='word_1_361' title='bbox 1068 4825 1215 4916; x_wconf 91' lang='lat' dir='ltr'>quilibet</span> <span class='ocrx_word' id='word_1_362' title='bbox 1233 4845 1352 4897; x_wconf 89' lang='lat' dir='ltr'>eorum</span> <span class='ocrx_word' id='word_1_363' title='bbox 1371 4831 1505 4915; x_wconf 87' lang='lat' dir='ltr'>septem</span> <span class='ocrx_word' id='word_1_364' title='bbox 1532 4843 1609 4895; x_wconf 88' lang='lat' dir='ltr'>cum</span> <span class='ocrx_word' id='word_1_365' title='bbox 1636 4824 1750 4895; x_wconf 92' lang='lat' dir='ltr'>medio</span> <span class='ocrx_word' id='word_1_366' title='bbox 1775 4843 1926 4914; x_wconf 82' lang='lat' dir='ltr'>grossos.</span> <span class='ocrx_word' id='word_1_367' title='bbox 1953 4823 2035 4894; x_wconf 89' lang='lat' dir='ltr'>Item</span> <span class='ocrx_word' id='word_1_368' title='bbox 2138 4810 2139 4885; x_wconf 62' lang='grc' dir='ltr'><strong>ὲ</strong></span> 
     </span>
     <span class='ocr_line' id='line_1_35' title="bbox 492 4943 2033 5036; baseline -0.004 -17"><span class='ocrx_word' id='word_1_369' title='bbox 492 4947 640 5019; x_wconf 88' lang='lat' dir='ltr'>taberna</span> <span class='ocrx_word' id='word_1_370' title='bbox 676 4961 744 5017; x_wconf 89' lang='lat' dir='ltr'>una</span> <span class='ocrx_word' id='word_1_371' title='bbox 779 4947 911 5018; x_wconf 88' lang='lat' dir='ltr'>babens</span> <span class='ocrx_word' id='word_1_372' title='bbox 947 4947 1087 5018; x_wconf 91' lang='lat' dir='ltr'>hortum</span> <span class='ocrx_word' id='word_1_373' title='bbox 1115 4953 1151 5017; x_wconf 88' lang='lat' dir='ltr'>et</span> <span class='ocrx_word' id='word_1_374' title='bbox 1177 4953 1333 5036; x_wconf 87' lang='lat' dir='ltr'>pratum,</span> <span class='ocrx_word' id='word_1_375' title='bbox 1369 4951 1405 5016; x_wconf 93' lang='lat' dir='ltr'>et</span> <span class='ocrx_word' id='word_1_376' title='bbox 1430 4946 1536 5017; x_wconf 86' lang='lat' dir='ltr'>solvit</span> <span class='ocrx_word' id='word_1_377' title='bbox 1561 4965 1625 5035; x_wconf 90' lang='lat' dir='ltr'>pro</span> <span class='ocrx_word' id='word_1_378' title='bbox 1653 4964 1758 5016; x_wconf 89' lang='lat' dir='ltr'>censu</span> <span class='ocrx_word' id='word_1_379' title='bbox 1785 4943 1872 5016; x_wconf 87' lang='lat' dir='ltr'>duas</span> <span class='ocrx_word' id='word_1_380' title='bbox 1899 4963 2033 5015; x_wconf 89' lang='lat' dir='ltr'>marcas.</span> 
     </span>
     <span class='ocr_line' id='line_1_36' title="bbox 492 5042 2139 5159; baseline -0.002 -21"><span class='ocrx_word' id='word_1_381' title='bbox 492 5067 579 5139; x_wconf 93' lang='lat' dir='ltr'>Item</span> <span class='ocrx_word' id='word_1_382' title='bbox 607 5048 825 5142; x_wconf 82' lang='lat' dir='ltr'>hortulauiae</span> <span class='ocrx_word' id='word_1_383' title='bbox 854 5073 1012 5159; x_wconf 88' lang='lat' dir='ltr'>quatuor,</span> <span class='ocrx_word' id='word_1_384' title='bbox 1041 5067 1216 5158; x_wconf 88' lang='lat' dir='ltr'>quaelibet</span> <span class='ocrx_word' id='word_1_385' title='bbox 1233 5065 1337 5139; x_wconf 83' lang='lat' dir='ltr'>solvit</span> <span class='ocrx_word' id='word_1_386' title='bbox 1362 5067 1529 5138; x_wconf 91' lang='lat' dir='ltr'>tredecim</span> <span class='ocrx_word' id='word_1_387' title='bbox 1555 5065 1716 5137; x_wconf 86' lang='lat' dir='ltr'>denarius</span> <span class='ocrx_word' id='word_1_388' title='bbox 1734 5067 1769 5136; x_wconf 92' lang='lat' dir='ltr'>iu</span> <span class='ocrx_word' id='word_1_389' title='bbox 1789 5071 1939 5156; x_wconf 90' lang='lat' dir='ltr'>quatuor</span> <span class='ocrx_word' id='word_1_390' title='bbox 1954 5071 2033 5136; x_wconf 89' lang='lat' dir='ltr'>tem·</span> <span class='ocrx_word' id='word_1_391' title='bbox 2135 5042 2139 5105; x_wconf 69' lang='lat' dir='ltr'>l</span> 
     </span>
     <span class='ocr_line' id='line_1_37' title="bbox 491 5187 2032 5281; baseline -0.004 -19"><span class='ocrx_word' id='word_1_392' title='bbox 491 5191 643 5279; x_wconf 89' lang='lat' dir='ltr'>poribus,</span> <span class='ocrx_word' id='word_1_393' title='bbox 672 5189 758 5262; x_wconf 90' lang='lat' dir='ltr'>duos</span> <span class='ocrx_word' id='word_1_394' title='bbox 784 5211 925 5280; x_wconf 83' lang='lat' dir='ltr'>grossos</span> <span class='ocrx_word' id='word_1_395' title='bbox 952 5211 1016 5280; x_wconf 91' lang='lat' dir='ltr'>pro</span> <span class='ocrx_word' id='word_1_396' title='bbox 1036 5209 1147 5279; x_wconf 86' lang='lat' dir='ltr'>vacca,</span> <span class='ocrx_word' id='word_1_397' title='bbox 1173 5188 1341 5260; x_wconf 91' lang='lat' dir='ltr'>tredecim</span> <span class='ocrx_word' id='word_1_398' title='bbox 1368 5187 1529 5260; x_wconf 90' lang='lat' dir='ltr'>denarios</span> <span class='ocrx_word' id='word_1_399' title='bbox 1556 5209 1620 5278; x_wconf 89' lang='lat' dir='ltr'>pro</span> <span class='ocrx_word' id='word_1_400' title='bbox 1637 5207 1787 5281; x_wconf 60' lang='lat' dir='ltr'>mewa,</span> <span class='ocrx_word' id='word_1_401' title='bbox 1814 5188 2032 5273; x_wconf 80' lang='lat' dir='ltr'>termnum,</span> 
     </span>
     <span class='ocr_line' id='line_1_38' title="bbox 491 5307 2029 5401; baseline -0.004 -19"><span class='ocrx_word' id='word_1_402' title='bbox 491 5316 528 5382; x_wconf 92' lang='lat' dir='ltr'>et</span> <span class='ocrx_word' id='word_1_403' title='bbox 553 5312 716 5383; x_wconf 89' lang='lat' dir='ltr'>laborant</span> <span class='ocrx_word' id='word_1_404' title='bbox 751 5311 838 5383; x_wconf 92' lang='lat' dir='ltr'>duos</span> <span class='ocrx_word' id='word_1_405' title='bbox 874 5311 1010 5383; x_wconf 89' lang='lat' dir='ltr'>diesin</span> <span class='ocrx_word' id='word_1_406' title='bbox 1039 5311 1235 5401; x_wconf 88' lang='lat' dir='ltr'>septimana</span> <span class='ocrx_word' id='word_1_407' title='bbox 1268 5309 1393 5400; x_wconf 88' lang='lat' dir='ltr'>pedes,</span> <span class='ocrx_word' id='word_1_408' title='bbox 1429 5315 1466 5379; x_wconf 94' lang='lat' dir='ltr'>et</span> <span class='ocrx_word' id='word_1_409' title='bbox 1492 5307 1578 5380; x_wconf 89' lang='lat' dir='ltr'>duas</span> <span class='ocrx_word' id='word_1_410' title='bbox 1614 5309 1766 5380; x_wconf 78' lang='lat' dir='ltr'>causulas</span> <span class='ocrx_word' id='word_1_411' title='bbox 1800 5315 1936 5380; x_wconf 88' lang='lat' dir='ltr'>metunt</span> <span class='ocrx_word' id='word_1_412' title='bbox 1961 5327 2029 5378; x_wconf 86' lang='lat' dir='ltr'>cum</span> 
     </span>
     <span class='ocr_line' id='line_1_39' title="bbox 404 5417 2030 5524; baseline -0.004 -21"><span class='ocrx_word' id='word_1_413' title='bbox 404 5417 407 5424; x_wconf 59' lang='grc'><strong>’</strong></span> <span class='ocrx_word' id='word_1_414' title='bbox 442 5466 444 5476; x_wconf 91' lang='grc'><em>·</em></span> <span class='ocrx_word' id='word_1_415' title='bbox 492 5433 614 5504; x_wconf 91' lang='lat' dir='ltr'>media.</span> <span class='ocrx_word' id='word_1_416' title='bbox 658 5433 745 5504; x_wconf 90' lang='lat' dir='ltr'>Item</span> <span class='ocrx_word' id='word_1_417' title='bbox 772 5433 951 5524; x_wconf 88' lang='lat' dir='ltr'>praedium</span> <span class='ocrx_word' id='word_1_418' title='bbox 979 5432 1178 5504; x_wconf 88' lang='lat' dir='ltr'>coenobiale</span> <span class='ocrx_word' id='word_1_419' title='bbox 1204 5437 1260 5504; x_wconf 87' lang='lat' dir='ltr'>est</span> <span class='ocrx_word' id='word_1_420' title='bbox 1286 5432 1346 5521; x_wconf 87' lang='lat' dir='ltr'>ibi,</span> <span class='ocrx_word' id='word_1_421' title='bbox 1387 5431 1430 5502; x_wconf 94' lang='lat' dir='ltr'>de</span> <span class='ocrx_word' id='word_1_422' title='bbox 1457 5431 1554 5502; x_wconf 88' lang='lat' dir='ltr'>cuius</span> <span class='ocrx_word' id='word_1_423' title='bbox 1581 5431 1675 5521; x_wconf 75' lang='lat' dir='ltr'>agris</span> <span class='ocrx_word' id='word_1_424' title='bbox 1702 5430 1949 5502; x_wconf 90' lang='lat' dir='ltr'>monasterium</span> <span class='ocrx_word' id='word_1_425' title='bbox 1974 5447 2030 5518; x_wconf 92' lang='lat' dir='ltr'>pro</span> 
     </span>
     <span class='ocr_line' id='line_1_40' title="bbox 492 5551 2030 5644; baseline -0.003 -23"><span class='ocrx_word' id='word_1_426' title='bbox 492 5573 529 5622; x_wconf 91' lang='lat' dir='ltr'>se</span> <span class='ocrx_word' id='word_1_427' title='bbox 556 5553 649 5623; x_wconf 87' lang='lat' dir='ltr'>tollit</span> <span class='ocrx_word' id='word_1_428' title='bbox 674 5555 850 5626; x_wconf 90' lang='lat' dir='ltr'>decimam.</span> <span class='ocrx_word' id='word_1_429' title='bbox 878 5554 966 5626; x_wconf 92' lang='lat' dir='ltr'>Item</span> <span class='ocrx_word' id='word_1_430' title='bbox 994 5574 1113 5625; x_wconf 89' lang='lat' dir='ltr'>omnes</span> <span class='ocrx_word' id='word_1_431' title='bbox 1141 5555 1216 5644; x_wconf 81' lang='lat' dir='ltr'>agri</span> <span class='ocrx_word' id='word_1_432' title='bbox 1235 5551 1515 5642; x_wconf 76' lang='lat' dir='ltr'>uillae,&#39;solvuut</span> <span class='ocrx_word' id='word_1_433' title='bbox 1540 5552 1707 5622; x_wconf 85' lang='lat' dir='ltr'>decimam</span> <span class='ocrx_word' id='word_1_434' title='bbox 1729 5552 1975 5641; x_wconf 89' lang='lat' dir='ltr'>manipularem</span> <span class='ocrx_word' id='word_1_435' title='bbox 1999 5551 2030 5617; x_wconf 93' lang='lat' dir='ltr'>et</span> 
     </span>
     <span class='ocr_line' id='line_1_41' title="bbox 492 5673 2029 5768; baseline -0.003 -25"><span class='ocrx_word' id='word_1_436' title='bbox 492 5673 689 5764; x_wconf 77' lang='lat' dir='ltr'>muopalem</span> <span class='ocrx_word' id='word_1_437' title='bbox 718 5681 754 5746; x_wconf 93' lang='lat' dir='ltr'>et</span> <span class='ocrx_word' id='word_1_438' title='bbox 779 5675 975 5750; x_wconf 88' lang='lat' dir='ltr'>conducunt</span> <span class='ocrx_word' id='word_1_439' title='bbox 1002 5696 1065 5768; x_wconf 87' lang='lat' dir='ltr'>pro</span> <span class='ocrx_word' id='word_1_440' title='bbox 1092 5676 1304 5748; x_wconf 86' lang='lat' dir='ltr'>monasterio</span> <span class='ocrx_word' id='word_1_441' title='bbox 1331 5673 1561 5764; x_wconf 75' lang='lat' dir='ltr'>&#39;Ibincziensi</span> <span class='ocrx_word' id='word_1_442' title='bbox 1588 5673 1686 5745; x_wconf 85' lang='lat' dir='ltr'>cuius</span> <span class='ocrx_word' id='word_1_443' title='bbox 1713 5673 1811 5745; x_wconf 86' lang='lat' dir='ltr'>valor</span> <span class='ocrx_word' id='word_1_444' title='bbox 1828 5673 1874 5745; x_wconf 90' lang='lat' dir='ltr'>ad</span> <span class='ocrx_word' id='word_1_445' title='bbox 1893 5676 2029 5764; x_wconf 89' lang='lat' dir='ltr'>quatuor</span> 
     </span>
    </p>
   </div>
   <div class='ocr_carea' id='block_1_3' title="bbox 0 0 2250 6592">
    <p class='ocr_par' dir='ltr' id='par_1_3' title="bbox 0 0 2250 6592">
     <span class='ocr_line' id='line_1_42' title="bbox 0 0 2250 6592; baseline 0 5"><span class='ocrx_word' id='word_1_446' title='bbox 0 0 2250 6592; x_wconf 95' lang='lat' dir='ltr'> </span> 
     </span>
    </p>
   </div>
  </div>
 </body>
</html>
