4492 6592
1662 761 1737 832 217

167 947 405 1023 Thincziensi
432 951 618 1042 alienavit,
654 958 839 1043 siparum
866 957 1106 1058 supervivens,
1149 959 1186 1028 in
1212 958 1305 1030 bello
1331 979 1394 1051 per
1421 960 1737 1038 Alexandrum

165 1069 477 1143 Vithawdum
503 1072 724 1163 lithuanum,
751 1095 913 1165 magnum
940 1075 1061 1148 (lucem
1080 1077 1297 1168 Lithvaniae,
1324 1086 1446 1152 contra
1463 1081 1629 1156 Tartaros
1647 1086 1739 1158 circa

165 1189 317 1262 fluvium
349 1190 574 1264 Worzkla
607 1197 705 1282 acto,
742 1173 833 1265 anno
864 1194 1002 1266 Domini
1034 1197 1130 1271 1398
1158 1197 1379 1289 interiectus,
1414 1201 1575 1292 iustoque
1609 1203 1737 1276 iudicio

166 1309 290 1382 amisit
320 1311 479 1402 propriu,
507 1313 566 1403 qni
594 1317 825 1404 occupaverat
850 1313 972 1386 aliena.
1595 1343 1598 1347 ·

276 1429 626 1524 eracmowuczra',
665 1432 1046 1526 Strzegoczicze,
1086 1435 1590 1532 Byeszdzechowycze,
1629 1441 1737 1514 Lan·
1852 1515 1857 1528 ,

137 1553 305 1642 'lrorz,
336 1551 679 1646 Gznepethnyk
706 1554 792 1626 alias
818 1554 1257 1647 Swyepyethuicza,
1283 1558 1510 1651 Szebnye,
1536 1559 1736 1635 Grocho-

166 1672 326 1764 lycze,
373 1674 573 1764 Thurza,
615 1674 843 1768 Szebuya,
884 1674 1138 1768 Gaeklyno,
1177 1674 1479 1753 Damlirowno
1506 1685 1673 1774 unaque,
1699 1688 1737 1755 et
1801 1701 1805 1708 ‘

168 1794 278 1866 tertia
306 1794 630 1868 Dambrowno.
1671 1780 1675 1786 ’

280 1912 533 2000 Notandum,
571 1914 662 2006 quod
689 1915 797 1988 abbas
824 1913 1060 1988 Thincziensis
1104 1915 1332 2011 Albertus
1368 1924 1404 1990 et
1430 1925 1618 1993 conventus
1644 1943 1735 1995 anno

171 2035 318 2107 Domini
354 2038 466 2109 1287.
494 2023 602 2110 serto¹
620 2037 699 2108 idus
725 2036 818 2127 Mai,
859 2057 935 2108 cum
962 2035 1108 2111 Paulo
1135 2039 1297 2129 episcopo
1328 2040 1549 2132 capituloque
1574 2040 1736 2114 Grucori-

171 2155 247 2226 ensi
275 2155 442 2228 fecerunt
468 2140 679 2230 decimarum
707 2157 1020 2247 commutationem,
1048 2163 1084 2229 et
1109 2160 1260 2248 receptis
1286 2161 1331 2232 ab
1349 2160 1512 2252 episcopo
1529 2166 1567 2232 et
1584 2162 1736 2252 capitulo

172 2274 405 2350 Oracoviensi
440 2277 574 2350 duabus
609 2276 752 2350 decimis
778 2278 1071 2368 manipularibus,
1098 2279 1135 2349 in
1162 2284 1312 2369 utraque
1348 2280 1510 2352 videlicet
1535 2281 1734 2373 Leucae,

172 2397 269 2469 villis
293 2397 465 2470 videlicet
490 2399 526 2470 in
553 2404 651 2470 terra
676 2397 895 2471 Zathoriensi
922 2403 960 2470 et
985 2400 1021 2469 in
1048 2399 1277 2472 castellauatu
1304 2398 1543 2491 Gracomensi,
1581 2401 1645 2474 sub
1673 2423 1735 2494 pa·

175 2519 296 2590 rochia
325 2519 373 2590 de
400 2519 770 2591 Radzessowslra
805 2517 983 2610 Wolya,
1018 2523 1054 2592 et
1081 2520 1116 2590 in
1143 2519 1228 2590 villa
1253 2519 1441 2592 Zorzow
1477 2521 1542 2592 sub
1568 2522 1735 2612 parochia

175 2638 218 2710 de
242 2638 467 2710 Skawina
493 2639 597 2711 etiam
625 2627 786 2741 interra
811 2639 1031 2711 Zathoriensi
1058 2639 1146 2729 sitis,
1173 2645 1210 2712 et
1235 2660 1300 2730 pro
1327 2639 1469 2712 decimis
1494 2641 1670 2714 novalium
1696 2643 1761 2715 in,

176 2759 272 2831 silvis
300 2761 509 2832 monasterii
536 2779 600 2850 per
627 2779 859 2850 quoscumque
885 2757 1100 2850 excolendis,
1127 2758 1299 2832 dederunt
1324 2760 1486 2852 episeopo
1505 2759 1734 2834 ,cracoviensi

177 2878 330 2952 decimas
350 2880 586 2970 manipulares
603 2879 640 2951 in
658 2880 759 2970 villis,
786 2879 949 2952 videlicet
974 2879 1105 2970 triplici
1130 2879 1433 2952 Dambronno
1459 2900 1569 2972 prope
1594 2882 1734 2955 Lelow

179 3000 268 3090 sitis,
306 3019 399 3092 quae
425 3005 510 3072 tunc
535 2997 579 3071 ad
605 3001 855 3091 proprietatem
881 3000 1084 3072 monasterii
1112 2999 1349 3072 Thincziensis
1375 3001 1614 3093 pertinebant,
1648 3002 1733 3074 item

179 3120 330 3192 decimas
358 3121 592 3210 manipulares
619 3121 655 3190 in
682 3111 776 3205 villis
802 3121 997 3192 Biczina
1031 3121 1067 3192 in
1094 3120 1323 3192 castellanam
1348 3121 1393 3193 de
1419 3119 1661 3212 chronon,
1695 3127 1735 3193 et

182 3239 561 3313 Gorczslawicze
588 3242 631 3312 de
658 3241 885 3313 castellanatu
911 3239 1142 3330 Wisliciensi,
1170 3261 1256 3332 quaa
1282 3241 1388 3314 etiam
1413 3239 1515 3313 villas
1541 3241 1734 3316 Biozina
1762 3283 1765 3288 ·

180 3368 214 3432 et
240 3360 619 3434 Gorozslawioze
646 3367 682 3433 et
708 3381 827 3434 earum
854 3362 1120 3452 proprietatem,
1148 3381 1251 3464 quam
1276 3366 1361 3434 tunc
1386 3361 1495 3445 abbas
1522 3367 1560 3434 et
1585 3382 1734 3436 conven-

107 3575 108 3582 ἵ
182 3487 235 3554 tus
263 3482 506 3554 Thincziensis
528 3482 690 3571 habebat,
717 3481 874 3572 praefato
902 3482 1064 3573 episcopo
1091 3482 1236 3554 Paulo
1262 3489 1299 3554 et
1326 3503 1389 3554 suo
1416 3483 1632 3574 episcopatui
1650 3481 1734 3554 Ora·

184 3604 334 3675 curiensi
361 3603 548 3675 donatione
584 3607 754 3693 perpetua
789 3601 936 3675 donasse
972 3608 1008 3674 et
1043 3602 1258 3694 resignasse3
1294 3602 1339 3674 (le
1365 3623 1433 3694 quo
1459 3603 1496 3674 in
1522 3604 1733 3675 monasterio
1868 3602 1874 3612 “

184 3721 400 3795 l'hincziensi
427 3722 577 3794 habetur
603 3722 712 3812 ipsius
738 3720 873 3808 Pauli
913 3721 1067 3814 episcopi
1093 3727 1131 3793 et
1156 3723 1300 3813 capituli
1325 3721 1566 3795 cracoviensis
1592 3722 1734 3813 privile-
1860 3729 1867 3741 '
1949 3827 1952 3834 Ι

185 3863 282 3932 grum.
689 3909 693 3919 .

282 3963 449 4053 Ouarar,
493 3962 691 4055 Smylno‚
733 3959 962 4052 Gzechow,
1001 3961 1273 4051 Pomoczno,
1313 3961 1498 4051 struae,
1538 3960 1733 4033 Bezdze-

188 4083 434 4176 chowicae,
461 4083 735 4173 Tharnowo,
761 4080 952 4174 Pylzno,
980 4081 1377 4174 Mysloszowicze.

283 4204 543 4294 Wouowroza,
570 4204 653 4275 villa
678 4203 743 4276 sub
770 4203 936 4293 parochia
962 4203 1005 4274 de
1032 4200 1376 4295 Gzyrnyechow
1401 4201 1487 4291 sita,
1526 4200 1624 4274 cuius
1650 4221 1733 4291 pro·

188 4323 312 4410 pristas
348 4326 430 4397 olim
465 4323 665 4416 pertinebat
691 4323 735 4396 ad
761 4323 1011 4396 monasterium
1047 4321 1292 4412 Tlrineziense3
1332 4321 1394 4394 sed
1428 4322 1580 4394 cambita
1615 4325 1733 4392 estet

190 4441 265 4516 data
288 4447 500 4520 monasterio
540 4447 576 4518 in
603 4444 993 4537 Szwyerzynyecz
1027 4444 1339 4517 sanctimonialium
1377 4442 1508 4515 ordinis
1543 4440 1732 4513 Praemou·

191 4567 383 4656 stratensis,
418 4566 521 4656 pleno
547 4567 623 4637 iure
651 4571 687 4636 et
713 4585 790 4637 cum
818 4564 978 4640 scoltetia
1004 4565 1040 4635 in
1067 4563 1296 4652 Kolbark,
1331 4583 1397 4654 pro
1423 4561 1508 4634 villa
1532 4562 1732 4654 Lyszlry,

192 4703 283 4770 quam
310 4687 416 4758 etiam
443 4707 534 4758 nunc
560 4691 658 4757 tenet
684 4686 786 4776 pleno
813 4686 889 4756 iure
915 4686 1162 4758 monasterium
1190 4683 1424 4756 Thincziense.
1545 4725 1551 4732 -

286 4792 500 4895 Duarum
528 4805 836 4897 Ozobalpoze,
862 4804 1032 4897 Byden.

285 4924 626 5016 Lauszmnowucan,
645 4927 728 4999 villa
746 4927 810 4998 sub
828 4927 994 5018 parochia
1012 4925 1143 5019 Wyrz
1155 4927 1210 5028 by
1220 4945 1298 4997 cas
1315 4927 1352 4996 in
1369 4931 1468 4997 terra
1485 4910 1733 5011 Thesclrneusi,

195 5061 291 5135 prope
317 5047 572 5120 Ostrawam
600 5047 774 5138 oppidum.
1187 5035 1196 5050 ’
1331 5026 1335 5038 ’
1706 5046 1710 5067 “

288 5167 475 5260 Burman,
502 5169 586 5240 villo
603 5170 667 5241 sub
685 5168 852 5259 parochis
870 5168 913 5240 de
939 5167 1087 5239 Slawlr
1100 5188 1163 5240 ou
1189 5167 1266 5255 sita,
1293 5166 1389 5237 cuius
1413 5164 1608 5256 proprietas
1625 5162 1732 5234 etiem

197 5298 276 5356 nnuc
300 5290 343 5361 ad
371 5291 608 5388 episcopatum
636 5287 899 5362 cracoviensem
936 5289 1106 5379 pertinet,
1140 5307 1212 5358 una
1246 5307 1322 5357 cum
1349 5285 1483 5357 decima
1513 5282 1731 5373 manipulari,

201 5419 289 5490 quam
327 5411 554 5482 Albertus
591 5409 698 5482 abbas
738 5416 774 5480 et
814 5413 1003 5480 conventus
1044 5405 1278 5478 Thincriensis
1313 5419 1377 5496 pro
1416 5386 1500 5476 uilla
1535 5409 1571 5477 et
1600 5403 1733 5475 decium

202 5521 290 5599 villae
306 5527 394 5604 Gor
405 5551 451 5604 cz
461 5509 678 5603 s'lawicze
704 5531 739 5602 in
758 5529 956 5602 Visliciensi
976 5528 1204 5600 castellanam
1224 5527 1301 5616 situ,
1319 5546 1396 5597 cum
1412 5531 1532 5598 essent
1550 5525 1593 5597 de
1611 5545 1731 5597 eorum
1787 5627 1796 5642 ἱ

290 5814 502 5893 mamm
952 5795 958 5806 '
1527 5797 1566 5849 2⁸
