4492 6592
1642 739 1751 846 'oa

204 964 413 1040 nmasterio
439 966 591 1060 quinque
617 983 763 1042 marcas
789 965 1009 1044 Commutata
1034 987 1098 1064 pro
1125 973 1209 1046 uilla
1234 971 1513 1067 Slauoszou,
1530 995 1608 1050 cum
1625 975 1753 1052 Janua·

205 1087 253 1158 sio
277 1084 525 1178 Dlngoscb„

299 1204 500 1299 Kosrrns‘,
526 1207 610 1280 villa
635 1228 700 1301 pro
726 1209 1034 1284 Slawoscbow
1060 1213 1269 1306 deeambita,
1296 1216 1361 1288 sub
1388 1217 1555 1307 parocbia
1581 1219 1750 1292 ecclesiae

203 1325 242 1398 de
266 1321 458 1417 Gnoyuo
486 1327 563 1418 sita
590 1330 689 1402 onius
714 1330 910 1422 proprietas
937 1331 982 1404 ad
1008 1327 1257 1406 monasterinm
1273 1334 1317 1408 de
1335 1336 1491 1410 Buslro
1517 1339 1679 1429 pertinet
1707 1340 1749 1411 In

89 1517 90 1520 1
203 1452 376 1538 quaeunt
402 1447 472 1520 duo
498 1449 590 1545 lanei
616 1451 861 1544 emetbonales,
887 1457 925 1526 et
951 1453 1097 1546 quilibet
1118 1453 1225 1526 solvit
1240 1477 1305 1546 pro
1323 1473 1429 1529 censu
1446 1478 1552 1554 unum
1569 1456 1750 1570 fertonem,
1888 1513 1892 1522 .

202 1571 280 1641 item
312 1568 446 1661 gallos,
481 1569 565 1642 Item
596 1591 681 1662 ova,
706 1573 791 1644 item
818 1593 958 1663 esseos;
985 1575 1070 1646 Item
1099 1575 1246 1665 quilibet
1281 1577 1325 1648 de
1351 1577 1452 1650 laneo
1478 1578 1618 1652 laborat
1643 1601 1750 1652 unum

202 1689 287 1762 diem
312 1691 351 1762 in
379 1681 574 1782 septimana
607 1711 672 1782 per
705 1698 819 1766 totum
846 1715 983 1766 aunum.
1023 1694 1111 1767 Item
1146 1694 1326 1791 poscebam
1355 1719 1426 1768 non
1459 1698 1639 1791 laborant,
1665 1701 1749 1772 item
1859 1733 1863 1740 ⁴
1989 1683 1995 1690 ⁵

200 1831 310 1906 ossyap
336 1832 409 1883 nou
436 1812 583 1884 solvunt
609 1813 697 1884 Item
723 1835 793 1887 non
820 1819 874 1888 est
900 1815 937 1886 in
963 1815 1085 1888 eadem
1111 1817 1196 1889 villa
1221 1817 1412 1909 praedium,
1439 1839 1551 1910 neque
1578 1821 1746 1918 molendi-

89 2003 91 2014 ,
203 1951 288 2022 num,
314 1929 402 2004 item
428 1953 500 2006 non
526 1937 609 2006 sunt
638 1933 868 2008 hortulaniae.
896 1935 984 2008 Item
1011 1925 1132 2010 omnes
1158 1938 1236 2028 agri
1261 1937 1365 2010 uillae
1392 1939 1533 2012 solvunt
1557 1945 1594 2012 et
1621 1941 1751 2013 condu-

89 2111 91 2118 .
201 2055 278 2122 euut
311 2051 483 2126 decimam
518 2053 769 2146 manipularem
796 2059 832 2127 et
858 2057 1057 2147 canapalem
1083 2056 1301 2149 episcopatui
1325 2057 1563 2152 cracoviensi,
1589 2066 1628 2132 et
1645 2062 1751 2134 ualor

202 2172 270 2244 eius
296 2173 506 2258 aestimetur
540 2174 588 2248 ad
620 2180 693 2248 tres
728 2196 872 2249 marcas.
912 2177 1001 2250 Item
1036 2184 1117 2250 sunt
1151 2180 1188 2250 in
1223 2179 1345 2252 eadem
1372 2180 1457 2252 villa
1481 2185 1561 2252 tres
1581 2182 1751 2256 tabernae

89 2353 90 2356 1
199 2293 361 2366 babentes
389 2295 513 2386 agros,
539 2299 576 2367 et
601 2295 777 2387 quaelibet
802 2297 908 2370 soluit
930 2319 997 2388 pro
1024 2319 1130 2371 censu
1156 2299 1275 2372 decem
1302 2299 1444 2372 scottos.
1484 2299 1645 2374 confluat
1671 2323 1748 2374 cum
1808 2335 1815 2343 ·
1855 2299 1859 2304 ’

147 2445 148 2453 ¹
199 2413 322 2486 eisdem
349 2413 454 2506 villis,
483 2435 560 2488 cum
587 2417 712 2507 quibus
738 2423 775 2491 et
800 2417 985 2492 Sluaou
1012 2417 1233 2492 commutata
1257 2419 1749 2512 prouilIaSlawoscbou

198 2554 270 2608 cnm
295 2533 465 2610 Ianussio
491 2536 739 2632 Dluqoscb.
1425 2640 1428 2644 ι

296 2654 554 2750 Onrczauow,
581 2659 666 2734 uilla
691 2679 801 2751 prope
827 2657 1166 2734 Sandomiriam
1192 2661 1278 2752 sita,
1304 2663 1437 2760 babens
1462 2663 1613 2753 ligneam
1639 2664 1748 2736 eccle-
1812 2690 1815 2694 ·

199 2776 278 2883 siam
313 2779 351 2850 iu
388 2799 446 2870 se,
482 2781 579 2854 cuins
613 2781 812 2872 proprietas
847 2799 925 2854 cum
952 2782 1045 2854 omni
1071 2782 1148 2852 iure
1182 2781 1228 2852 ad
1253 2783 1501 2855 monasterium
1527 2785 1563 2855 iu
1591 2784 1747 2856 Buslro

198 2899 364 2990 pertinet,
392 2903 430 2972 et
455 2901 539 2974 licet
564 2901 609 2973 ad
635 2902 884 2974 monasterium
909 2901 1304 2994 Krzyzanouicze
1338 2923 1382 2974 er
1407 2904 1522 2994 prima
1545 2903 1753 2976 fundatione·

97 3060 104 3072 ·
196 3019 411 3112 pertinuerit,
438 3022 532 3094 eirea
556 3021 821 3094 translationem
846 3027 964 3094 amen
990 3023 1312 3114 sanctimonialium,
1338 3025 1438 3096 uulta
1464 3030 1501 3096 et
1524 3025 1747 3116 Incorporata

196 3145 245 3210 est
278 3143 494 3215 monasterio
530 3144 567 3214 in
593 3131 791 3216 Buszlro:
825 3143 866 3215 In
893 3163 961 3234 qua
996 3149 1078 3216 sunt
1103 3143 1285 3216 duodecim
1311 3143 1403 3215 lanei
1429 3145 1682 3236 cmetbouales,
1708 3152 1746 3218 et

197 3261 336 3351 quilibet
372 3263 480 3336 solvit
514 3285 578 3354 pro
614 3283 720 3336 ceusu
757 3263 951 3355 quIndecim
987 3269 1138 3355 scottos,
1173 3266 1257 3340 item
1283 3285 1368 3356 oua,
1395 3265 1479 3336 item
1505 3266 1636 3356 gallos,
1662 3267 1772 3338 item.

197 3401 326 3472 caseos3
353 3383 443 3454 item
469 3383 615 3474 quilibet
640 3383 684 3456 de
710 3384 812 3456 laneo
838 3384 976 3457 laborat
1002 3406 1108 3458 unum
1135 3385 1226 3480 diem
1253 3386 1288 3471 iu
1311 3385 1509 3476 septimana
1535 3405 1745 3475 perannum

197 3501 385 3594 integrum,
413 3504 497 3575 item
523 3504 659 3576 ratione
685 3525 803 3600 osaycp
829 3506 934 3578 soluit
959 3506 1106 3598 quilibet
1132 3505 1176 3578 de
1201 3505 1302 3578 laneo
1329 3525 1390 3576 sex
1417 3506 1542 3578 choros
1560 3526 1692 3579 arenae
1709 3512 1747 3578 et
1813 3541 1825 3548 -

197 3628 340 3712 quatuor
366 3625 519 3716 siliginis
544 3645 727 3698 mensurae
753 3631 973 3718 coaequatae.
998 3627 1087 3698 Item
1113 3632 1169 3698 est
1195 3647 1265 3698 uua
1289 3627 1437 3698 taberna
1461 3627 1498 3697 in
1525 3625 1646 3698 eadem
1664 3627 1747 3699 uilla

197 3743 321 3817 babens
346 3767 463 3839 agros,
489 3753 526 3818 et
552 3747 658 3819 soluit
684 3747 769 3820 duas
796 3769 942 3822 marcas.
981 3748 1070 3820 Item
1096 3753 1181 3820 sunt
1205 3746 1295 3820 duae
1320 3747 1561 3839 hortulaniae,
1588 3747 1651 3820 sed
1677 3768 1746 3819 non

89 3867 90 3892 ³
199 3865 320 3940 babent
356 3887 481 3959 agros,
507 3873 544 3940 et
580 3857 720 3940 censum
755 3890 825 3941 non
860 3869 1018 3960 solvunt,
1045 3869 1107 3942 sed
1133 3868 1288 3959 pedestri
1313 3867 1433 3940 labore
1459 3887 1565 3939 unum
1591 3867 1683 3940 diem
1709 3868 1746 3938 in

198 3988 386 4078 septimana
407 3989 591 4062 'laborant
626 3989 715 4062 Item
742 3991 976 4063 molendinum
1002 3996 1058 4062 est
1084 3990 1120 4060 in
1147 3989 1268 4092 eadem
1295 3989 1386 4060 uilla
1425 3989 1514 4060 Item
1539 3988 1646 4061 babet
1672 3989 1746 4079 ple-

197 4107 300 4180 banus
326 4131 435 4203 agros
460 4112 631 4203 proprios,
659 4111 702 4184 de
730 4111 854 4203 quibus
881 4112 967 4184 nulli
992 4111 1154 4202 decimet,
1180 4131 1280 4182 secus
1297 4102 1604 4182 limites'uillarum
1623 4109 1745 4180 Thil-

198 4229 414 4323 louieze,
450 4232 789 4324 Myedzygorze
825 4238 861 4305 et
896 4231 1115 4305 Sadenou
1151 4232 1312 4304 iacentes.
1352 4231 1441 4302 Item
1475 4235 1531 4303 est
1558 4223 1781 4322 'praedium‘

198 4354 391 4436 coenobiale
419 4354 455 4424 in
481 4353 601 4426 eadem
630 4354 731 4445 villa,
759 4354 802 4427 de
829 4355 928 4426 cuius
954 4355 1049 4445 agris
1078 4354 1226 4426 soluitur
1252 4352 1385 4424 decima
1410 4352 1564 4443 plebano
1587 4351 1744 4424 eiusdem

197 4473 293 4546 uillae
319 4476 363 4548 de
391 4474 668 4578 Klitu'anow.
685 4475 784 4548 Item
810 4495 929 4548 omues
956 4476 1032 4566 agri
1058 4475 1293 4548 emetbouales
1318 4479 1355 4546 et
1379 4474 1580 4546 tabernales
1606 4473 1747 4546 solvunt

199 4599 231 4665 et
253 4597 451 4669 conducunt
477 4597 644 4670 dammam
671 4597 922 4688 manipularem
948 4603 984 4669 et
1010 4597 1222 4688 canepalem,
1247 4617 1311 4688 pro
1329 4596 1491 4687 episcopo
1509 4594 1743 4684 Crotoniensi,

138 4799 147 4810 ,
199 4715 288 4790 valor
314 4720 392 4791 eius
419 4717 464 4790 od
490 4719 671 4792 duodecim
697 4706 841 4792 marces.
882 4717 1042 4791 (loufinat
1069 4739 1146 4791 cum
1172 4718 1529 4812 Myedaygorze,
1556 4717 1745 4788 Thillro-

89 4909 90 4920 ,
200 4839 339 4931 uicze,
367 4839 601 4932 Gomarno,
628 4829 976 4934 Sur‘yanczycze,
1003 4847 1039 4912 et
1065 4839 1263 4913 Soanow.

296 4947 505 5053 domeure,
532 4962 708 5034 uillasub
735 4963 901 5053 parocbia
935 4962 979 5034 de
1006 4961 1359 5055 Wyerczyczou
1385 4961 1459 5033 siue
1485 4960 1529 5032 de
1557 4959 1746 5051 Pyadzi-

200 5097 308 5154 czow
334 5084 415 5174 sita,
441 5083 539 5156 cuius
573 5085 772 5175 proprietas
806 5081 850 5156 ad
876 5084 1127 5156 monasterium
1153 5083 1198 5155 de
1223 5083 1377 5154 Buslro
1403 5082 1574 5172 pertinet3
1601 5085 1638 5152 et
1662 5080 1746 5152 licet

201 5201 239 5273 ad
263 5206 510 5277 monasterium
547 5205 584 5276 in
610 5205 1003 5299 Krzyzanouicze
1033 5226 1086 5278 er.
1103 5205 1271 5296 primarIa
1294 5203 1497 5275 fundatione
1522 5201 1744 5292 pertinuerit,
1850 5198 1857 5218 '

202 5324 291 5396 cirea-
309 5325 585 5399 trausIatiouem
610 5315 726 5399 mmen
753 5327 1085 5417 sanctimonialium,
1111 5327 1209 5397 unita
1234 5331 1271 5397 et
1296 5325 1530 5414 incorporata
1543 5328 1599 5394 est
1624 5343 1742 5446 mona:

89 5481 90 5484 π
201 5445 299 5519 sterio
325 5449 363 5518 iu
390 5447 554 5519 Buslro.
581 5447 622 5519 In
649 5469 718 5540 qna
744 5453 826 5520 sunt
853 5469 913 5520 sex
941 5448 1032 5518 lanei
1059 5447 1301 5536 cmetbonales,
1327 5451 1364 5515 et
1390 5444 1537 5534 quilibet
1554 5443 1662 5515 solet
1681 5464 1745 5534 pro
1817 5456 1820 5464 ’

89 5625 91 5660 ;
202 5585 295 5640 censu
320 5589 428 5641 uuum
454 5567 634 5660 fertonem,
661 5571 745 5642 Item
773 5591 839 5643 ova
865 5569 1020 5659 triginta,
1047 5569 1131 5640 item
1157 5567 1267 5658 gallos
1293 5566 1392 5656 duos,
1409 5567 1493 5636 item
1512 5585 1632 5637 caseos
1650 5566 1748 5652 duos,

89 5685 91 5718 ³
201 5683 281 5760 Item
304 5689 453 5782 quilibet
478 5689 615 5763 laborat
640 5691 782 5781 proprio
809 5711 926 5764 curru.
941 5693 1003 5763 aut
1030 5694 1159 5780 aratro,
1185 5687 1422 5762 tautummodo
1446 5693 1598 5778 quatuor
1614 5686 1689 5759 dies
1708 5688 1745 5760 in
