4492 6592
459 741 534 811 106

318 991 355 1060 Ι-
420 975 424 986 ·
456 951 494 1016 et
519 945 563 1016 de
588 943 799 1014 monasterio
836 944 871 1014 in
899 942 1269 1034 Zwyorzynyecz
1296 946 1511 1031 sumpturum
1539 947 1673 1012 coetum
1702 941 1784 1012 illuc
1810 939 2010 1029 introducit,

456 1065 561 1136 boras
588 1063 730 1136 diurnas
758 1069 793 1134 et
819 1069 1027 1151 nocturnas,
1054 1083 1129 1133 rem
1157 1083 1293 1153 quoque
1320 1063 1472 1132 divinam
1498 1063 1536 1132 in
1563 1067 1667 1133 cantu
1694 1062 1729 1132 iu
1755 1060 1914 1152 praelato
1941 1081 2012 1131 nvo·
2100 1051 2109 1063 ‘

457 1185 611 1257 nasterio
638 1185 846 1276 expleturas.
886 1183 1051 1256 Fabricat
1086 1183 1191 1255 etiam
1218 1205 1317 1255 nvuro
1344 1185 1460 1255 coctili
1496 1183 1675 1254 ecclesiam
1704 1182 1924 1272 monasterii,
1952 1182 2013 1254 sed

453 1307 655 1400 semiplene,
682 1313 718 1379 et
744 1327 808 1398 pro
828 1299 1029 1397 'virginibus
1045 1307 1129 1376 illic
1154 1305 1229 1377 Deo
1248 1305 1450 1377 militaturis
1468 1303 1623 1376 officinas
1643 1308 1679 1376 et
1692 1303 1895 1376 habitacula
1911 1323 2013 1394 prae-

459 1434 580 1517 parat,
616 1429 778 1520 ipsasque
814 1449 913 1499 muro
949 1427 1080 1498 claudit
1115 1433 1153 1498 et
1179 1426 1296 1516 cingit.
1324 1426 1498 1498 Aedificat
1524 1433 1561 1497 et
1587 1426 1686 1497 iuxta
1711 1423 1891 1496 ecclesiam
1919 1423 2015 1495 alind

458 1549 612 1619 virorum
649 1549 915 1636 monasterinm,
942 1549 977 1618 in
1005 1570 1072 1638 qno
1104 1548 1324 1637 praepositus
1360 1568 1437 1618 cnm
1472 1547 1641 1618 fratribus
1668 1525 1801 1617 ordinis
1828 1543 2015 1617 Prasmon-

461 1669 645 1740 stratensis
673 1669 950 1742 sanctimoniales
978 1669 1044 1740 loci
1071 1675 1107 1740 et
1125 1669 1236 1739 locunt
1257 1670 1292 1738 in
1311 1669 1549 1758 spiritualibus
1567 1675 1603 1738 ct
1620 1667 1871 1757 temporalibus
1888 1667 2016 1756 guber-

462 1795 620 1877 naturus,
645 1796 764 1880 posset
791 1791 919 1861 babere
947 1790 1233 1861 recollectionem.
1261 1788 1318 1860 Ne
1333 1797 1448 1860 autem
1466 1789 1624 1860 fundatio
1641 1787 1792 1878 praelati
1809 1787 2016 1859 monasterii

441 1910 501 1978 'in
528 1909 742 2000 Dlubnya
777 1933 799 1981 a
835 1931 1007 2012 quoquam
1044 1911 1079 1980 iu
1115 1917 1293 2000 posterum
1330 1916 1448 2000 posset
1483 1909 1686 1982 labefactari
1721 1910 1757 1980 iu
1792 1913 1869 1980 toto
1895 1906 1953 1978 vel
1978 1907 2017 1982 iu

437 2035 581 2122 parte,
608 2030 703 2100 Ivo'
723 2031 797 2120 ipse
824 2030 1063 2102 Oracoviensis
1090 2031 1274 2119 episcopus
1301 2030 1392 2121 apud
1420 2029 1698 2122 Gregorium
1725 2050 1851 2120 papam
1876 2028 2017 2100 Nouum

463 2171 554 2220 anno
582 2151 805 2240 pontificatus
833 2151 886 2221 sui
913 2151 1030 2239 tertio,
1058 2150 1150 2240 apud
1169 2151 1403 2222 Patisium
1430 2153 1606 2223 civitatem
1625 2151 1748 2223 Italiae
1766 2172 1860 2248 annq
1875 2150 2018 2222 Domini

469 2273 578 2361 1229,
607 2293 707 2362 quem
734 2271 826 2360 apud
853 2271 1067 2353 Parisios
1094 2269 1287 2344 Galliarum
1314 2273 1350 2344 in
1368 2273 1484 2344 studio
1503 2273 1632 2345 socium
1651 2273 1867 2344 carissimum
1885 2271 2018 2342 babue-
2058 2251 2065 2255 ¹

462 2398 529 2481 rat,
557 2391 788 2482 personaliter
815 2381 1044 2482 constitutus,
1071 2400 1107 2464 et
1135 2395 1194 2484 qui
1221 2394 1274 2464 illi
1301 2400 1338 2466 et
1364 2394 1530 2466 ecclesiae
1557 2393 1782 2466 Gracoviensi
1796 2393 1863 2465 'ius
1889 2398 2021 2464 metro-

463 2513 641 2604 politicum
678 2519 715 2584 et
741 2512 952 2610 provinciale
980 2513 1201 2604 restituerat,
1229 2515 1426 2586 confirmari
1454 2516 1624 2605 obtinuit,
1652 2522 1689 2587 et
1719 2515 1858 2587 litteras
1893 2514 2019 2585 coufir-

463 2635 623 2706 mationis
660 2635 730 2706 suis
768 2634 979 2723 sumptibus,
1016 2654 1101 2724 quas
1138 2636 1244 2706 etiam
1278 2637 1315 2706 iu
1342 2637 1547 2708 hodiernum
1575 2636 1667 2708 diem
1694 2636 2020 2708 Ymramoviczense

451 2747 714 2827 ¹monasterium
742 2755 875 2827 obtinet
901 2753 1088 2844 expedivit,
1107 2775 1261 2858 ⁸quarum
1288 2758 1465 2848 exemplar
1490 2758 1535 2829 de
1560 2759 1668 2830 verbo
1695 2757 1740 2829 ad
1766 2757 1912 2828 verbum
1930 2755 2020 2827 inle-

463 2877 536 2948 rius
564 2877 783 2949 subiciamus.
810 2877 961 2948 Duravit
988 2880 1101 2946 autern
1129 2875 1287 2947 fundatio
1313 2857 1514 2950 monasterii
1540 2879 1688 2970 praelati
1707 2879 2022 2952 sanctimonialium

464 3019 527 3088 per
554 2998 665 3068 virum
701 2998 870 3088 insignem
906 2997 1089 3068 Ivouem
1125 2996 1324 3086 episcopum
1350 2998 1614 3071 cracoviensem
1641 3001 1762 3072 taliter
1797 3007 1838 3072 ut
1873 3001 2023 3091 praemi-

466 3120 573 3190 simus
607 3123 747 3208 exorta,
774 3118 810 3188 iu
838 3139 901 3189 sna
928 3119 1144 3207 proprietate
1170 3124 1207 3188 et
1233 3119 1384 3190 essentia
1411 3121 1511 3190 annis
1537 3127 1675 3192 centum
1701 3123 1912 3213 nonaginta3
1939 3127 2025 3211 post

467 3260 611 3330 qnorum
639 3238 820 3310 decursum
848 3237 1127 3310 Vladislaus
1154 3238 1389 3309 Secundus
1416 3239 1581 3311 Poluuiae
1608 3261 1681 3330 rex,
1708 3242 1751 3313 de
1778 3241 1920 3331 speciali
1939 3263 2023 3313 con-
2091 3270 2095 3275 ·

466 3381 570 3432 sensu
597 3359 696 3430 Sedis
723 3357 956 3450 Apostolicae,
984 3365 1022 3430 et
1047 3360 1258 3431 auctoritate
1283 3360 1456 3450 generalis
1482 3361 1627 3451 capituli
1654 3361 2023 3452 Praemonstratensis,

322 3563 329 3582 x
466 3502 529 3572 per
557 3480 740 3554 Albcrtum
766 3479 790 3553 J
799 3481 1153 3572 astrzembyecn
1180 3481 1378 3574 episcopum
1406 3481 1679 3573 Cracoviensem‚
1698 3491 1735 3554 et
1752 3483 2022 3554 Buzescbensem

468 3609 504 3674 et
531 3603 793 3676 Vithovicnsem
821 3604 975 3693 abbates,
1003 3601 1284 3676 sanctimoniales
1320 3603 1623 3675 Ymramovienses
1650 3623 1769 3675 omnes
1797 3610 1834 3675 et
1859 3605 2023 3694 singulus,

467 3726 550 3796 item
587 3731 623 3797 et
650 3725 991 3818 Grzyszanovienses,
1028 3725 1063 3796 iu
1095 3725 1250 3796 Busko
1277 3745 1368 3796 anuo
1395 3724 1534 3796 Domini
1566 3727 1663 3797 1415
1691 3698 1891 3816 transtulit,
1918 3732 1956 3797 et
1982 3747 2024 3797 ex

468 3847 582 3919 tribus
619 3845 932 3918 sanctimonialium
969 3845 1189 3919 monasteriis
1215 3867 1321 3917 uuum
1348 3846 1587 3934 concinnavit,
1615 3866 1704 3936 quae
1729 3846 1915 3918 translatio
1941 3847 2025 3917 huc-

468 3989 577 4058 usque
605 3969 640 4038 in
666 3968 753 4039 haec
778 3972 936 4058 tempora
963 3967 1148 4058 perdurat,
1175 3973 1212 4038 et
1238 3967 1395 4058 quamvis
1422 3989 1444 4038 a
1469 3967 1681 4038 monasterio
1717 3965 2025 4058 Grzyszauoviensi

469 4089 606 4179 aliquot
633 4089 736 4161 villae
762 4089 884 4178 bonae,
910 4089 1090 4160 videlicet:
1117 4087 1402 4180 Olyczanovv,
1429 4087 1657 4177 Sarblrovv,
1683 4087 1903 4179 Kowalye
1930 4089 2025 4160 abla-

468 4215 527 4280 tae
555 4210 638 4298 sint,
675 4215 711 4281 et
746 4210 956 4281 monasterio
993 4209 1305 4281 sanctimonialium
1341 4210 1433 4280 inste
1460 4215 1497 4279 ct
1522 4189 1719 4280 necessarie
1745 4209 1882 4298 unitae,
1908 4209 2026 4281 nescio

468 4337 594 4418 tamen
622 4351 690 4420 quo
718 4335 877 4420 respectu
906 4351 927 4400 a
952 4329 1165 4400 monasterio
1192 4329 1470 4400 Ymramoviensi
1497 4329 1612 4400 nullae
1638 4329 1761 4419 villae,
1788 4329 1904 4400 nullae
1931 4327 2023 4402 deci·

468 4471 552 4540 mae,
580 4451 665 4521 nulli
692 4449 859 4540 redditus
887 4455 948 4522 ant
975 4450 1201 4522 obventiones
1231 4449 1370 4521 ablatae
1397 4455 1487 4539 suut,
1514 4450 1670 4540 quamvis
1697 4451 1734 4520 in
1761 4449 1929 4528 crassiori
1952 4471 2026 4522 ruo-

466 4571 622 4648 nasterio
659 4571 831 4643 mutilatio
864 4577 904 4642 et
941 4571 1071 4642 ablatio
1109 4572 1278 4642 bonorum
1314 4571 1441 4641 iustior
1465 4571 1625 4650 debebat
1660 4572 1803 4642 conseri.
1846 4569 2028 4643 Remanmt

470 4696 590 4784 itaque
616 4691 863 4764 monasterium
890 4691 1175 4764 Ymramoviense
1202 4692 1319 4783 aliqua
1343 4692 1409 4763 Dei
1436 4693 1572 4765 occulta
1598 4682 1840 4783 providentia,
1865 4713 1956 4784 quae
1983 4693 2028 4765 ad
2121 4755 2126 4770 .

470 4814 610 4905 aliquod
638 4833 724 4904 opus
751 4813 887 4903 insigne
914 4819 950 4884 et
977 4813 1259 4904 celeberrimum,
1287 4798 1503 4885 salutiferum
1530 4819 1567 4889 et
1592 4813 1680 4886 utile
1706 4813 1966 4904 conficiendum,
1992 4813 2028 4885 id

393 4936 396 4942 ’
469 4937 546 5009 fieri
581 4933 759 5026 permisit,
784 4935 819 5005 in
846 4934 918 5006 suis
945 4931 1037 5005 villis
1065 4933 1207 5005 decimis
1233 4941 1270 5006 et
1295 4933 1490 5006 redditibus
1516 4935 1690 5024 integrum
1717 4940 1754 5006 ct
1771 4935 2027 5006 immutilatum·
2161 4943 2163 5014 ᾗ

469 5057 526 5129 Ab
553 5056 681 5146 illoque
708 5061 864 5146 tempore
891 5055 1084 5145 virginibus
1112 5075 1155 5126 er
1182 5076 1224 5127 eo
1251 5055 1287 5126 in
1314 5055 1468 5127 Busko
1494 5055 1684 5144 translatis,
1703 5054 1770 5125 viri
1788 5053 1916 5125 iratres
1935 5055 2028 5126 ordi·
2149 5087 2153 5095 ·

325 5151 330 5164 ’
378 5260 381 5266 ,
470 5180 524 5249 uis
552 5175 909 5248 Praemoustratensis
945 5176 1031 5265 duo,
1070 5181 1132 5247 ant
1168 5175 1213 5247 ad
1239 5177 1426 5247 maximum
1453 5182 1545 5265 tres,
1572 5182 1678 5266 prout
1703 5196 1819 5246 coram
1847 5177 2050 5274 cernimus,¹

470 5322 538 5372 uon
567 5299 641 5371 sine
667 5299 732 5370 Dei
760 5298 1007 5388 omnipotentis
1035 5297 1172 5369 iniuria·
1189 5302 1225 5369 et
1250 5296 1372 5368 fraude
1399 5296 1604 5388 fundatoris,
1622 5302 1659 5368 et
1676 5318 1815 5368 suanum
1835 5297 2028 5370 animarum

470 5421 633 5510 periculo,
660 5420 731 5491 illic
758 5425 862 5509 stant,
889 5419 1100 5510 opipareque
1127 5425 1164 5491 et
1189 5418 1369 5509 splendide
1397 5417 1529 5490 Christi
1547 5418 1756 5508 patrimonio
1774 5424 1930 5508 utuntur,
1948 5439 2028 5508 pos-

472 5541 625 5616 sidentes
652 5561 735 5632 opes
761 5543 860 5613 iuxta
886 5541 1015 5612 dictum
1043 5541 1144 5612 Beati
1170 5539 1375 5634 Hyerontmi
1401 5540 1466 5612 snb
1492 5559 1645 5630 paupere
1671 5537 1824 5628 Christo,
1850 5559 1938 5629 quas
1965 5540 2028 5611 sub

470 5661 641 5752 locuplete
668 5663 807 5734 diabolo
833 5663 964 5734 habere
991 5683 1060 5732 non
1078 5666 1276 5752 potuerant
1302 5661 1369 5750 Qui
1386 5662 1445 5733 vix
1463 5657 1609 5751 singulis
1627 5658 1749 5731 diebus
1767 5679 1870 5732 unam
1888 5659 2029 5732 missum
