4492 6592
1761 711 1897 836 ao

248 989 335 1059 quae
364 973 421 1040 est
448 973 529 1040 ante
557 969 737 1040 Rudam.
763 969 885 1059 Igitur,
914 970 1074 1059 quoniam
1104 989 1127 1040 a
1153 968 1235 1040 liliis
1262 989 1332 1040 nou
1359 967 1464 1040 debet
1491 970 1649 1040 revocari
1676 969 1712 1040 in
1730 969 1811 1040 irri-

247 1097 332 1180 tum,
361 1091 454 1182 quod
482 1112 504 1162 a
530 1091 690 1181 patribus
717 1092 762 1163 ob
790 1092 983 1162 animarum
1001 1111 1151 1183 ,suarum
1180 1091 1328 1162 salutern
1356 1097 1428 1162 taur
1448 1090 1643 1162 solenniter
1655 1097 1711 1162 est
1728 1111 1809 1165 cou-
1905 1147 1909 1154 .

247 1213 405 1300 cessum,
433 1218 469 1284 et
505 1213 587 1302 quia
622 1212 825 1284 donationes
852 1213 941 1283 istae
968 1212 1191 1304 confirmatae
1217 1213 1424 1309 aducibus,
1452 1193 1654 1302 perpetuam
1682 1211 1810 1283 debent

248 1333 479 1404 stabilitatem
506 1327 645 1422 habere,
673 1334 875 1423 universos,
903 1333 961 1422 qui
989 1332 1063 1404 Deo
1090 1339 1127 1404 et
1153 1332 1284 1403 Sancto
1305 1332 1496 1422 Sepulchra
1523 1333 1695 1404 dederuut
1720 1333 1809 1404 elee-

168 1489 172 1500 ·
247 1475 421 1546 mosynas,
449 1461 486 1525 et
512 1447 665 1544 ipsorum
692 1454 861 1526 haeredes
888 1474 928 1524 ac
954 1453 1054 1543 filios,
1072 1455 1299 1544 patriarchali
1318 1474 1386 1544 qua
1402 1453 1578 1544 fungimur
1596 1455 1804 1526 auctoritate

249 1597 441 1666 munemne,
470 1575 675 1666 diligentius
697 1577 929 1665 obsecrantes
956 1581 996 1646 ut
1022 1574 1257 1666 eleemosynas
1283 1575 1448 1646 ecclesiae
1479 1581 1621 1647 nostrae
1645 1573 1667 1645 a
1692 1577 1802 1665 patri·

250 1697 318 1768 bus
346 1715 528 1768 concessas
555 1704 652 1768 ratas
679 1697 845 1784 habeant,
873 1703 909 1767 et
930 1696 1033 1787 ¹quod
1054 1696 1098 1767 ab
1128 1697 1178 1766 eis
1205 1699 1373 1768 statutum
1400 1701 1473 1785 est,
1509 1696 1707 1768 nullatenus
1734 1697 1807 1768 vio·
1870 1707 1878 1715 '

252 1817 327 1888 lare
363 1823 605 1907 praesumant,
618 1798 799 1906 scientes,
827 1817 919 1907 quod
956 1817 986 1886 si
1012 1815 1075 1886 filii
1091 1822 1242 1906 patrum
1268 1816 1473 1888 donationes
1499 1822 1595 1888 ratas
1622 1817 1810 1889 habuerint

250 1945 289 2009 et
316 1938 467 2027 illaesas,
495 1939 646 2009 omnium
673 1939 867 2009 orationum
896 1943 932 2008 et
960 1936 1214 2028 beneficiorum,
1243 1938 1386 2028 quaein
1405 1943 1526 2008 nostra
1544 1937 1674 2008 fuerint
1691 1931 1810 2009 Eocle

250 2061 312 2149 sia,
340 2065 445 2130 erunt
472 2059 668 2148 participes,
695 2060 823 2148 bonum
850 2079 871 2128 a
898 2057 1037 2129 Christo
1065 2059 1257 2148 praemium
1283 2059 1468 2148 recepturi.
1497 2057 1534 2128 Si
1566 2079 1649 2130 vero
1667 2048 1810 2129 liberta-

250 2187 306 2251 tes
320 2179 521 2270 infringere,
535 2179 589 2250 vel
604 2181 841 2269 possessiones
855 2177 990 2250 auferre
1008 2179 1132 2251 illicita
1148 2180 1345 2251 temeritate
1358 2180 1639 2269 praesumserint,
1653 2180 1814 2252 noverint

252 2322 290 2372 se
317 2306 400 2372 ante
427 2300 581 2371 tribunal
607 2299 692 2372 lesu
719 2277 850 2370 Christi
877 2300 1072 2371 districtum
1091 2297 1270 2375 subituros
1289 2300 1463 2390 iudicium,
1486 2305 1522 2371 et
1540 2301 1584 2371 ab
1602 2300 1690 2390 ipso,
1707 2321 1818 2390 quem·

251 2423 288 2492 in
306 2422 421 2492 mucis
441 2441 645 2511 suspensum
665 2420 819 2510 patibulo
847 2421 1040 2510 adoramus
1067 2421 1164 2492 cuius
1190 2421 1383 2510 patrocinia
1409 2421 1621 2510 invaserunt,
1643 2420 1680 2490 in
1698 2427 1813 2492 extre-

251 2565 308 2615 mo
336 2544 496 2614 examine
523 2541 661 2647 fortiter
687 2541 889 2631 puniendos
916 2525 1084 2614 Effectum
1108 2546 1163 2613 est
1179 2541 1245 2612 hoc
1262 2541 1364 2612 Anno
1382 2541 1584 2613 Do'minicac
1602 2541 1812 2644 incarnatio

252 2665 306 2734 nis
339 2665 450 2736 1198.
1717 2657 1732 2682 ·

478 3050 919 3216 msuenooum,
953 3109 1084 3194 srva
1117 3109 1304 3193 ronan
1335 3108 1560 3210 suanm

136 3382 143 3386 ·
252 3339 499 3422 Secundum
533 3303 833 3420 monasterium
866 3307 1043 3419 fratrum
1077 3339 1238 3418 ordinis
1274 3338 1395 3418 Sacri
1418 3337 1640 3442 Sepulchri
1665 3337 1806 3418 Domi·

255 3500 337 3578 uici
374 3495 759 3604 Hyerosollmilaul,
782 3498 1083 3576 canonicorum
1107 3489 1375 3598 regularium,
1394 3493 1605 3598 duplicem
1627 3503 1812 3574 crucem

289 3655 466 3733 rubeam
501 3655 539 3731 in
574 3653 715 3731 habitu
749 3673 827 3730 suo
860 3650 1154 3751 deferentium,
1189 3653 1228 3730 in
1262 3650 1452 3730 dioecesi
1484 3648 1776 3729 cracoviensi.
1885 3712 1891 3720 .

361 3849 628 3944 Kazimirus
664 3871 899 3943 Secundus
934 3871 1099 3943 Poloniae
1135 3892 1216 3960 reu,
1244 3870 1383 3941 condito
1407 3848 1536 3960 oppido
1563 3868 1807 3941 Kazimirieusi
1945 3907 1956 3914 -

256 3997 356 4068 iuxta
376 3995 561 4066 civitatem
589 3993 868 4083 Gracouiensem,
896 3991 939 4062 nd
966 3993 1096 4062 fluenta
1122 3991 1303 4080 Vislae,
1332 3998 1367 4061 et
1394 3991 1531 4060 nomine
1557 3990 1590 4060 ei
1618 4011 1680 4061 suo
1707 3991 1816 4079 impo·
1902 4079 1909 4090 .

257 4119 345 4206 sito,
373 4117 408 4186 in
437 4138 505 4206 qun
533 4121 569 4188 et
596 4116 859 4186 universitatem
887 4121 991 4203 atque
1019 4113 1171 4184 studium
1199 4111 1381 4202 generale,
1408 4111 1690 4201 magnificaturus
1716 4110 1813 4200 illud,

257 4239 414 4328 fundare,
442 4238 576 4327 erigere
604 4243 640 4307 ct
665 4236 837 4307 fabricare
866 4241 1041 4326 coeperat,
1070 4234 1189 4305 volens
1216 4234 1321 4304 etiam
1348 4231 1578 4303 meditullium
1604 4232 1697 4302 inter
1716 4229 1819 4303 Gra-

258 4360 439 4431 coviam
477 4365 514 4429 et
549 4357 849 4428 Kazimiriam
887 4357 1021 4446 iacens,
1049 4355 1141 4446 quod
1176 4353 1637 4437 hactenussstradomia
1664 4359 1818 4442 uocatur,

260 4481 434 4572 frequenti
462 4480 638 4552 homiuum
666 4479 879 4553 habitatione
907 4473 1059 4568 implere,
1087 4479 1122 4548 in
1151 4477 1256 4547 decus
1282 4483 1318 4546 et
1342 4476 1509 4546 bonorem
1538 4473 1669 4546 Beatae
1687 4465 1817 4546 Hedvi-

262 4604 318 4694 gis
344 4577 497 4691 'eiacum
534 4579 819 4672 Vratisiaviensis
855 4599 1031 4693 ducissae,
1059 4619 1101 4670 ex
1129 4599 1227 4668 cuius
1253 4597 1419 4687 sauguine
1447 4601 1483 4666 et
1509 4579 1583 4686 ipse
1611 4601 1708 4702 satus
1735 4601 1821 4701 erat,
1942 4616 1947 4625 ⁸

260 4723 431 4813 Hedvigis
457 4723 548 4794 euim
576 4723 648 4792 filia
674 4721 883 4792 Boleslai
911 4719 982 4791 Pii
1010 4720 1106 4791 ducis
1134 4719 1361 4809 Calissiensis,
1379 4716 1630 4790 erlolenta
1655 4716 1728 4787 filia
1744 4717 1822 4787 Be-

262 4846 336 4917 lae
371 4847 464 4934 regis
501 4839 720 4934 Hungariae,
748 4847 784 4913 et
818 4833 938 4913 sorore
973 4849 1139 4933 germana
1166 4833 1297 4912 Beatae
1332 4838 1637 4942 Kunegundis
1665 4838 1821 4909 ducissae

265 4965 516 5055 Grocoviensis,
542 4965 751 5036 Boleslai
778 4963 946 5034 Pudici
973 4962 1234 5054 relicta,‘illum
1260 4968 1449 5052 genuerat,
1476 4960 1589 5031 Bela
1615 4965 1732 5030 autem
1759 4979 1821 5028 rex
1882 5001 1894 5018 -

265 5087 479 5177 Hungariae‚
505 5092 606 5176 pater
633 5065 869 5175 praelatarum
896 5070 1204 5188 Kunegundis
1231 5090 1267 5154 et
1293 5081 1316 5154 J
1327 5082 1525 5170 olentae,
1550 5101 1661 5170 nepos
1687 5099 1822 5168 gerusa-

267 5230 331 5279 nus
360 5209 490 5278 Beatae
517 5207 701 5277 Elizabeth
730 5205 851 5296 neptis
888 5227 1072 5295 germanae
1104 5226 1157 5275 ex,
1174 5225 1294 5275 sorore
1322 5204 1453 5274 Beatae
1479 5199 1708 5290 Hedvigis
1735 5206 1822 5288 erat,
1850 5198 1855 5204 ’

270 5329 517 5400 monasterium
546 5327 692 5398 fratrum
721 5327 853 5398 ordinis
882 5325 988 5398 Sacri·
1005 5326 1187 5416 Sepulchri
1214 5324 1387 5412 Dominici
1414 5321 1733 5412 Hyerosolimitani,
1759 5321 1824 5392 sub

267 5450 391 5540 regula
418 5449 519 5536 Beati
547 5448 735 5538 Augustini
764 5448 961 5536 viventium,
990 5447 1072 5518 dato
1101 5447 1176 5516 loco
1208 5445 1362 5534 spatioso
1390 5465 1453 5534 pro
1480 5442 1626 5512 ecclesia
1652 5450 1689 5513 et
1707 5462 1826 5512 mona-

267 5572 387 5658 sterio,
414 5575 450 5640 et
475 5587 552 5659 pro·
568 5569 734 5659 hospitali
752 5568 974 5656 infirmorum,
993 5575 1084 5636 anno
1102 5565 1243 5638 Domini
1266 5566 1375 5635 1360.
1394 5568 1499 5652 creat,
1517 5563 1621 5651 erigit
1639 5569 1675 5634 et
1691 5561 1827 5651 fundat,¹

267 5693 518 5782 ecclesiamque
546 5696 583 5762 et
607 5691 864 5778 monasterium,
892 5696 996 5778 atque
1024 5687 1195 5777 hospitale
1214 5685 1428 5756 infirmorum
1449 5704 1548 5756 muro
1575 5684 1826 5776 complectitur,
