4492 6592
508 736 579 806 132

503 941 758 1030 consistentem,
788 939 847 1032 qni
874 941 965 1013 olim·
984 941 1028 1012 ad
1055 941 1241 1032 plebanum
1260 941 1657 1034 Pyandzyczowycnaem
1676 921 1752 1015 cnm
1771 946 1884 1035 pratis
1901 948 2048 1036 pertine·

501 1061 571 1151 bat,
595 1061 631 1132 in
650 1083 718 1152 quo
736 1061 826 1133 solet
842 1054 1044 1154 frequenter
1062 1062 1247 1134 multitudo
1266 1063 1410 1153 piscium
1430 1063 1606 1136 concludi:
1633 1066 1782 1155 priunum
1799 1072 1940 1157 pratum
1958 1075 2048 1140 retro

501 1181 626 1252 flumen
653 1180 771 1253 Nida
797 1183 872 1255 loco
892 1181 1139 1255 Bistrzecz
1165 1185 1376 1275 contignum,
1395 1185 1637 1257 secuudumiu
1656 1185 2049 1278 szmyanocnown

500 1304 643 1374 tertium
671 1305 763 1375 circa
788 1309 926 1395 pratum
955 1303 1124 1377 advocati.
1150 1303 1238 1376 Item
1264 1306 1405 1377 hortum
1431 1319 1538 1396 penes
1554 1305 1672 1378 Nida
1698 1309 1812 1379 sitnm.
1839 1307 1929 1380 Item
1949 1309 2049 1381 habet

501 1425 747 1496 monasterinm
774 1423 1109 1518 Pyandziczoriense
1144 1425 1281 1516 plenam
1316 1425 1517 1498 facultatem
1553 1429 1589 1498 in
1614 1426 1756 1499 tlumine
1782 1428 1900 1500 Nida
1926 1427 2051 1520 ubique

499 1547 535 1616 in
562 1551 637 1616 tota
663 1545 882 1618 haereditate
909 1541 1237 1637 Pyandziczotiensi
1263 1545 1429 1638 piscandi,
1452 1547 1723 1640 quibuscumque
1749 1550 1894 1639 rehbus,
1923 1550 2051 1641 absque

499 1670 615 1737 tamen
642 1667 855 1756 praeiudicio
883 1668 1103 1759 piscatorum,
1132 1668 1191 1759 qui
1216 1667 1358 1740 flurium
1384 1668 1563 1740 arendant.
1667 1705 1675 1716 ·

559 1835 561 1840 .
602 1785 906 1879 Wunaomczow,
934 1787 1016 1864 villa
1043 1789 1126 1860 olim
1152 1789 1349 1861 hominibus
1376 1796 1412 1860 et
1435 1790 1566 1862 colonis
1585 1811 1745 1881 possessa
1763 1796 1799 1862 et
1817 1792 1945 1881 locata,
1965 1812 2052 1862 nnnc

498 1929 581 1979 vero
610 1909 644 1979 in
672 1913 783 1980 toturn
811 1909 904 2000 agris
932 1911 1006 1981 eius
1034 1909 1162 2000 oppido
1188 1909 1515 2001 Pyandziczoviensi
1543 1913 1731 2001 attributis,
1750 1911 1900 2000 deserta,
1919 1912 2051 1984 habena

371 2119 376 2124 Ι
498 2031 532 2098 in
571 2050 607 2100 se
643 2029 822 2100 ecclesiam
858 2029 1109 2120 parochialem,
1147 2030 1280 2122 quadro
1313 2031 1517 2104 fabricatam
1526 2019 1679 2123 lapide,
1707 2039 1743 2104 et
1769 2038 1908 2104 vetusto
1938 2053 2052 2122 opere,

499 2147 645 2220 Sanctae
672 2148 807 2220 Mariae
844 2149 1011 2240 dicatam,
1040 2169 1128 2240 quae
1155 2149 1299 2242 siugulis
1326 2151 1448 2224 diebus
1475 2152 1655 2224 dominicIs
1682 2173 1746 2244 per
1771 2152 1899 2224 iratres
1927 2173 2048 2223 mona·

498 2271 596 2340 sterii
623 2269 967 2361 Pyandziczoviensis
1003 2291 1042 2341 re
1078 2271 1196 2343 divina
1230 2271 1503 2344 admInistratnr.
1538 2271 1580 2344 In
1616 2293 1685 2364 qua
1712 2273 1883 2364 quondam
1909 2272 2052 2346 luerunt

496 2391 587 2461 lanei
623 2391 874 2480 emethonules,
911 2391 953 2462 de
991 2391 1114 2480 quibus
1152 2392 1309 2464 omnibus
1345 2393 1545 2465 solvebatur
1571 2400 1607 2465 et
1632 2393 1891 2466 conducebatur
1916 2393 2052 2465 decium

494 2511 719 2602 manipularis
755 2518 791 2582 et
826 2511 1000 2602 canapalis
1036 2513 1201 2585 ecclesiae
1236 2518 1274 2585 et
1308 2513 1456 2604 plebano
1492 2515 1528 2585 in
1555 2513 1602 2584 W
1610 2534 1922 2606 yerczyczow3
1961 2536 2051 2586 nunc

495 2653 578 2703 vero
606 2633 812 2704 conducitur
838 2653 901 2723 pro
929 2623 1141 2705 monasterio
1167 2633 1526 2727 Pyundziczowyensi,
1553 2641 1590 2707 et
1617 2635 1715 2708 valor
1742 2637 1816 2707 eius
1843 2637 2050 2709 mutimatur

494 2753 539 2823 ad
566 2761 697 2843 septem
724 2770 867 2826 marcas.
902 2753 989 2824 Item
1031 2753 1176 2826 ecclesia
1210 2761 1247 2826 et
1273 2755 1442 2846 plebanus
1470 2757 1620 2828 habebat
1646 2757 1696 2828 ibi
1721 2777 1786 2847 pro
1813 2777 1877 2829 suo
1903 2758 2049 2848 pruedio

494 2872 581 2944 duos
608 2874 726 2945 laneos
753 2873 901 2963 liberos,
918 2889 1015 2963 :quos
1043 2875 1077 2945 in
1105 2875 1176 2945 vim
1211 2877 1508 2965 commutationis,
1536 2875 1634 2948 dedit
1659 2879 1905 2949 monasterium
1932 2877 2063 2970 Pynn·⁴

494 2993 731 3066 dziczoviense
767 3015 831 3085 pro
868 2993 951 3064 villa
983 2991 1263 3088 Podlansne',
1289 3003 1325 3069 et
1352 2997 1530 3068 distributi
1556 3007 1640 3069 sunt
1667 2999 1850 3089 oppidanis
1877 2997 2046 3090 Pyandni·

493 3116 750 3203 czovicnsibus;
776 3116 1024 3186 monasterium
1059 3123 1176 3188 tamen
1203 3115 1538 3208 Pyandziczoricnse
1565 3121 1714 3210 percipit
1741 3120 1908 3191 decimum
1932 3122 2047 3192 ruani-
2150 3218 2151 3223 Ἰ

414 3244 416 3252 ’
493 3235 646 3324 pularem
675 3257 717 3307 ex
744 3236 882 3306 eisdem.
910 3235 994 3307 Item
1023 3235 1150 3308 ibidem
1177 3237 1309 3327 piscina
1335 3257 1452 3330 parva,
1479 3259 1569 3330 quae
1597 3240 1770 3331 quondam
1789 3247 1866 3312 crat
1885 3241 2046 3330 plebani3

491 3356 574 3426 item
603 3355 670 3427 duo
698 3363 800 3448 prata
827 3359 861 3428 in
889 3355 1073 3449 Dyowy,
1101 3379 1190 3450 quae
1217 3359 1299 3430 olim
1326 3366 1427 3431 erant
1452 3360 1592 3450 plebani
1619 3362 1654 3432 in
1681 3361 2045 3453 Wyerczyczow.
2150 3404 2151 3453 3

558 3553 562 3560 ,
599 3477 833 3568 Ponnnnszn,
860 3469 948 3550 nilla'
970 3479 1033 3550 sub
1062 3479 1229 3569 parocbia
1255 3477 1421 3552 ecclesiae
1439 3481 1487 3564 de
1502 3479 1841 3572 Pyandziczow
1867 3483 1946 3573 sita,
1966 3483 2043 3555 iun-

490 3597 554 3669 dus
583 3600 703 3670 unicus
730 3607 766 3671 et
792 3599 993 3690 principalis
1020 3601 1223 3672 monasterii
1249 3599 1614 3692 Pyandzicuuvieuais;
1640 3604 1677 3674 in
1705 3619 1773 3694 qua
1791 3609 1872 3674 sunt
1890 3605 2043 3695 quinque
2150 3668 2151 3671 ,

488 3719 581 3790 lanei
608 3721 840 3792 emethonales
868 3728 903 3792 et
930 3719 1075 3811 quilibet
1102 3721 1208 3794 solvit
1234 3723 1468 3794 monasterio.
1488 3778 1495 3793 .
1515 3779 1522 3794 .
1542 3779 1568 3814 .,
1594 3725 1677 3795 item
1706 3746 1782 3814 ova,
1809 3725 1893 3796 hem
1919 3725 2043 3815 gallon,
2150 3730 2151 3753 ³

488 3841 570 3911 item
598 3829 838 3930 caseositem
865 3841 975 3932 labor,
1001 3843 1085 3914 item
1105 3841 1300 3938 powadant,
1327 3844 1412 3916 item
1438 3861 1597 3941 ocazycp3
1623 3845 1707 3916 item
1724 3845 1872 3917 taberna
1887 3865 1961 3916 una
1980 3844 2043 3917 aed

486 3983 554 4032 non
582 3961 688 4034 habet
715 3983 827 4054 agros,
855 3971 892 4036 et
918 3965 1022 4036 solvit
1041 4021 1048 4036 .
1067 4021 1075 4036 .
1094 4020 1116 4056 .,
1141 3965 1226 4036 item
1253 3965 1470 4047 hortulauiac
1488 3986 1558 4038 non
1575 3971 1677 4057 sunt3
1702 3966 1785 4038 item
1805 3966 2041 4038 molendinum

486 4089 539 4154 est
566 4085 624 4174 ibi,
652 4083 808 4156 sednon
836 4085 942 4157 babet
968 4073 1080 4176 egros,
1107 4085 1202 4177 qnod
1217 4075 1334 4158 'solvit
1352 4141 1495 4158 ......
1519 4085 1608 4158 Item
1635 4092 1785 4178 quatuor
1809 4088 1967 4178 piscinae
1995 4088 2039 4161 ad

484 4206 730 4276 monasterium
756 4205 1091 4296 Pyandziczonicnse
1118 4207 1221 4296 pleno
1248 4207 1323 4280 iure
1350 4209 1572 4298 pertinentes.
1599 4208 1688 4280 Item
1708 4208 1892 4299 praedium
1910 4195 2037 4282 coeno

483 4326 583 4416 biale,
612 4325 653 4396 de
681 4328 778 4396 cuius
806 4327 908 4416 agris
936 4333 1051 4397 stante
1077 4327 1270 4417 parochiali
1295 4327 1441 4399 ecclesie
1467 4329 1645 4420 saeculari,
1673 4329 1874 4402 solvebatur
1900 4330 2036 4402 decima

367 4485 375 4500 ·
484 4445 709 4535 manipularis
733 4445 898 4518 ecclesiae
925 4448 960 4517 in
988 4445 1344 4538 Pyandziczow·;
1370 4468 1461 4521 nuuc
1487 4469 1571 4521 vero
1590 4451 1839 4522 monasterinm
1848 4451 1951 4522 illam
1971 4471 2035 4543 pro

483 4587 520 4636 se
548 4567 649 4636 tollit.
676 4567 764 4637 Item
792 4587 910 4638 omnes
938 4567 1089 4658 quiaque
1117 4567 1210 4639 lanei
1237 4569 1472 4641 cmethonales
1498 4569 1639 4643 solvunt
1666 4577 1702 4642 et
1729 4572 1925 4644 conducunt
1942 4571 2036 4644 dcci-

483 4707 573 4757 mam
609 4687 862 4777 manipularem
899 4693 935 4759 et
970 4689 1169 4779 canapalem
1204 4708 1269 4780 pro
1300 4691 1500 4782 praebenda
1535 4689 1747 4783 Kelcziensi,
1774 4711 1864 4783 qnae
1889 4701 2034 4766 vocatum

476 4789 673 4898 Zidowska,
701 4813 737 4878 et
764 4807 861 4880 valor
887 4807 961 4880 eius
989 4810 1194 4882 aestimatur
1219 4813 1264 4883 ad
1292 4813 1441 4903 quinque
1470 4831 1612 4885 mamas.
1640 4812 1801 4885 &uiuat
1818 4833 1894 4885 cum
1913 4814 2033 4886 B‘rze-

481 4949 623 5021 sczye,
650 4927 953 5021 Sczyepyecz,
980 4929 1166 5023 Ozechy,
1193 4930 1355 5023 Kygye.

455 5241 460 5248 .
482 5123 683 5206 Decimae
718 5125 1002 5231 manlpularoa
1033 5138 1209 5207 mancae
1230 5128 1487 5232 episcopalia
1509 5062 1825 5230 Oneoutenulc,
1847 5130 2030 5213 donatae

479 5265 738 5343 monasterio
773 5263 1199 5370 Pyandzlczovlaml,
1231 5285 1310 5368 par
1340 5265 1568 5370 dblpnanm
1601 5269 1849 5372 episcopum
1881 5275 1927 5348 at
1959 5291 2028 5350 oa·

968 5403 1171 5507 pituium
1203 5397 1508 5486 Oracovlunae.

580 5550 927 5646 Cuzrszuuowrcza,
954 5553 1037 5628 villa
1062 5555 1194 5628 babens
1221 5556 1257 5626 in
1285 5573 1334 5626 se-
1350 5555 1530 5628 ecclesiam
1557 5555 1790 5646 parochialem
1817 5561 1854 5628 et
1880 5573 2027 5631 muren-

475 5667 622 5762 tualem,
659 5673 790 5762 quadro
830 5671 945 5764 lapide
981 5671 1210 5766 fabricatam,
1246 5678 1357 5748 iuxta*
1377 5669 1524 5776 ,linrinm
1557 5674 1727 5779 hidam
1766 5671 1852 5767 sita,
1893 5677 2025 5751 ordinis
