4492 6592
484 703 555 777 158

481 913 704 1001 scholastico,
732 910 989 983 Laurentio
1018 915 1179 999 cantore,
1206 909 1461 1009 Paczslnavo
1496 909 1659 1002 miodo,
1690 918 1728 983 et
1753 911 1831 983 aliis
1858 911 2030 987 canonicis

483 1033 657 1122 ecclesiae,
685 1032 865 1104 videlicet:
892 1031 1145 1122 Woykone,
1171 1030 1404 1121 Johanne,
1431 1032 1650 1122 Domano,
1678 1031 1941 1124 Stephano,
1966 1032 2032 1105 Jo

481 1153 630 1224 hanne
657 1151 936 1241 Oruszvycziensi
963 1151 1113 1242 decano,
1141 1150 1374 1242 Gregorio
1402 1153 1533 1224 decano
1560 1153 1679 1224 Sancti
1705 1153 1879 1242 Floriani,
1907 1153 2035 1243 Vito,

482 1272 694 1363 Nicolao,
731 1271 963 1363 Gozwino,
999 1279 1035 1344 et
1065 1273 1254 1362 capellanis
1281 1273 1411 1345 nostris
1438 1270 1742 1365 Hieronymo,
1779 1274 2036 1367 Stephano,

483 1391 687 1483 Gozyko,
714 1393 1001 1484 Sybrethlro,
1027 1392 1235 1464 lerando
1262 1396 1299 1464 ct
1324 1392 1402 1464 aliis
1429 1414 1532 1484 quam
1560 1394 1728 1484 plurimis.

588 1632 626 1706 ln
657 1633 811 1706 nomios
841 1631 993 1706 Domini
1022 1632 1161 1705 Amen.
1205 1632 1292 1704 ilum
1318 1654 1381 1723 ea,
1421 1654 1510 1724 quae
1535 1632 1740 1724 hequenter
1774 1633 1931 1732 legitime
1959 1641 2038 1705 acta

484 1761 574 1845 sunt,
600 1755 767 1844 longitote
792 1756 970 1870 temporis
986 1753 1247 1843 interveniente,
1275 1774 1363 1843 quae
1390 1759 1503 1826 mater
1519 1759 1575 1826 est
1591 1754 1777 1826 oblivionis
1804 1756 1922 1826 multis
1950 1755 2038 1825 mul-

481 1877 586 1947 toties
612 1875 814 1946 indubium
840 1880 1056 1963 revocantur,
1083 1874 1230 1963 ideoque
1256 1894 1319 1944 nos
1346 1873 1623 1946 Vlodislans
1649 1873 1706 1946 dei
1731 1874 1848 1964 gratia
1874 1895 1939 1947 rex
1966 1873 2034 1944 Po-

484 1995 607 2086 loniae,
633 2016 695 2066 uec
722 2017 791 2066 non
817 2001 990 2066 terrerum
1009 1994 1205 2084 Oracoviae,
1233 1993 1480 2084 Sandomiriae,
1507 1994 1701 2085 Laociciae,
1728 1993 1901 2086 (luiaviae,
1930 1995 2037 2086 Syra-
2156 2076 2157 2085 ἵ

350 2113 362 2142 '
416 2211 422 2224 .
486 2117 631 2206 diacone
657 2117 726 2188 dux
753 2123 788 2186 et
814 2115 991 2206 dominns,
1028 2117 1116 2187 scire
1152 2116 1312 2187 volumus
1347 2117 1547 2205 universos,
1583 2121 1655 2186 tam
1691 2121 1893 2205 praesentes
1930 2135 2035 2205 qnam
2156 2128 2157 2187 l

485 2241 652 2326 porteion,
679 2238 912 2328 praesentium
930 2237 1090 2309 notitiam
1109 2237 1301 2325 habituros,
1329 2237 1410 2325 quia
1427 2237 1647 2308 intendentes
1665 2237 1876 2308 utilitatibus
1893 2237 2039 2325 nomme,

487 2357 578 2428 hono
604 2359 675 2430 sive
702 2358 937 2430 haereditates
972 2361 1111 2430 nostras
1147 2357 1286 2428 insimul
1322 2356 1478 2428 volentes
1504 2377 1712 2447 aggregem,
1752 2377 1831 2428 cum
1862 2356 2037 2448 religiosis

489 2479 573 2550 viris
605 2478 741 2550 domino
776 2479 799 2550 J
810 2479 988 2552 ohanne
1024 2479 1223 2569 praeposito
1260 2483 1297 2548 ct
1324 2481 1495 2548 conventu
1531 2477 1575 2548 de
1610 2476 1808 2549 Msthow
1844 2478 2038 2568 vulgariter
2156 2464 2157 2508 ³

478 2597 589 2688 dicto,
617 2599 916 2672 commutationem
943 2599 1065 2672 iecisse
1093 2599 1315 2690 profitemur,
1350 2597 1475 2669 dantes
1500 2599 1551 2668 eis
1574 2597 1830 2689 haereditates,
1871 2598 2039 2670 videlicet

488 2717 782 2813 Kumcrnyky
809 2723 844 2791 io
872 2721 1086 2793 Morszlro
1113 2727 1150 2792 et
1177 2718 1393 2790 Scaricze
1419 2719 1611 2808 vulgariter
1637 2717 1756 2807 dictas
1785 2739 1849 2809 pro
1876 2718 2038 2808 partibus

488 2841 740 2912 haereditatum
776 2841 1094 2933 Wlodowycze
1129 2847 1166 2912 et
1201 2838 1588 2914 Parkossowioze
1623 2839 1818 2928 vulgariter
1852 2839 2038 2926 dictarum,

481 2981 576 3050 ,quae
603 2962 739 3052 quidem
765 2968 882 3052 partes
910 2963 1079 3034 dictarum
1106 2961 1362 3034 haereditatum
1389 2961 1505 3050 ipsos,
1543 2979 1606 3030 seu
1632 2959 1822 3030 claustrum
1848 2959 2038 3031 eorundem
2156 3036 2157 3067 ¹

462 3072 532 3152 'ab
560 3082 699 3154 exordio
718 3103 799 3153 suae
817 3083 999 3154 locationis
1026 3083 1282 3154 haereditariae
1309 3081 1509 3178 contingere
1533 3079 1748 3169 videbantur,
1775 3099 1852 3150 cum
1879 3080 2041 3152 omnihus

491 3201 716 3292 utilitatibus,
751 3202 1006 3293 usufructibus,
1043 3205 1079 3275 iu
1114 3203 1302 3275 dominium
1340 3206 1499 3274 nostrum
1533 3221 1598 3291 per
1634 3201 1939 3272 commutationem
1976 3221 2040 3291 po·

487 3339 563 3392 ram
589 3322 751 3394 recitatas
778 3321 863 3394 dicti
894 3323 1039 3396 claustri
1071 3323 1326 3395 haereditatum
1357 3327 1483 3412 partes,
1525 3341 1568 3392 ex
1586 3341 1678 3392 nunc
1713 3321 1912 3410 accipimus
1940 3339 2041 3410 prae·
2156 3367 2157 3390 2

490 3439 564 3512 lato
592 3443 772 3514 conventui
800 3464 861 3515 seu
892 3445 1043 3516 claustro
1062 3445 1295 3536 praescriptas
1314 3442 1561 3532 haereditates,
1588 3442 1693 3512 simili
1712 3442 1815 3513 modo
1832 3461 1912 3513 cum
1930 3441 2040 3512 omni-

493 3562 556 3633 hus
584 3562 800 3654 utilitatibus,
828 3564 1072 3656 usuhuctibns,
1101 3567 1216 3656 sylvis,
1243 3565 1373 3656 pratis,
1400 3563 1542 3653 piscinis
1569 3563 1786 3653 caeterisque
1812 3562 2040 3654 proventibus
2156 3563 2157 3584 ¹

494 3685 552 3773 qui
579 3703 669 3756 nunc
694 3692 794 3776 sunt,
830 3692 891 3756 aut
933 3686 1010 3758 lieri
1044 3693 1212 3776 poterunt
1236 3687 1273 3758 iu
1298 3686 1465 3773 futurum,
1499 3682 1687 3755 secundum
1714 3681 1807 3772 qnod
1837 3687 2039 3772 praetactae

491 3804 723 3878 haereditates
751 3808 856 3878 certis
884 3809 957 3879 suis
985 3809 1137 3898 antiquis
1162 3807 1321 3880 terminis
1348 3806 1709 3879 circumferentialiter
1735 3812 1817 3878 sunt
1842 3806 2042 3878 distinctae.
2156 3894 2157 3909 χ

491 3926 637 4020 Insuper
663 3927 889 4020 attendentes
930 3935 1060 4019 quanta
1096 3929 1239 4020 speciali
1274 3929 1521 4018 praerogativo
1545 3927 1655 3999 felicis
1682 3927 1935 4014 recordationis
1964 3947 2042 4018 pro
2156 3916 2157 3975 1

492 4047 668 4138 genitores
702 4051 813 4122 nostri
848 4050 1049 4122 fundatione
1085 4071 1149 4122 sua
1186 4050 1391 4121 claustrum·
1412 4048 1627 4138 praedictum
1674 4046 1870 4138 framesqne
1913 4047 2042 4118 ibidem

492 4164 566 4240 Deo
593 4170 848 4261 deservientes,
886 4171 1099 4262 dilexerunt,
1127 4189 1247 4242 eorum
1273 4171 1432 4260 vestigiis
1462 4170 1646 4241 inhaerere
1672 4168 1861 4260 cupientes,
1888 4187 2040 4239 marcam

491 4291 576 4380 anri,
604 4311 706 4380 quom
734 4293 834 4364 nobis
863 4292 998 4363 solvere
1025 4292 1171 4382 singulis
1198 4291 1298 4363 annis
1336 4298 1421 4362 sunt
1460 4290 1615 4379 astricti,
1651 4290 1696 4361 ob
1723 4309 1876 4360 amorem
1903 4288 2042 4359 divinae

360 4467 367 4474 .
492 4411 730 4484 retributionis
757 4412 981 4502 dimittimus,
1009 4413 1103 4502 ipsos
1129 4417 1166 4482 et
1192 4431 1312 4483 eorum
1339 4430 1556 4482 successores
1583 4429 1605 4479 a
1630 4409 1811 4499 praedicta
1836 4428 1956 4479 marca
1982 4408 2040 4478 ab
2156 4464 2157 4491 ,

493 4533 657 4606 solvimus
683 4539 718 4604 et
744 4534 933 4623 eximimus,
961 4537 1128 4631 perpetuo
1155 4533 1347 4621 liberando,
1373 4531 1495 4603 damus
1517 4530 1622 4601 etiam
1648 4529 1832 4619 praedicto
1859 4529 2042 4600 conventui

495 4675 555 4726 sen
574 4653 724 4725 claustro
742 4658 930 4724 memorato
949 4658 1161 4742 potestatem
1186 4652 1323 4723 locandi
1340 4652 1416 4722 iuro
1433 4651 1647 4740 theutonico,
1665 4651 1742 4722 iure
1760 4649 1894 4722 scilicet
1911 4647 2042 4720 Novi-

494 4775 604 4864 iori,
633 4774 723 4865 quod
751 4772 894 4845 Sroda
920 4773 1068 4863 dicitur,
1095 4793 1214 4844 omnes
1241 4772 1476 4844 haereditates
1503 4771 1686 4861 adipsum
1714 4770 1904 4861 claustrum
1932 4769 2038 4870 perti-
2156 4858 2157 4871 ἵ

494 4903 626 4985 nentes,
653 4895 731 4966 iura
757 4894 964 4983 polonicolio
991 4895 1105 4966 omnia
1132 4900 1168 4964 et
1194 4892 1339 4982 singula,
1366 4892 1402 4961 in
1430 4891 1670 4977 solutionibus,
1697 4891 1949 4978 exactionibus,
1972 4909 2042 4960 ser-

495 5019 597 5108 vitiis,
624 5017 838 5106 caeterisque
857 5015 1107 5111 vexationibus,
1126 5013 1288 5104 angariis,
1306 5013 1536 5103 perangariis,
1555 5013 1827 5102 quibuscumque
1848 5011 2043 5082 nominibus
2156 5034 2157 5099 i

496 5145 712 5226 censeantur,
739 5157 871 5208 necnon
900 5136 1027 5206 iudicia
1053 5135 1330 5220 castellanorum,
1355 5133 1602 5222 palatinorum,
1629 5133 1791 5222 iudicum,
1818 5131 2043 5218 subindioum,
2156 5146 2157 5179 ³

496 5282 536 5330 ae
562 5259 820 5332 iurisdictiones
838 5259 992 5349 ipsorum
1010 5255 1266 5344 ministeriales,
1294 5254 1458 5325 officiales
1477 5273 1614 5344 quoque
1632 5252 1829 5342 eorundem,
1855 5271 1878 5322 a
1894 5251 2045 5340 praefati

496 5381 640 5452 claustri
667 5379 942 5452 haereditatibus
970 5399 1031 5448 seu
1059 5377 1150 5448 villis
1177 5382 1346 5466 perpetuo
1374 5373 1584 5462 removendi;
1611 5373 1673 5444 sed
1690 5371 1930 5477 tantummodo
1959 5369 2043 5442 scol·

496 5502 561 5572 teti
589 5501 747 5572 villarum
775 5509 964 5572 conventus
991 5500 1169 5587 nominati,
1197 5498 1232 5567 in
1259 5497 1359 5567 bonis
1386 5495 1539 5566 eiusdem
1566 5515 1688 5566 causas
1705 5499 1778 5564 mm
1804 5493 1915 5581 leves,
1942 5510 2042 5582 qnam
