4492 6592
477 771 546 846 lea

474 985 546 1054 siae
572 999 640 1073 pro
661 979 749 1052 resto
777 979 894 1052 Sancti
922 976 1167 1068 Martirri„aut
1192 1001 1297 1052 uuum
1324 977 1514 1069 fertonem3
1542 977 1624 1050 item
1652 975 1800 1050 taberna
1826 997 1899 1048 una.
1928 973 2039 1046 solvit

215 1113 218 1121 '
344 1091 350 1102 ’
409 1121 412 1130 ⁴
474 1103 639 1175 lenonem
669 1122 734 1192 pro
753 1122 877 1190 censu3
904 1103 984 1172 item
1004 1101 1225 1172 hortulauiae
1251 1101 1340 1172 duae
1366 1103 1536 1172 habentes
1563 1121 1667 1191 agros
1694 1107 1730 1171 et
1752 1100 1902 1190 quilibet
1931 1097 2042 1187 solvit

474 1244 595 1296 novem
633 1230 773 1294 scottos.
813 1223 899 1294 Item
936 1224 1116 1313 praedium
1154 1224 1201 1294 ibi
1229 1223 1365 1295 unicum
1393 1224 1611 1312 coenobiale,
1642 1223 1810 1293 deduius
1837 1221 1940 1310 agris
1970 1239 2041 1288 nou

394 1406 401 1413 .
474 1346 536 1416 dat
567 1345 667 1417 alicui
705 1345 890 1434 decimam,
926 1345 986 1416 sed
1022 1365 1097 1416 eam
1135 1366 1199 1435 pro
1227 1365 1265 1416 se
1291 1346 1383 1416 101111
1418 1353 1455 1417 01
1489 1347 1524 1416 10
1552 1347 1716 1416 horreum
1752 1363 1851 1414 suum
1887 1340 2042 1412 inducit.

475 1466 560 1537 lteru
589 1473 648 1542 est,
667 1467 714 1537 ibi
743 1487 847 1537 unum
876 1466 1109 1538 molendinum
1138 1467 1357 1558 coenobiale,
1388 1474 1425 1539 et
1451 1467 1556 1539 solvit
1583 1487 1647 1558 pro
1675 1487 1779 1537 censu
1807 1484 1914 1535 uuam
1947 1481 2043 1530 mar-

475 1607 559 1658 cam.
600 1586 687 1658 Item
706 1588 781 1675 agri
810 1607 928 1658 omnes
956 1587 1093 1658 solvunt
1122 1594 1159 1657 et
1185 1589 1379 1661 conducunt
1402 1589 1570 1660 decimam
1597 1587 1845 1677 urauipularern
1873 1590 1913 1653 et
1933 1601 2042 1652 cana-

475 1708 585 1798 palcm
613 1727 676 1799 pro
704 1709 834 1779 vicaria
870 1715 1037 1799 perpetua
1073 1709 1292 1799 praebendae
1328 1709 1585 1799 Gracorieusis,
1622 1709 1736 1780 dictae
1763 1702 2041 1788 Bosutbowalra,

475 1835 511 1898 et
538 1829 636 1901 valor
670 1830 744 1900 eius
780 1829 986 1900 aestimatur
1021 1831 1179 1902 adduas
1215 1851 1349 1902 marcas
1385 1853 1450 1922 pro
1485 1852 1553 1902 una
1585 1830 1772 1901 medietate
1808 1827 1935 1914 villae,
1975 1845 2041 1913 pro

476 1950 588 2022 altera
613 1971 697 2022 vero
724 1951 909 2021 medietate
937 1950 1038 2022 villae
1065 1953 1275 2023 monasterio
1303 1953 1545 2043 Thyncziensi,
1573 1958 1610 2023 et
1642 1951 1741 2022 valor
1767 1951 1843 2020 eius
1869 1946 1917 2018 ad
1948 1945 2041 2015 duas

477 2092 621 2142 marcas.
661 2071 821 2143 Continet
857 2091 932 2142 cum
969 2071 1227 2165 Mugilany,
1264 2073 1562 2164 Luberthow,
1597 2072 1830 2158 Shawiua,
1862 2066 2053 2164 Radze·2
2100 2087 2107 2170 ζ

477 2193 627 2264 schum
662 2199 698 2263 et
725 2191 902 2282 Wolya,
929 2192 1265 2286 Korambnihy,
1293 2195 1604 2281 Chorowicze,
1632 2191 1920 2283 Glogoczow.

581 2313 756 2404 Zonz0W,
792 2315 875 2385 villa
911 2317 974 2386 sub
1002 2317 1167 2406 parochia
1203 2317 1246 2388 de
1273 2316 1487 2388 Skawiua
1514 2317 1599 2405 sita,
1637 2316 1733 2386 cuius
1760 2312 1965 2403 proprietas
1993 2307 2038 2378 ad

479 2435 725 2506 monasterium
754 2435 1008 2508 Thinczion
1021 2457 1065 2508 se
1102 2439 1264 2528 pertinet.
1304 2439 1343 2508 ln
1380 2459 1448 2528 qua
1485 2445 1567 2508 sunt
1602 2435 1781 2508 duodecim
1820 2433 1915 2504 lanei
1945 2450 2040 2500 cure-

476 2554 636 2626 thonales
663 2561 699 2626 et
718 2556 867 2647 quilibet
888 2559 993 2629 solvit
1011 2558 1134 2630 decem
1148 2565 1185 2630 et
1203 2565 1280 2630 octo
1306 2581 1463 2649 gnosum,
1490 2560 1573 2630 item
1602 2580 1667 2628 ova
1685 2557 1870 2645 sexaginta
1897 2571 2038 2636 omues,

477 2676 559 2748 itam
587 2676 697 2766 gallos
725 2697 793 2747 non
821 2677 976 2768 solvunt,
1004 2680 1086 2751 item
1125 2699 1242 2752 casem
1279 2685 1357 2752 octo
1385 2701 1521 2769 omnes,
1547 2680 1630 2756 item
1657 2679 1771 2766 labor,
1806 2677 1889 2745 item
1912 2693 2037 2767 puwo-

478 2794 557 2866 hnu
584 2797 760 2887 laborant,
787 2805 951 2871 tenentur
978 2801 1072 2872 enim'
1096 2822 1159 2890 pro
1187 2821 1268 2872 vere
1295 2809 1332 2872 et
1349 2803 1489 2892 hyeme,
1516 2821 1635 2889 arare,
1662 2799 1852 2886 seminare,
1888 2799 2037 2880 metere,

399 2933 402 2943 ¹
479 2923 515 2987 ct
532 2918 743 3008 conducere3
771 2922 855 2992 item
882 2943 1018 3016 osazpqr
1050 2922 1156 2994 datur
1183 2924 1228 2994 ab
1246 2924 1405 2996 erunibus
1431 2924 1467 2993 in
1494 2941 1691 3010 commuue,
1720 2919 1868 3009 siliginis
1886 2915 2037 3005 triginta

479 3037 568 3109 duae
602 3061 800 3132 mensurae,
837 3041 946 3113 tritici
973 3043 1131 3116 undecim
1167 3065 1367 3132 mensurae,
1403 3063 1534 3116 avenae
1561 3043 1684 3132 viginti
1711 3041 1801 3112 duae
1837 3057 2035 3119 mensurae

480 3160 561 3230 item
590 3159 737 3231 taberna
763 3183 832 3233 una
858 3163 990 3234 babens
1026 3183 1128 3254 agros
1160 3186 1249 3256 quae
1284 3165 1388 3237 ablrit
1422 3165 1510 3236 duas
1536 3184 1672 3236 marcas
1698 3181 1762 3252 pro
1789 3181 1914 3243 censu3
1953 3160 2034 3229 item

479 3279 697 3351 hortulaniae
724 3303 792 3352 non
820 3289 915 3373 suut,
951 3284 1032 3356 item
1060 3293 1114 3357 est
1150 3286 1383 3358 molendinum
1410 3285 1626 3375 monasterii,
1655 3283 1746 3374 quod
1773 3281 1878 3355 solvit
1905 3287 2035 3351 metre-

479 3405 543 3471 tas.
584 3401 670 3472 Item
707 3403 884 3493 praedium
921 3407 1119 3477 coenobiale
1155 3429 1222 3479 nora
1259 3415 1313 3478 est
1339 3411 1374 3479 in
1402 3408 1521 3480 eadem
1557 3407 1649 3478 villa.
1688 3405 1776 3476 Item
1809 3422 1931 3474 omues
1958 3399 2033 3489 agri

481 3521 584 3592 villae
625 3523 763 3595 solvunt
803 3525 969 3598 decimam
1012 3518 1260 3618 manipularem
1300 3539 1336 3600 et
1376 3529 1594 3620 canapalem,
1643 3533 1677 3598 et
1717 3525 1914 3597 conducunt
1954 3541 2033 3612 gra·

483 3662 562 3712 num
592 3644 729 3736 triplex,
757 3663 820 3735 pro
848 3649 1068 3721 monasterio.
1109 3651 1196 3721 Item
1224 3657 1281 3722 est
1305 3652 1353 3722 ibi
1382 3651 1551 3740 scoltetia,
1577 3649 1620 3720 de
1638 3650 1736 3720 cuius
1763 3648 1858 3738 agris
1885 3644 2033 3717 solvitur

480 3761 613 3836 decima
649 3767 873 3858 manipularis
909 3791 971 3860 pro
999 3773 1211 3843 monasterio
1244 3772 1471 3844 Thincziensi.
1511 3772 1599 3843 Item
1636 3791 1700 3862 pro
1722 3763 1912 3864 porudlne,
1948 3765 2032 3836 alias

391 3975 397 3984 ι
480 3905 543 3974 pru
572 3906 675 3957 censu
704 3887 836 3980 ducali,
864 3890 1150 3964 solvuntomnes
1176 3913 1241 3984 pro
1267 3893 1356 3995 festo
1384 3893 1539 3964 Paschae
1565 3899 1639 3963 tres
1664 3889 1827 3978 fertones,
1853 3909 1918 3978 pro
1944 3887 2032 3957 testo

480 4026 563 4122 terp
593 4006 711 4080 Sancti
739 4010 920 4084 Michaelis
947 4035 1051 4085 unam
1071 4035 1231 4086 marcam.
1272 4015 1432 4086 Continet
1450 4035 1526 4084 cum
1555 4011 1842 4096 Radzeszow,
1871 4009 2031 4080 Zorzo·
2081 4051 2086 4057 -

480 4128 590 4216 weh,
618 4130 705 4202 alias
733 4129 1115 4225 Goluchooyeoz,
1143 4135 1407 4225 Jurczicze,
1435 4135 1711 4208 etShawina.
1752 4133 1791 4203 lu
1811 4127 2030 4203 Zathoriensi

480 4247 661 4340 districtu;
697 4259 813 4343 empta
849 4275 911 4343 per
948 4256 1201 4345 Bogdalunr
1229 4258 1389 4328 abbatem
1427 4257 1519 4347 apud
1547 4255 1884 4328 Venereslaum
1912 4253 2030 4323 ducem

480 4368 754 4444 Zathorieusem.
1807 4360 1812 4373 ’

586 4490 865 4586 Rnnznscnow,
893 4497 975 4568 villa
994 4498 1123 4570 habeus
1152 4499 1187 4569 in
1210 4519 1248 4570 se
1266 4500 1444 4571 ecclesiam
1471 4499 1723 4590 parochialem,
1751 4497 1901 4570 Sanctae
1920 4545 2029 4566 .....

482 4609 630 4682 dicatam
658 4613 754 4685 cuius
782 4617 977 4706 proprietas
1005 4618 1048 4689 ad
1067 4621 1317 4691 monasterium
1345 4620 1570 4691 Thinczicnse
1597 4619 1759 4709 pertinet.
1800 4618 1841 4687 ln
1860 4637 1930 4707 qua
1957 4619 2029 4686 suot

481 4730 640 4802 undecim
660 4733 750 4804 lanei
768 4737 1003 4809 cmethonales
1030 4745 1066 4810 et
1083 4761 1152 4810 una
1179 4742 1296 4831 virga,
1323 4748 1360 4812 et
1378 4741 1524 4831 quilibet
1551 4741 1655 4811 solvit
1672 4759 1736 4830 pro
1754 4759 1859 4810 ceusu
1886 4737 2028 4808 mediam

483 4873 632 4924 marcam
652 4856 738 4926 ethi
757 4856 846 4927 lanei
865 4858 900 4928 in
920 4878 1027 4948 regno
1047 4860 1212 4932 Poloniae
1227 4865 1435 4952 consistunt;
1454 4864 1489 4932 iu
1503 4861 1723 4932 Zathoricnsi
1743 4879 1825 4931 vero
1843 4866 1943 4932 terra
1957 4850 2032 4929 sunt'

402 5057 409 5070 ..
481 4971 573 5046 lanei
603 4997 725 5047 novem
745 4983 782 5048 et
796 4999 917 5050 novem
937 4982 1069 5072 virgae,
1096 4990 1132 5051 et
1146 4983 1291 5072 quilibet
1308 4983 1413 5054 solvit
1426 5005 1531 5054 unum
1549 4982 1717 5053 fertonem
1732 4982 1884 5052 latorum
1900 4998 2031 5069 grosso

482 5117 578 5186 rum,
615 5097 696 5169 item
734 5120 800 5170 ova
826 5099 942 5172 de'cem
980 5102 1169 5191 celanen,
1205 5105 1286 5175 itam
1317 5105 1428 5194 gallos
1455 5099 1523 5176 ’000
1551 5103 1710 5193 solvunt,
1746 5123 1883 5173 caseum
1921 5119 2029 5179 unuuu

482 5217 565 5288 item
593 5218 755 5292 laborant
783 5218 931 5316 r‘utrzpoi
948 5223 1079 5297 arando
1125 5224 1291 5315 serendo,
1319 5227 1489 5315 metendo,
1516 5225 1747 5313 conducendo,
1774 5243 1880 5294 unum
1898 5229 2029 5312 pratum

483 5340 557 5410 suis
584 5343 762 5432 expensis,
790 5344 883 5415 aliud
911 5347 1071 5435 expensis
1098 5347 1300 5418 monasterii
1327 5347 1542 5425 falcastrant,
1570 5347 1736 5436 colligunt
1761 5354 1798 5415 et
1824 5343 2031 5425 conducuut;

421 5547 426 5562 Ι
482 5459 566 5530 item
593 5462 756 5554 taberna,
784 5467 866 5536 item
886 5463 1058 5562 porudlne
1084 5469 1223 5540 solvunt
1249 5475 1321 5539 tres
1348 5469 1501 5540 lertones
1529 5470 1679 5540 latorum
1706 5486 1928 5557 grosamum3
1945 5466 2029 5536 'item

482 5579 662 5668 praedium
698 5593 753 5655 cst
788 5587 836 5659 ibi
863 5589 1061 5660 coenobiale
1097 5592 1278 5680 exiguum,
1315 5591 1454 5661 scolteti
1489 5591 1629 5677 melius,
1665 5591 1748 5660 item
1775 5607 1920 5679 pernam
1947 5581 2029 5657 lardi

483 5699 636 5792 solvunt,
663 5712 726 5776 aut
743 5709 1004 5796 quatuordecim
1029 5731 1181 5800 grossos.
1219 5712 1308 5784 Item
1336 5733 1475 5786 vaccam
1502 5712 1588 5784 dant
1604 5732 1669 5802 pro
1687 5709 1777 5782 testo
1795 5707 1915 5780 Sancti
1932 5706 2031 5778 Petri.
