4492 6592
464 727 517 798 st

469 931 512 1002 de
538 929 632 1021 agris
659 929 731 999 suis
756 926 850 998 tollit
875 945 940 1016 pro
966 923 1209 996 sedecimam.
1235 923 1324 996 Item
1350 927 1431 1013 post
1456 941 1576 994 omnes
1602 940 1706 1012 agros
1732 919 1873 992 solvunt
1889 925 1928 990 et
1942 901 2026 990 ron·

470 1052 602 1123 ducunt
637 1049 804 1120 decimam
841 1045 1092 1136 manipularem
1128 1049 1165 1116 et
1195 1044 1394 1135 canapalem
1421 1063 1486 1134 pro
1514 1028 1726 1114 monasterio
1753 1040 2028 1132 Zuyerzynensi,

469 1176 505 1244 et
532 1170 630 1242 valor
657 1169 731 1241 eius
758 1168 964 1240 aestimatur
989 1166 1034 1238 ud
1060 1165 1186 1256 vIgInti
1212 1185 1357 1236 marcas.
1383 1164 1472 1236 Item
1489 1159 1640 1257 iatrzyoi
1657 1183 1722 1252 pro
1739 1183 1822 1234 rere
1838 1167 1876 1234 et
1892 1141 2029 1234 aestate

474 1311 586 1380 arare,
613 1289 780 1380 arpicare,
807 1287 987 1377 seminare,
1015 1291 1147 1358 metere
1173 1291 1211 1358 ot
1229 1283 1421 1356 conducere
1438 1290 1614 1356 tenentur.
1639 1282 1800 1356 Continet
1817 1304 1895 1356 cum
1914 1283 2029 1355 Scar-

469 1411 674 1499 bimiria,
700 1403 1020 1498 Thampoczol‚
1047 1407 1375 1496 Brnnoczioze
1401 1404 1665 1496 Roszyeow.

576 1530 898 1618 Κιιιιιιοιιοιι,
926 1525 1010 1599 villa
1046 1528 1109 1598 sub
1146 1526 1312 1617 parocbia
1345 1525 1510 1598 ecclesiae
1536 1525 1580 1597 de
1605 1523 1924 1616 Kosczelyecz
1951 1525 2030 1613 sita,

370 1649 418 1674 ⁸*
472 1652 571 1725 cuius
606 1648 804 1740 proprietas
840 1653 878 1719 et
912 1647 1101 1720 dominium
1136 1646 1183 1718 ad
1216 1647 1464 1718 monasterinm
1499 1645 1776 1736 Zwyerzynense·
1797 1643 1961 1734 pertinet
1987 1645 2028 1716 In

470 1793 540 1863 qua
566 1775 648 1855 sunt
674 1768 870 1860 quindecim
896 1767 989 1840 lanei
1015 1767 1246 1858 mathomum,
1272 1772 1310 1838 ιι
1335 1767 1481 1858 quilibet
1505 1765 1612 1838 solvit
1638 1787 1703 1856 pro
1729 1785 1834 1850 censu
1860 1785 1977 1838 annuo
1995 1819 2030 1835 ..

470 1945 578 1980 ....‚
603 1891 688 1964 item
716 1911 782 1962 ova
808 1889 965 1979 triginta,
991 1889 1075 1960 item
1102 1887 1215 1978 gallos
1241 1888 1338 1977 duos,
1366 1888 1450 1959 item
1468 1908 1598 1963 caseos
1624 1887 1731 1976 duos,
1758 1887 1841 1958 item
1867 1887 2031 1960 laborant

470 2033 577 2084 unum
612 2011 703 2082 diam
741 2011 776 2082 iu
813 2009 1025 2100 septimana,
1051 2010 1137 2082 item
1165 2007 1352 2104 patrobam
1377 2008 1542 2083 laborant
1566 2013 1760 2098 utramque,
1789 2007 1874 2080 item
1900 2029 2030 2104 oaoyep.

469 2133 558 2204 Item
585 2132 732 2203 taberna
758 2113 828 2202 una
855 2131 987 2202 habens
1005 2151 1129 2220 agros,
1155 2134 1192 2200 et
1217 2130 1324 2202 solvit
1349 2151 1414 2220 pro
1440 2150 1547 2202 censu
1572 2150 1677 2202 unam
1695 2149 1914 2222 sexagenum.
1941 2129 2029 2202 Item

316 2277 319 2282 ·
471 2251 809 2354 hortulanieeduae
833 2252 1003 2322 balrentes
1030 2271 1134 2342 agros
1155 2271 1205 2322 ἰιι
1232 2251 1384 2342 praedio,
1412 2251 1552 2325 solvunt
1579 2272 1645 2341 pro
1671 2269 1779 2322 censu
1794 2303 1913 2321 .....
1939 2251 2030 2323 Item

469 2373 703 2444 molendinum
730 2392 806 2443 eum
833 2371 968 2461 piscina
993 2371 1085 2444 bona
1111 2378 1175 2458 ιιιΙ
1192 2368 1252 2461 ibi,
1279 2377 1316 2443 ιι
1342 2371 1469 2444 solvit.
1488 2425 1496 2442 .
1514 2425 1549 2442 ..
1576 2371 1664 2444 Item
1690 2371 1872 2462 praedium
1898 2376 1954 2444 est
1980 2372 2029 2444 ibi

389 2491 408 2502 ”
475 2492 759 2582 coenobiale‚t
722 2497 759 2563 ιι
784 2499 855 2563 tam
883 2491 926 2564 de
953 2492 1023 2563 iilis
1055 2492 1151 2583 agris
1177 2491 1329 2583 praedii,
1357 2513 1460 2584 quam
1486 2492 1654 2565 tabernae
1680 2497 1717 2563 et
1742 2492 2029 2582 hortulaniarum,

468 2613 618 2726 percipit
643 2613 812 2685 decimam
838 2613 1088 2702 manipularem
1114 2613 1364 2684 monasterium
1391 2613 1673 2704 Zwyerzynense.
1700 2613 1790 2684 Item
1808 2620 1890 2712 post
1908 2635 2027 2686 omnes

357 2725 365 2731 ’
468 2755 571 2825 agros
599 2734 801 2806 solvuntet
828 2733 1024 2806 conducunt
1060 2733 1227 2831 decimum
1265 2735 1514 2824 manipularem
1540 2741 1578 2806 ιι
1603 2734 1802 2824 canapalern
1828 2735 2027 2808 ernetbones

469 2855 590 2944 villae,
616 2875 681 2946 pro
717 2853 918 2944 praebenda
944 2851 1186 2945 cracoviensi,
1214 2862 1304 2945 quae
1329 2855 1458 2943 ‹lipitar
1484 2855 1775 2946 Boszutnowrka,
1802 2856 1902 2928 cuius
1929 2857 2027 2928 valor

451 2976 513 3058 ,ad
541 2975 736 3066 quindecim
762 2993 910 3053 marcas.

572 3095 850 3185 Ponrsnnascn,
877 3093 960 3166 villa
987 3095 1051 3168 sub
1072 3095 1245 3185 parocbia
1271 3095 1368 3168 de..
1387 3097 1507 3187 .sita,
1528 3097 1631 3170 cuius
1656 3098 1854 3188 proprietas
1881 3099 1940 3171 ad
1952 3121 2026 3172 mo·

470 3216 662 3288 neoterium
689 3215 963 3306 prerzynense
989 3215 1154 3306 pertinet
1179 3217 1221 3288 In
1248 3239 1318 3308 qua
1335 3223 1417 3290 sunt
1430 3211 1534 3289 lanei
1561 3219 1806 3309 ometbonales,
1823 3226 1861 3291 et
1879 3199 2027 3310 quilibet

470 3335 575 3408 solvit
593 3390 601 3405 .
620 3389 628 3406 .
647 3389 655 3405 .
674 3389 699 3426 .,
725 3335 810 3407 item
836 3356 920 3425 ova,
948 3337 1031 3408 item
1057 3335 1179 3427 gallos,
1206 3337 1290 3409 item
1316 3359 1445 3428 caseos,
1471 3339 1556 3410 item
1583 3339 1699 3428 labor,
1727 3341 1810 3434 item
1829 3339 2026 3435 practura,

335 3442 337 3456 '
469 3457 551 3528 item
579 3478 724 3552 oascyepa
752 3457 835 3528 item
862 3457 1017 3548 taberna,
1044 3457 1130 3530 item
1156 3457 1342 3560 hortulani,
1370 3461 1454 3531 item
1472 3460 1717 3554 molendinarum,
1734 3462 1818 3533 item
1836 3461 2026 3554 praedium.

412 3583 414 3594 ⁴
469 3579 557 3649 Item
595 3591 714 3650 omnes
749 3578 827 3669 agri
853 3577 956 3650 villae
983 3579 1124 3652 solvunt
1150 3585 1186 3651 et
1212 3579 1410 3653 conducunt
1436 3581 1605 3654 decimam
1630 3583 1880 3674 manipularem
1906 3590 1944 3656 et
1968 3605 2026 3656 aa·

469 3699 637 3789 napalem.
930 3767 937 3774 .

466 3865 474 3883 .
573 3817 907 3910 Onwaozrurncn,
926 3819 1018 3892 xvilla
1050 3821 1114 3894 sub
1141 3822 1307 3912 parocbia
1332 3821 1377 3894 de
1402 3821 1614 3914 crimin,
1641 3825 1738 3898 iuxta
1764 3808 1962 3918 Vislam‘,
1988 3834 2026 3899 et

414 3953 417 3958 ·
469 3941 601 4012 babens
630 3947 814 4032 utrumque
840 3941 923 4014 litus
950 3941 1113 4014 Vislae
1140 3943 1218 4015 sita.
1244 3944 1285 4014 ln
1312 3965 1382 4036 qua
1407 3951 1489 4017 sunt
1506 3945 1607 4018 -lanei
1632 3947 1877 4038 cmetbonales,
1893 3954 1931 4020 et
1949 3949 2026 4040 qni·

465 4061 552 4133 libet
578 4061 684 4134 solvit
709 4083 773 4152 pro
800 4082 906 4134 censu
932 4083 996 4154 per
1022 4064 1172 4136 sedecim
1197 4086 1340 4156 grossos
1366 4065 1411 4136 de
1437 4086 1529 4156 area,
1547 4067 1640 4158 ‚item
1667 4089 1734 4140 ova
1759 4068 1915 4158 trigiuta,
1934 4069 2019 4142 item
2077 4125 2081 4128 -

467 4183 578 4272 gallos
606 4182 710 4272 duos,
738 4185 822 4255 item
859 4205 978 4256 caseos
1005 4183 1106 4268 oum,
1140 4185 1227 4256 Item
1254 4187 1392 4259 labores
1419 4209 1489 4259 non
1515 4193 1700 4278 tenentur,
1726 4178 1962 4264 sed'mittuut
1988 4197 2025 4263 ιι

471 4305 639 4376 fluctuant
675 4303 769 4393 ligna
796 4327 859 4394 pro
887 4307 1117 4394 ιιόιιιιιιιιις
1144 4307 1229 4379 item
1248 4305 1453 4401 praedura,
1480 4309 1563 4381 item
1576 4332 1737 4406 oaozyep.
1776 4311 1866 4384 Item
1893 4318 1949 4384 est
1975 4314 2025 4386 ibi

466 4445 536 4497 una
562 4424 707 4496 taberna
732 4425 864 4497 habens
890 4447 1003 4515 agros,
1030 4432 1067 4497 et
1093 4427 1224 4498 solvit.
1242 4482 1277 4498 ..
1304 4428 1393 4500 Item
1418 4430 1596 4502 hortulani
1622 4453 1692 4504 non
1718 4438 1807 4506 sunt
1833 4433 1922 4506 Item
1950 4456 2023 4506 mo-

467 4545 644 4616 lendinum
672 4567 739 4616 non
767 4553 841 4616 est..
870 4547 957 4618 Item
984 4547 1165 4637 praedium
1192 4569 1261 4621 non
1287 4557 1354 4622 est.
1390 4551 1479 4622 Item
1505 4574 1624 4624 ornnes
1650 4554 1727 4645 agri
1754 4555 1856 4628 villae
1882 4555 2024 4628 solvunt

468 4671 504 4736 ιι
531 4665 728 4737 conducunt
754 4657 920 4738 decimam
949 4668 1198 4758 manipularem
1224 4676 1261 4740 et
1287 4672 1498 4763 canapalem
1524 4694 1588 4764 pro
1606 4675 1807 4764 praebenda
1823 4676 1857 4748 S.
1874 4675 2023 4750 Martini

468 4786 504 4855 in
531 4783 767 4874 Gracovia
795 4792 831 4856 et
859 4786 958 4858 valor
985 4787 1059 4858 eius
1085 4788 1291 4860 aestimatur
1316 4789 1361 4862 ad
1388 4791 1537 4864 sedecim
1564 4814 1709 4886 marcas
1749 4795 1837 4867 Item
1863 4777 2023 4886 praefata

398 4997 409 5012 .
467 4906 551 4977 villa
577 4905 684 4978 habet
711 4905 833 5002 bonas]
846 4891 972 4998 sylvas
1000 4909 1040 4980 In
1067 4914 1165 4982 terra
1189 4909 1420 4985 Zatboriensi.
1447 4912 1608 4986 Continet
1634 4935 1711 4988 cum
1730 4969 1739 4985 .
1756 4969 1792 4987 ..

570 5026 835 5116 ancznczrn‚
870 5027 955 5100 villa
990 5029 1224 5120 parochialem
1258 5032 1392 5110 habens
1427 5034 1463 5106 in
1494 5057 1532 5107 se
1559 5036 1756 5126 ecclesiam,
1783 5036 2023 5130 Assumptioni
2070 5077 2073 5081 J
2114 5112 2124 5134 ,

343 5177 345 5183 s
467 5147 615 5220 Βιιιιιι
641 5147 778 5220 Mariae
805 5147 963 5240 Virginis
997 5150 1168 5241 dicatam3
1204 5153 1302 5227 cuius
1327 5155 1526 5250 proprietas
1553 5157 1598 5228 ad
1625 5159 1873 5232 monasterium
1900 5159 2022 5253 Zwye

465 5289 633 5362 raynense
660 5270 822 5360 pertinet.
849 5270 889 5342 In
917 5293 986 5363 qua
1012 5279 1094 5364 sunt
1120 5273 1245 5365 viginti
1271 5281 1421 5366 quatuor
1446 5276 1538 5348 lanei
1556 5280 1801 5370 cmetbonales‚
1818 5287 1856 5352 et
1872 5283 2022 5373 quilibet

466 5390 570 5461 solvit
605 5413 669 5482 pro
705 5413 810 5464 censu
846 5413 909 5484 per
945 5393 1095 5466 medium
1130 5394 1316 5487 florenum,
1343 5397 1427 5469 item
1465 5418 1531 5470 ora
1557 5385 1774 5493 quindecim
1798 5403 1883 5476 item
1908 5405 2029 5495 gallos·

466 5516 634 5599 quatuor3
661 5513 743 5584 item
770 5535 888 5586 caseos
915 5535 983 5586 non
1010 5515 1115 5605 dant;
1142 5517 1225 5589 item
1251 5517 1414 5590 laborant
1438 5518 1595 5593 ducendo
1620 5521 1794 5595 frumenta
1810 5524 1964 5596 decimae
1982 5527 2019 5598 in

465 5627 731 5704 cracoviam
757 5635 793 5706 in
810 5633 932 5708 iorum.
951 5635 1038 5709 Item
1049 5635 1236 5732 pcwobom
1252 5660 1321 5712 non
1339 5639 1510 5712 laborant.
1528 5641 1616 5714 Item
1633 5665 1771 5740 ooozpcp
1789 5644 1876 5720 dnos
1892 5647 2017 5720 cboros
