4492 6592
1616 783 1779 865 ,63

81 1003 88 1012 ·
227 987 310 1062 itam
349 989 549 1081 hortulani,
574 992 657 1064 item
693 991 892 1083 praedium,
918 993 1002 1066 item
1029 994 1272 1068 molendinum.
1311 995 1400 1068 Item
1427 980 1652 1086 postomia
1666 1014 1781 1088 agros

228 1109 379 1182 soluitur
406 1117 442 1197 et
467 1111 672 1186 conducitur
699 1113 833 1207 decima
858 1115 1083 1206 manipularis
1110 1122 1147 1188 et
1172 1117 1401 1208 canapalis...
1841 1105 1845 1113 ’

334 1232 575 1305 Monnnrczn
602 1255 731 1325 aaron,
758 1236 842 1308 villa
868 1237 932 1308 sub
958 1237 1125 1328 parochia
1150 1236 1317 1309 ecclesiae
1342 1237 1387 1310 de
1412 1238 1676 1312 Modlnicza
1701 1259 1782 1312 ma
1887 1291 1892 1296 -
1921 1266 1929 1278 ·

226 1351 322 1422 iori
350 1354 439 1444 sita,
465 1353 565 1426 cuins
590 1356 787 1446 proprietas
814 1361 850 1428 et
876 1357 1066 1430 dominium
1093 1359 1138 1430 ad
1164 1359 1411 1432 monasterinm
1437 1359 1676 1433 Zaerzinense
1702 1381 1781 1450 per·

226 1473 327 1546 tinet
353 1475 394 1546 In
421 1497 491 1566 qua
517 1481 599 1550 aunt
626 1477 777 1568 quinque
811 1478 903 1577 lanei
930 1479 1183 1570 cmcthonales,
1209 1486 1247 1552 et
1272 1481 1418 1571 quilibet
1443 1503 1508 1571 pro
1534 1499 1650 1587 annno
1676 1501 1791 1554 cenau-

221 1595 336 1668 'aolvit
362 1618 466 1668 unam
492 1617 653 1688 marcam,
680 1597 762 1670 item
791 1621 857 1670 ova
882 1599 1037 1690 triginta,
1063 1599 1150 1671 item
1173 1601 1285 1690 gallos
1312 1601 1410 1690 duos,
1436 1602 1519 1673 item
1537 1621 1657 1674 caseos
1674 1601 1781 1690 dnos,

228 1717 313 1788 item
351 1717 490 1790 laborat
524 1718 672 1809 quilibet
706 1718 842 1802 alesta
878 1719 997 1792 Sancti
1023 1717 1194 1792 Johanuis
1230 1720 1275 1792 ad
1301 1703 1428 1792 festum
1455 1720 1574 1794 Sancti
1599 1721 1782 1794 Michaelis
1924 1792 1929 1801 Χ

81 1947 83 1958 Ι
227 1857 292 1928 per
319 1836 408 1910 dnos
435 1837 509 1910 dies
536 1839 571 1910 in
598 1840 810 1930 septimana;
834 1841 920 1914 item
940 1838 1126 1938 peccabam
1152 1841 1315 1912 laborant
1336 1847 1537 1932 utramque;
1563 1842 1647 1914 item
1665 1864 1782 1938 oaaycp
1868 1896 1872 1902 -
1990 1875 1993 1883 ·

228 1957 392 2049 solrnnt3
418 1960 501 2032 item
529 1961 676 2033 taberna
702 1982 771 2033 una
798 1961 1010 2052 monasterii,
1036 1963 1105 2033 alia
1131 1961 1251 2033 Noaz
1277 1963 1414 2052 militia,
1440 1963 1652 2036 monasterio
1677 1965 1783 2036 solvit
1826 1990 1834 2002 ⁸

229 2078 320 2152 duas
348 2103 493 2154 marcas.
519 2082 608 2154 Item
634 2081 854 2156 hortulaniae
881 2081 980 2173 duae,
1008 2083 1184 2174 quaelibet
1209 2083 1315 2156 solvit
1341 2084 1491 2156 sedecim
1517 2105 1667 2175 grossos
1694 2085 1782 2156 Item

81 2297 83 2310 ἱ
229 2201 477 2274 molendinum.
504 2203 592 2274 Item
619 2202 798 2294 praedium
826 2210 881 2277 est
902 2204 951 2278 ibi
970 2204 1180 2294 coenobiale,
1197 2205 1241 2276 de
1258 2205 1356 2276 cuins
1374 2205 1469 2296 agris
1487 2206 1635 2278 solvitur
1652 2205 1786 2278 decima
1831 2295 1835 2300 ι

81 2361 83 2410 ;
226 2324 457 2415 manipularis
491 2324 711 2416 praebendae
746 2325 893 2398 Sanctae
928 2325 1065 2398 Mariae
1092 2325 1318 2417 Aegiptiacae
1344 2327 1380 2397 in
1407 2330 1524 2400 castro
1550 2326 1783 2400 Gracouiensi.

81 2413 83 2474 ἕ
226 2447 318 2520 Item
347 2469 465 2522 omnes
491 2448 568 2538 agri
595 2448 734 2522 solvunt
759 2453 796 2520 et
826 2447 1021 2520 conducunt
1050 2446 1218 2520 decImam
1244 2446 1493 2536 manipularem
1520 2453 1557 2520 et
1574 2447 1782 2538 canapalem,
1840 2433 1866 2477 ·’
1949 2515 1959 2524 .

226 2589 294 2658 pro
330 2569 531 2660 praebenda
566 2568 713 2643 Sanctae
739 2567 875 2642 Mariae
902 2566 1147 2658 Aegiptiacae,
1172 2567 1209 2639 in
1236 2567 1372 2658 capella
1398 2569 1505 2640 castri
1531 2567 1782 2682 Gramriensis,
1900 2661 1908 2672 ,

81 2727 82 2764 1
227 2695 265 2761 et
292 2689 496 2768 valarsius
522 2709 599 2762 cum
625 2687 794 2780 praediali
821 2689 1026 2762 aestimatur
1053 2687 1097 2760 ad
1125 2709 1186 2760 aen
1211 2709 1356 2762 marcas.

81 2881 83 2914 L
337 2811 498 2900 Brnrcnn,
526 2809 610 2882 villa
623 2811 687 2884 sub
706 2811 872 2901 parochia
885 2809 1050 2916 ecclesiae
1065 2808 1108 2882 de
1126 2809 1395 2907 Zyelyonlry
1421 2811 1499 2901 sita
1514 2811 1612 2882 cuius
1624 2811 1782 2920 proprie·

81 2929 82 2952 ¹
225 2938 285 3004 tas
311 2937 349 3003 et
373 2931 562 3004 dominium
589 2931 634 3004 ad
660 2932 909 3004 monasterinm
936 2929 1216 3023 Snuyerzineaae
1242 2932 1404 3022 perimet.
1430 2932 1471 3002 In
1498 2953 1568 3022 qna
1589 2937 1671 3004 sant
1688 2932 1780 3004 lanei

81 3041 82 3044 '
227 3053 475 3144 emethannles,
502 3057 537 3125 ct
563 3053 710 3144 quilibet
736 3053 841 3126 solvit
866 3073 931 3144 pro
958 3072 1064 3126 censu
1175 3053 1263 3124 Item
1289 3074 1356 3126 ova
1381 3053 1536 3144 triginta,
1562 3054 1645 3126 item
1671 3052 1783 3145 gallos

226 3175 317 3246 dnos
343 3161 459 3264 solvit,¹
485 3173 569 3246 item
596 3195 716 3248 caseos
742 3173 838 3264 dnos,
865 3173 949 3246 item
976 3174 1114 3277 laborat
1141 3174 1288 3265 quilibet
1313 3174 1357 3246 de
1382 3174 1484 3246 laneo
1510 3195 1532 3246 a
1558 3171 1782 3247 iestn'Sancti
1849 3181 1858 3270 s

81 3277 83 3364 ς
226 3293 402 3368 Iohannis
436 3295 482 3366 ad
517 3294 637 3368 Sancti
663 3295 847 3368 Michaelis
882 3315 946 3386 per
972 3294 1058 3368 dnos
1085 3295 1161 3368 dies
1186 3295 1223 3368 in
1250 3295 1452 3386 septimana
1491 3296 1578 3368 Item
1600 3293 1785 3390 ponebam

227 3423 427 3508 atramque,
441 3416 612 3506 laborant,
639 3416 722 3488 item
748 3416 904 3507 taberna,
931 3417 1016 3490 item
1043 3417 1239 3506 hortulani,
1266 3417 1351 3489 item
1376 3438 1496 3513 oaeyep
1523 3417 1673 3506 solvunt,
1700 3417 1784 3489 item
1892 3419 1907 3438 ⁸

169 3569 174 3576 ·
226 3537 473 3628 molendinum,
500 3538 584 3610 item
610 3536 791 3630 praedium
817 3543 872 3610 est
898 3537 947 3609 ibi
974 3537 1183 3627 coenobiale,
1210 3537 1253 3610 de
1280 3537 1378 3610 cuins
1404 3538 1499 3629 agria
1526 3537 1674 3610 solvitur
1691 3537 1784 3609 deci-

227 3681 287 3730 ma
312 3658 539 3749 manipularis
566 3658 734 3732 ecclcsiae
760 3657 951 3749 parochiali
978 3659 1015 3730 in
1040 3657 1323 3751 Zyelyonky.
1348 3659 1436 3732 Item
1464 3665 1519 3732 eat
1544 3658 1594 3731 ibi
1613 3657 1781 3746 scoltetia,

81 3865 83 3886 Ε
228 3801 320 3871 qnae
348 3781 457 3852 habet
482 3780 620 3869 laneos,
647 3779 690 3851 de
727 3779 852 3870 quibus
889 3779 1036 3851 solvitur
1070 3779 1204 3852 decima
1238 3779 1464 3870 manipularis
1488 3779 1656 3854 ecclesiae
1681 3799 1784 3870 paro-

230 3902 340 3974 chiali
377 3902 412 3973 in
439 3899 721 3994 Zyelyonlry.
761 3901 847 3972 Item
882 3907 963 3991 post
998 3921 1117 3974 omnes
1143 3921 1247 3991 agros
1273 3900 1413 3973 solvunt
1438 3906 1476 3972 et
1501 3900 1697 3973 conducunt
1722 3919 1786 3990 pro

227 4023 364 4094 decima
388 4022 597 4113 manipulari
623 4021 843 4111 etcanapali
870 4021 1080 4094 monasterio
1107 4020 1374 4113 Zwyerzynensi
1401 4020 1600 4110 maldratas,
1627 4020 1672 4092 de
1698 4042 1783 4111 quo-

228 4143 318 4215 libet
343 4163 453 4236 mnu
480 4148 516 4215 et
541 4143 660 4232 laneo,
688 4143 793 4216 etde
820 4141 938 4236 tritico
976 4142 1114 4232 quidem
1143 4141 1282 4214 solvunt
1309 4148 1459 4252 quatuor
1485 4161 1675 4231 mensuras,
1701 4142 1783 4212 item

229 4265 274 4336 de
303 4265 442 4356 siligine
470 4272 619 4358 quatuor·
654 4283 853 4354 mensuras,
888 4264 970 4336 item
1007 4263 1050 4336 de
1085 4284 1196 4336 avena
1222 4267 1373 4356 quatuor
1398 4283 1578 4336 mensuras
1613 4261 1784 4354 aequales,

81 4371 82 4390 ³
230 4408 300 4458 non
328 4385 513 4457 confertas.
585 4393 589 4408 '

334 4505 522 4595 Lunoczn,
550 4505 634 4576 villa
661 4505 726 4578 sub
752 4503 919 4596 parochia
944 4471 1111 4578 ecclesiae
1138 4505 1182 4577 de
1207 4503 1449 4578 Pleschow
1475 4505 1553 4594 sita,
1579 4505 1677 4578 cuius
1703 4526 1784 4596 pro·

81 4615 86 4626 ’
129 4645 133 4659 ’
229 4628 364 4719 prietes
389 4633 427 4698 et
453 4626 640 4698 dominium
676 4625 721 4698 ad
755 4626 1003 4704 monasterium
1029 4625 1317 4718 Szwyerzynense
1344 4626 1505 4717 pertinet.
1542 4626 1583 4697 In
1609 4647 1679 4718 qua
1704 4631 1786 4698 sunt

229 4749 320 4822 lanei
349 4747 601 4838 cmethonalea,
629 4753 665 4820 et
692 4747 837 4839 quilibet
868 4747 974 4822 solvit
999 4769 1063 4839 pro
1091 4769 1198 4820 censu
1224 4747 1343 4821 Sancti
1369 4748 1518 4820 Martini
1544 4769 1668 4822 novem
1694 4753 1785 4822 scot-

230 4877 304 4960 tos,
331 4871 417 4942 item
453 4891 519 4942 oua
553 4869 717 4960 triginta,
743 4869 827 4942 item
863 4868 976 4960 gallos
1012 4869 1153 4942 solvunt
1177 4869 1285 4960 duos,
1311 4869 1396 4942 item
1423 4889 1543 4942 caseos
1569 4869 1675 4959 duos,
1701 4869 1783 4940 item

230 4991 348 5081 labar,
384 4991 467 5064 item
498 4988 701 5086 ponebam,
729 4991 813 5062 item
849 5011 966 5086 oaayep
1003 4990 1153 5063 solvrmt.
1192 4991 1279 5064 Item
1306 4991 1474 5065 tabernae
1500 4990 1590 5064 duae
1616 4991 1784 5063 habentes

230 5134 332 5204 agros
361 5112 406 5184 ad
433 5111 627 5184 scoltetiam
653 5111 886 5203 pertinentes,
913 5117 950 5184 et
976 5131 1044 5184 una
1076 5111 1231 5203 ascripta
1257 5117 1293 5186 et
1319 5111 1495 5204 applicata
1521 5117 1577 5207 eat
1600 5111 1645 5184 ad
1671 5111 1784 5183 altare

81 5311 82 5330 ξ
231 5219 351 5306 Trin'm
379 5232 522 5324 Refflrm.
549 5233 637 5306 Item
664 5233 851 5324 hortulani,
877 5233 961 5306 item
988 5231 1180 5324 praedium,
1207 5234 1290 5304 itam
1318 5233 1560 5304 molendinum
1587 5232 1675 5304 Item
1701 5238 1782 5323 post

81 5405 82 5422 ,
232 5376 349 5427 omnes
377 5374 500 5444 agros,
527 5354 667 5426 solvunt
703 5359 739 5424 et
764 5353 961 5426 conducunt
987 5375 1050 5445 pro
1078 5353 1213 5425 decima
1239 5353 1447 5444 manipulari
1471 5358 1509 5425 et
1535 5352 1694 5444 canapali
1720 5375 1784 5444 pro
1923 5433 1927 5439 ⁴

81 5537 83 5572 ,
231 5477 444 5550 monasterio
481 5475 747 5568 Zwyerzynensi
782 5474 989 5565 maldratas,
1016 5475 1060 5546 de
1096 5475 1253 5565 quolibet
1277 5475 1379 5546 laneo
1409 5480 1446 5546 et
1460 5495 1599 5588 grano,
1625 5473 1786 5547 videlicet

81 5645 83 5668 r
231 5598 356 5685 tritici,
385 5595 533 5687 siliginis
560 5603 597 5668 ct
623 5617 754 5670 avenae
780 5603 930 5688 quatuor
956 5613 1136 5668 mensuras
1162 5595 1343 5686 aequales,
1371 5616 1440 5667 non
1468 5595 1652 5670 confertas.
1692 5597 1781 5668 Item

232 5723 283 5790 eat
311 5718 363 5790 ibi
400 5716 562 5792 scoltetia
600 5717 733 5799 habens
772 5722 845 5794 tres
885 5717 1012 5794 lancos.
1057 5715 1145 5794 Item
1180 5716 1270 5796 duae
1304 5715 1472 5792 ammae
1507 5716 1553 5797 ad
1587 5717 1782 5798 soletum
