4492 6592
1713 711 1787 804 aar

224 903 445 977 necessitate
473 902 670 993 impellente
697 902 877 991 venditae,
914 904 1050 994 aliquae
1077 927 1140 994 per
1166 908 1386 995 tyrannidem
1420 911 1613 1001 principum
1645 920 1682 984 et
1708 936 1789 1004 pro·

223 1043 347 1094 carum
380 1025 516 1096 ablatae
544 1030 579 1094 et
606 1031 792 1112 occupatae
830 1043 892 1112 per
928 1025 1136 1100 violentiam.
1181 1026 1303 1116 ltaque
1340 1051 1409 1100 non
1436 1037 1490 1100 est
1517 1032 1585 1102 mei
1612 1037 1784 1125 propositi

222 1144 471 1216 haereditates
497 1144 669 1235 praelatas
697 1165 824 1233 omnes,
854 1145 993 1234 quasin
1013 1145 1130 1218 dotem
1157 1155 1294 1220 constat
1321 1148 1428 1220 luisse
1456 1154 1667 1224 monasterio
1686 1176 1787 1245 prae-

221 1263 309 1351 lato,
341 1266 489 1336 collatas
517 1265 730 1351 describere,
768 1287 844 1336 cum
872 1266 938 1336 ianr
968 1266 1003 1336 in
1031 1266 1177 1338 aliorum
1213 1269 1451 1341 transiverunt
1486 1279 1615 1344 sortem
1643 1251 1691 1344 et
1704 1297 1785 1365 pro·

220 1385 428 1474 prietatem3
454 1385 513 1456 sed
542 1385 710 1456 duntaxat
737 1405 805 1474 eas,
834 1386 868 1455 in
897 1408 1043 1476 quarum
1070 1375 1327 1458 monasterium
1344 1390 1380 1459 in
1407 1391 1703 1485 Sthanyatky
1730 1405 1784 1468 est

219 1507 446 1595 proprietate
473 1510 509 1576 et
534 1505 759 1593 possessione,
788 1527 830 1576 ne
849 1513 885 1576 et
902 1507 999 1595 ipsae
1018 1507 1267 1580 abstrahantur
1285 1531 1307 1578 a
1324 1510 1456 1582 ditione
1473 1515 1684 1602 monasterii,
1711 1523 1781 1588 tarn

222 1627 356 1698 devote
385 1635 421 1698 et
448 1626 607 1714 religiose
634 1626 776 1714 fundati,
805 1635 840 1698 et
868 1629 902 1698 in
923 1639 1127 1710 ,exterorum
1165 1630 1421 1704 transferantur
1447 1635 1784 1726 iniustamoccupa·
1884 1633 1893 1642 '

220 1748 370 1834 tionem,
399 1769 420 1816 a
446 1767 513 1834 qua
539 1745 623 1816 illud
652 1752 844 1835 segestrum
880 1769 1044 1837 praesens
1071 1755 1106 1818 et
1133 1749 1339 1840 descriptio,
1368 1775 1436 1824 non
1463 1775 1561 1826 secus
1590 1777 1692 1846 quam
1720 1761 1782 1832 ali·

221 1867 315 1955 quod
331 1865 563 1954 privilegium,
582 1867 714 1954 poterit
729 1867 918 1960 viudicare,
935 1869 1027 1938 bona
1041 1869 1158 1958 itaque
1172 1872 1375 1942 monasterii
1389 1873 1425 1944 in
1444 1873 1525 1946 Stb
1536 1879 1707 1966 anyath
1717 1880 1741 1950 k
1749 1902 1782 1968 y,

221 1987 256 2056 in
285 2006 438 2074 quorum
468 2007 557 2056 nunc
585 1992 639 2058 est
666 1988 894 2076 possessione,
922 1989 1089 2078 inscripta
1115 2010 1192 2062 esse
1219 1991 1453 2064 dinoscuntur.

328 2105 408 2176 Hoc
435 2127 570 2195 quoque
598 2107 677 2178 huic
704 2110 802 2197 operi
828 2109 1048 2181 inserendum
1076 2116 1139 2198 est3
1168 2111 1258 2200 quod
1285 2113 1321 2184 iu
1348 2113 1550 2186 fundatione
1578 2121 1780 2190 monasterii

220 2227 262 2298 de
292 2225 631 2318 Sthanyathky
667 2249 781 2300 comes
809 2228 966 2300 Clemens
994 2229 1036 2300 de
1064 2229 1270 2302 Russcza
1306 2234 1514 2306 castellanus
1541 2234 1780 2312 Gracoriensis

220 2347 346 2434 voluit,
378 2348 553 2420 ordinavit
581 2355 617 2420 et
644 2349 812 2438 instituit,
839 2355 879 2420 ut
905 2350 1051 2439 triginta
1078 2351 1121 2422 ad
1149 2353 1262 2423 miuus
1289 2375 1429 2426 sorores
1456 2355 1491 2426 in
1519 2357 1676 2446 praefato
1703 2381 1780 2432 coe·

220 2469 326 2538 nobie
357 2469 519 2540 habitent
547 2470 707 2540 continue
735 2477 770 2573 et
796 2471 997 2560 foveantur,
1038 2492 1115 2542 cum
1143 2479 1179 2544 et
1205 2495 1269 2562 pro
1296 2475 1455 2564 pluribus
1482 2478 1662 2549 sororibus
1688 2480 1780 2564 bona

220 2590 434 2679 temporalia
460 2589 642 2662 sufficiant.
687 2591 774 2662 Item
803 2591 894 2682 quod
922 2593 1142 2682 praepositus
1178 2594 1330 2666 eiusdem
1358 2598 1560 2668 monasterii
1588 2599 1624 2670 in
1651 2598 1779 2671 Stha-

214 2711 434 2801 nyathky
462 2731 503 2782 ex
533 2710 774 2800 Thynicaisnsi
801 2713 1009 2784 monasterio
1037 2714 1274 2819 assumendus,
1315 2716 1467 2807 quinque
1493 2717 1620 2788 fratres
1648 2720 1780 2792 ordinis

220 2833 273 2902 sui
303 2851 423 2902 secum
450 2837 577 2920 teneat,
605 2839 642 2902 et
668 2833 758 2904 bona
787 2834 987 2904 monasterii
1014 2834 1160 2922 provide
1183 2840 1219 2906 et
1245 2835 1401 2908 modeste
1428 2839 1608 2927 gubernet,
1636 2846 1672 2910 et
1690 2846 1778 2910 tem-
1906 2839 1914 2850 '

220 2952 355 3042 poralis
383 2953 543 3041 existens,
572 2953 616 3024 ad
644 2954 855 3024 voluntatem
883 2962 919 3024 et
946 2953 1123 3026 decretum
1145 2957 1298 3046 episcopi
1318 2955 1555 3030 Cracoviensis
1583 2961 1694 3048 possit
1712 2981 1778 3050 pro
1867 2999 1873 3015 ·

221 3074 382 3162 quolibet
407 3080 564 3163 tempore
591 3074 751 3163 destitui,
771 3080 816 3156 ¹et
843 3076 1006 3147 amoveri.
1034 3075 1118 3148 Item
1148 3077 1258 3149 voluit
1285 3083 1320 3148 et
1347 3078 1540 3168 ordinarit,
1577 3086 1615 3150 ut
1642 3102 1779 3152 sorores

215 3195 375 3284 praelati
402 3196 569 3285 coenobii,
596 3218 637 3268 ex
666 3197 757 3266 iusta
785 3205 820 3268 et
847 3197 1002 3288 legitima
1029 3219 1147 3285 causa,
1176 3204 1211 3268 et
1238 3199 1281 3270 de
1307 3199 1448 3270 licentia
1475 3201 1627 3290 episcopi
1655 3200 1779 3274 Gracc·

221 3317 362 3405 mensis,
392 3322 535 3406 possent
562 3316 606 3388 ad
635 3317 835 3406 religionem
864 3317 1147 3390 (listerciensium
1174 3320 1336 3407 transire,
1364 3325 1401 3390 et
1427 3341 1464 3389 se
1484 3342 1524 3392 ac
1551 3321 1682 3392 dictum
1701 3343 1779 3394 coe-

222 3438 364 3508 nobium
394 3438 428 3508 in
456 3435 776 3527 Stheniathky
803 3438 847 3508 ad
875 3438 1004 3517 dictum
1032 3439 1189 3511 ordinem
1216 3440 1416 3512 transferre.

326 3558 624 3646 Srnnnrarunr,
652 3558 734 3631 villa
761 3560 825 3630 sub
853 3560 1018 3649 parochia
1045 3560 1211 3633 ecclesiae
1238 3560 1280 3632 de
1308 3559 1508 3630 Brzcsze
1536 3560 1612 3632 sita.
1643 3561 1683 3631 In
1711 3583 1781 3651 qua

223 3686 302 3750 sunt
331 3701 394 3750 sex
421 3678 512 3750 lanei
539 3679 787 3767 cmethonales,
816 3687 851 3750 et
878 3673 1075 3770 proprietas
1104 3680 1205 3752 villae
1233 3681 1335 3769 pleno
1363 3681 1439 3752 iure
1466 3681 1619 3770 pertinet
1645 3681 1690 3751 ad
1718 3683 1778 3752 ab·

223 3801 391 3872 batissam
419 3807 456 3870 et
483 3801 761 3872 sanctimoniales
780 3802 980 3872 monasterii
1008 3802 1044 3872 in
1073 3801 1421 3891 Sthanyathky,
1449 3809 1485 3870 et
1512 3801 1595 3870 villa
1621 3801 1779 3890 praelata

224 3929 275 3992 est
302 3922 429 3992 fundus
457 3921 603 4011 praefati
631 3922 832 3994 monasterii
868 3923 902 3992 in
931 3922 1280 4012 Sthanyathky3
1321 3929 1357 3991 et
1385 3921 1530 4011 quilibet
1558 3921 1693 3992 cmetho
1734 3922 1777 3992 de

223 4041 322 4114 laneo
353 4043 457 4117 solvit
484 4063 548 4132 pro
576 4065 690 4114 annuo
719 4064 824 4116 censu
851 4043 1000 4114 sedecim
1017 4049 1161 4113 scottos
1188 4042 1376 4114 communis
1404 4041 1589 4131 pecuniae,
1617 4042 1699 4112 ilem
1727 4042 1778 4112 vi-

221 4163 309 4252 ginti
338 4185 413 4252 ova,
440 4164 524 4234 item
552 4163 638 4236 duos
664 4164 783 4253 gallos,
812 4165 895 4235 item
915 4164 1002 4235 duos
1020 4184 1149 4251 caseos,
1176 4164 1260 4234 item
1284 4162 1431 4251 quilibet
1450 4162 1586 4232 cmetho
1605 4161 1649 4233 de
1666 4161 1777 4250 laneo,

225 4284 361 4358 afesto
389 4285 505 4356 Sancti
533 4284 730 4373 Michaelis,
755 4307 864 4375 usque
892 4285 936 4356 ad
963 4284 1088 4356 festum
1109 4284 1224 4356 Sancti
1244 4283 1425 4370 lobannis,
1451 4287 1599 4386 tenetur
1617 4282 1778 4362 laborare

225 4410 294 4476 tres
323 4405 398 4476 dies
426 4407 567 4496 proprio
594 4427 698 4476 curru
719 4412 787 4478 aut
814 4411 941 4496 aratro,
969 4428 990 4476 a
1016 4405 1105 4478 festo
1133 4426 1216 4476 vero
1243 4405 1361 4483 Sancti
1388 4403 1567 4492 lobannis,
1595 4423 1705 4492 usque
1732 4402 1777 4475 ad

226 4523 351 4598 festum
379 4527 496 4598 Sancti
524 4526 724 4614 MichaeliS,
766 4527 809 4598 de
837 4527 938 4598 laneo
967 4527 1122 4616 quolibet
1149 4525 1205 4596 die
1231 4531 1395 4596 tenentur
1422 4524 1601 4612 laborare,
1638 4528 1777 4612 praeter

227 4645 312 4716 diem
341 4648 499 4734 sabbati,
536 4648 618 4718 item
647 4647 794 4736 quilibet
821 4647 864 4718 de
891 4647 1000 4718 laneo>
1027 4647 1131 4718 solvit
1167 4646 1253 4718 duos
1281 4646 1420 4746 choros·
1437 4665 1568 4716 avenae
1594 4663 1776 4716 mensurae

229 4765 463 4842 Gracoriensis
496 4768 680 4840 confertae.
726 4769 812 4840 Item
840 4775 921 4840 sunt
948 4769 983 4838 in
1011 4769 1132 4839 eadem
1169 4768 1251 4838 villa
1286 4767 1353 4838 dno
1380 4766 1574 4853 hortulani,
1610 4765 1776 4834 habentes

229 4907 336 4978 egros,
364 4897 400 4960 et
427 4891 572 4980 quilibet
600 4891 703 4964 solvit
740 4911 804 4980 pro
832 4911 936 4962 censu
972 4911 1086 4960 annuo
1122 4910 1228 4960 unum
1263 4888 1452 4974 fertonem,
1479 4892 1516 4956 et
1542 4905 1647 4955 unum
1684 4882 1775 4952 diem

229 5011 420 5100 pedestrem
448 5015 483 5082 in
511 5013 713 5102 septimana.
758 5004 844 5082 Item
873 5018 954 5082 sunt
981 5012 1015 5081 in
1044 5010 1165 5082 eadem
1192 5010 1409 5080 haereditate
1435 5008 1470 5077 in
1498 5010 1609 5077 strata
1634 5001 1772 5092 publica

230 5132 312 5206 duae
340 5134 525 5221 tabernae,
561 5133 728 5210 babentes
757 5154 859 5222 agros
887 5132 1021 5222 amplos
1047 5137 1082 5202 et
1109 5131 1242 5225 largos,
1280 5135 1315 5199 et
1341 5148 1409 5198 una
1436 5125 1539 5198 solvit
1573 5143 1637 5212 pro
1664 5142 1771 5192 censu

227 5273 357 5342 annuo,
394 5275 480 5343 quae
509 5259 654 5338 vocatur
686 5253 893 5340 Schwab,
930 5253 1079 5342 quinque
1117 5270 1250 5322 marcas
1285 5249 1402 5319 decem
1437 5264 1578 5334 grossos
1605 5248 1641 5312 et
1668 5262 1772 5312 unum

229 5371 374 5463 lapidem
402 5375 485 5463 sepi,
513 5373 582 5444 alia
605 5394 691 5463 quae
719 5378 863 5444 vocatur
890 5370 1219 5456 Sthanczonis,
1247 5368 1352 5441 solvit
1378 5365 1463 5434 duas
1482 5383 1616 5433 marcas
1635 5365 1670 5432 et
1688 5360 1774 5431 duos

228 5491 356 5583 lapides
385 5495 468 5583 sepi.
509 5494 595 5566 Item
623 5495 865 5565 tabernatores
893 5491 935 5562 de
963 5491 1086 5562 iisdem
1114 5488 1270 5560 tabernis
1297 5491 1460 5556 tenentur
1488 5483 1649 5553 laborare
1676 5481 1774 5552 adin-

231 5619 299 5686 star
325 5615 547 5686 cmethonum
575 5617 610 5684 in
638 5612 979 5704 Stbanyathky.
1024 5611 1111 5682 Item
1139 5610 1174 5680 in
1202 5606 1321 5678 eadem
1353 5603 1571 5676 haereditate
1599 5607 1681 5674 sunt
1708 5601 1776 5673 duo

326 5783 374 5822 le.
389 5783 484 5822 senene.
494 5783 539 5822 Ill.
1169 5786 1172 5790 ⁸
1572 5752 1586 5799 3
1595 5753 1608 5798 6
