4492 6592
1685 767 1755 884 rar

201 975 418 1065 ducentium,
446 977 630 1066 coenobia,
658 975 809 1048 studium
837 977 968 1048 habens
996 997 1131 1068 semper
1152 977 1302 1067 flagrans
1330 984 1366 1048 et
1392 979 1588 1067 incensum,
1615 947 1757 1069 religio-

199 1118 274 1169 nem
311 1099 556 1172 canonicorum
592 1100 804 1189 regularium
839 1098 958 1169 Sancti
994 1099 1182 1188 Augustini
1218 1099 1318 1170 valde
1354 1120 1492 1188 amans,
1530 1101 1628 1171 cuins
1664 1100 1758 1190 apud

198 1216 344 1288 Parisiis
371 1219 409 1288 in
437 1220 553 1290 studio
581 1201 788 1307 consistens,
811 1219 955 1316 dulcedo
984 1221 1050 1291 sibi
1078 1221 1283 1308 increverat,
1310 1225 1347 1290 et
1372 1222 1470 1291 cuius
1496 1222 1667 1310 habitum,
1695 1223 1755 1310 qui

198 1337 313 1408 Sancti
343 1331 500 1410 Victoris
536 1339 749 1430 appellatur,
786 1340 829 1410 cd
857 1347 1002 1410 mortem
1031 1339 1226 1426 deferebat,
1258 1341 1304 1409 in.
1322 1332 1449 1429 oppido
1477 1362 1539 1412 sno
1566 1342 1755 1431 episcopali
1823 1352 1828 1362 '

89 1441 90 1448 ἵ
200 1452 323 1530 Msth
336 1482 357 1529 o
368 1483 410 1549 vv,
438 1461 536 1532 iuxta
553 1461 692 1531 fluvium
713 1460 912 1549 Wartha,
929 1467 977 1550 ¹et
995 1461 1029 1530 in
1050 1460 1199 1532 dioecesi
1218 1481 1281 1530 sua
1299 1459 1518 1531 cracoviensi
1536 1463 1757 1549 consistente,

198 1582 448 1650 monasterinm
477 1583 719 1652 canonicorum
734 1581 972 1670 regularium,
999 1583 1063 1651 sub
1092 1580 1212 1668 regula
1246 1580 1362 1650 Sancti
1388 1582 1577 1670 Augustini
1604 1582 1757 1652 militan-

198 1701 301 1788 tium,
330 1707 370 1771 et
396 1708 468 1774 tam
495 1702 798 1790 contemplativam
826 1700 994 1789 Mariae,
1012 1721 1113 1790 quam
1150 1701 1297 1770 activam
1327 1702 1457 1771 sororis
1484 1722 1567 1771 suae
1593 1701 1756 1771 Marthae

199 1821 289 1890 vitas
318 1821 539 1910 ducentium,
576 1841 666 1892 anno
701 1823 840 1892 Domini
874 1823 981 1892 1221.
1009 1822 1113 1910 erigit
1141 1827 1177 1892 et
1203 1820 1340 1909 fundat,
1366 1827 1403 1890 et
1429 1822 1520 1891 villis
1548 1843 1589 1892 ac
1615 1821 1757 1892 decimis

89 1941 91 1990 ὲ
200 1961 339 2012 mensae
361 1943 566 2032 episcopalis
586 1943 702 2032 dotat,
734 1952 770 2014 et
789 1963 856 2032 quo
875 1943 1023 2031 amplior
1048 1943 1261 2012 monasterio
1279 1942 1437 2030 praefato
1465 1942 1527 2012 dos
1540 1942 1756 2031 proveniret,

89 2097 90 2166 j
198 2061 381 2132 ecclesiam
409 2064 640 2152 parochialem
667 2065 702 2134 in
730 2063 926 2134 Msthov
954 2063 997 2152 ad
1025 2063 1276 2151 provisionem,
1304 2062 1524 2132 collationem
1551 2069 1587 2132 et
1606 2062 1753 2150 disposi-

199 2181 326 2250 tionem
359 2184 588 2272 episcopalem
615 2185 874 2272 pertinentem,
891 2203 1042 2254 crassam
1068 2185 1104 2252 in
1123 2183 1350 2271 proventibus
1377 2189 1413 2252 et
1432 2188 1649 2269 ventrosam,
1679 2201 1754 2250 cnm

89 2305 91 2314 '
199 2302 373 2372 universis
410 2305 484 2374 eius
520 2304 661 2378 decimis
697 2311 733 2376 et
758 2305 1005 2393 proventibus,
1042 2311 1146 2392 atque
1181 2302 1376 2374 redditibus
1411 2303 1505 2390 unit,
1541 2302 1755 2392 appropriat,
1834 2385 1839 2392 ‚

89 2453 91 2528 3
200 2428 301 2510 atque
330 2424 552 2525 incorporat,
588 2426 761 2495 subiciens
792 2426 1003 2496 monasterio
1031 2422 1193 2513 praefato·
1216 2429 1251 2493 et
1278 2424 1352 2492 eius
1379 2443 1443 2512 pro
1470 2429 1628 2511 tempore
1655 2442 1756 2510 prae-

89 2533 91 2602 ἓ
201 2545 330 2632 posito,
364 2565 498 2614 ornnem
528 2545 799 2635 Msthoviensem
828 2545 1027 2631 ecclesiam,
1055 2545 1163 2614 latam
1189 2549 1272 2613 tunc
1307 2549 1343 2612 et
1364 2542 1522 2612 diffusam
1550 2543 1781 2636 parochiam‘

203 2665 421 2753 praeripiens
449 2667 608 2736 omnibus
636 2666 713 2736 aliis
728 2667 947 2765 'mortalibus
975 2673 1010 2734 et
1038 2664 1244 2754 praesertim
1272 2664 1444 2752 episcopis
1471 2661 1757 2734 Gracoviensibns

200 2786 267 2854 suis
295 2786 628 2874 praedecessoribus
666 2793 701 2856 ot
728 2783 989 2878 successoribus
1025 2785 1060 2855 id
1087 2786 1267 2874 meritum,
1304 2804 1428 2854 nomen
1465 2789 1502 2853 et
1528 2783 1682 2870 laudem,
1719 2789 1759 2853 ut

200 2906 380 2994 religionis
407 2905 587 2995 praefatae
618 2886 862 2978 canonicorum
885 2906 1096 2995 regularium
1124 2907 1310 2995 primarius
1336 2907 1448 2994 possit
1473 2905 1591 2975 vocari
1609 2905 1645 2974 in
1664 2905 1758 2973 dioe-

205 3027 271 3096 cesi
298 3026 526 3099 Gracovieusi
553 3035 588 3098 et
603 3028 768 3100 vfundator
795 3035 831 3099 et
859 3029 1013 3115 dotator3
1049 3027 1181 3097 nullum
1213 3027 1382 3128 siquidem
1409 3047 1474 3115 pro
1493 3046 1535 3095 ea
1552 3030 1759 3114 tempestate

200 3131 301 3218 ¹huius
332 3149 515 3238 religionis
542 3157 578 3220 et
595 3151 830 3239 generationis
858 3151 893 3218 in
912 3149 1061 3220 dioecesi
1081 3147 1312 3236 Oracoviensi,
1339 3147 1402 3217 sed
1420 3167 1484 3217 nec
1509 3148 1545 3216 in
1565 3144 1760 3216 Gneznensi

203 3269 474 3358 metropoltana
508 3271 652 3342 extabat
686 3271 952 3358 monasterinm,
989 3291 1051 3339 nec
1077 3270 1201 3358 religio
1228 3270 1306 3358 ipsa
1331 3275 1416 3338 tunc
1443 3268 1535 3356 apu'd
1562 3267 1759 3337 Polonicam

204 3389 383 3462 ecclesiam
397 3383 527 3480 ¹aliqua
545 3391 697 3462 habebat
714 3391 804 3479 loca,
831 3395 952 3478 paeter
970 3389 1281 3464 Vratislariensem
1308 3390 1483 3459 civitatem
1511 3394 1547 3457 et
1564 3388 1760 3474 dioecesim,

204 3511 332 3600 inqua
363 3511 407 3581 ad
436 3509 596 3582 Sanctam
632 3509 781 3580 Mariam
809 3511 844 3579 in
872 3509 1042 3600 Arena,
1074 3511 1117 3584 de
1145 3511 1292 3580 ecclesia
1317 3495 1508 3598 parochiali
1534 3529 1557 3577 a
1582 3506 1689 3577 Petro
1716 3507 1760 3576 de

89 3647 90 3650 ’
205 3630 380 3722 Slrrzyn
409 3634 534 3703 comite
561 3631 693 3722 quadro
720 3631 853 3721 lapide,
890 3639 926 3701 et
953 3636 1089 3732 vetusto
1118 3651 1223 3720 opere
1249 3629 1474 3718 fabricatam,
1510 3628 1757 3733 monasterium

208 3761 365 3824 recenter
401 3753 516 3824 fuerat
541 3751 735 3841 fundatum,
771 3758 807 3822 et
833 3751 1001 3822 fratribus
1036 3753 1215 3841 religionis
1241 3750 1419 3839 praefatae
1456 3750 1491 3818 in
1519 3750 1672 3837 regimen
1700 3747 1760 3816 de-

89 3957 91 3980 *
207 3873 426 3970 mandatnm,
454 3893 541 3962 quae
568 3893 733 3962 processu
761 3872 892 3958 dierum
920 3871 1091 3944 funiculos
1118 3873 1172 3942 sni
1199 3871 1343 3940 tentorii
1371 3869 1581 3957 diffundens,
1609 3869 1760 3956 quinque

89 4087 91 4096 ᾗ
208 3992 354 4082 insignia
383 3995 418 4064 in
445 3995 519 4064 sola
547 3993 765 4064 Oracoviensi
794 3992 944 4062 dioecesi
972 3992 1165 4062 dinoscitur
1191 3991 1320 4061 habere
1347 4010 1411 4078 per
1436 4009 1500 4059 nos
1527 3992 1615 4076 iam,
1640 3987 1772 4104 favore³

89 4113 90 4140 ³
208 4111 320 4186 alirino
340 4115 540 4204 auxiliante,
568 4115 742 4202 descripta
758 4114 844 4184 loca.
884 4113 1007 4202 Itaque
1025 4112 1119 4182 Yvo
1147 4110 1387 4182 Oracoviensis
1405 4105 1760 4216 episcopus,fundato

207 4239 244 4303 ut
261 4235 502 4322 praemisimus
526 4241 562 4306 et
594 4234 713 4304 dotato
742 4236 776 4304 in
796 4232 992 4304 Msthow
1019 4233 1246 4320 monasterio,
1273 4251 1342 4301 non
1360 4231 1492 4300 habens
1511 4227 1759 4317 propinquiora

89 4337 90 4358 ἶ
209 4353 296 4444 loca,
334 4375 377 4425 ex
406 4355 530 4444 quibus
557 4344 682 4442 iratres
718 4354 763 4425 ad
789 4352 1007 4425 incolendum
1043 4373 1170 4423 novum
1197 4350 1444 4422 monasterinm
1471 4347 1760 4418 Msthoviensea

211 4495 245 4543 se
269 4474 451 4547 lundatnm
479 4481 681 4564 assumeret,
709 4475 753 4544 ad
780 4475 1028 4566 monasterium
1055 4472 1330 4545 Vratislaviense
1357 4469 1538 4540 ecclesiam
1565 4467 1598 4538 S.
1625 4465 1761 4537 Mariae

212 4595 244 4664 in
278 4596 433 4667 Arena
466 4596 589 4668 habuit
624 4615 820 4684 recursum,
861 4601 898 4664 et
929 4615 976 4665 ex
1012 4593 1071 4663 illo
1106 4592 1274 4663 fratribus
1310 4591 1478 4679 receptis,
1512 4589 1760 4659 monasterium

213 4736 306 4789 suum
334 4716 574 4788 Msthoviense
610 4723 646 4786 et
672 4716 851 4806 populavit
883 4719 917 4785 et
944 4715 1090 4803 rigavit3
1112 4733 1160 4784 er
1189 4734 1256 4803 quo
1284 4710 1442 4782 effectum
1470 4714 1541 4798 est,
1578 4714 1618 4779 ut
1643 4729 1762 4778 mona-

213 4839 352 4908 sterium
387 4837 626 4908 Msthoviense
661 4857 769 4925 usqne
805 4837 849 4906 ad
885 4842 1007 4905 nostra
1040 4819 1199 4922 tempora
1234 4852 1371 4922 semper
1401 4829 1510 4919 foret,
1547 4829 1762 4918 generationi

214 4976 292 5027 snae
319 4959 487 5047 originem
515 4977 805 5045 commemorem,
840 4955 1051 5027 monasterio
1079 4953 1349 5048 Vratislaviensi
1383 4950 1531 5022 Sanctae
1557 4949 1693 5019 Mariae
1720 4949 1762 5017 de

213 5075 364 5148 Arena
392 5078 558 5151 ancillare
585 5085 621 5150 et
639 5079 846 5166 subiectum,
859 5131 860 5136 ,
873 5078 916 5147 ab
935 5076 994 5146 illo
1018 5075 1188 5164 siquidem
1215 5079 1252 5144 et
1270 5074 1345 5168 eius
1363 5073 1500 5159 abbate,
1527 5070 1661 5159 quoties
1688 5088 1761 5137 mo·

213 5199 401 5270 nasterinm
430 5198 670 5271 Msthoviense
697 5218 822 5276 vacare
841 5197 1115 5287 quomodolibet,
1144 5200 1205 5265 aut
1224 5191 1443 5263 deformitate
1462 5191 1587 5280 aliqua,
1615 5186 1759 5275 defectu,
1809 5205 1817 5216 ·

219 5322 274 5386 aut
292 5338 634 5408 quocumquecasu,
662 5325 723 5388 aut
740 5318 945 5388 necessitate
973 5317 1072 5388 obrui
1100 5321 1137 5385 et
1153 5315 1314 5385 laborare
1341 5311 1577 5399 contingebat,
1608 5313 1763 5378 rectores

219 5441 251 5505 et
267 5439 469 5528 praepositi,
488 5438 765 5528 reformationes,
784 5438 1014 5509 correctiones
1033 5442 1069 5505 et
1087 5435 1323 5520 visitationm,
1341 5433 1418 5501 iura
1435 5437 1472 5500 et
1488 5429 1664 5519 quaelibet
1681 5449 1763 5516 sup·

220 5555 403 5649 plementa,
440 5557 534 5630 velut
570 5559 760 5630 amatrice
796 5557 1011 5646 petebantur.
1051 5553 1122 5624 Sub
1149 5558 1271 5622 nostra
1305 5571 1388 5622 vero
1415 5554 1549 5639 aetate,
1585 5549 1763 5619 damiam

89 5747 91 5782 ;
146 5699 149 5704 ·
222 5672 452 5750 Msthoviense
465 5680 726 5750 'monasterium
749 5677 934 5748 coaluisset
960 5683 996 5745 et
1013 5676 1050 5744 in
1068 5674 1176 5743 robur
1193 5671 1363 5742 evasisset
1389 5669 1506 5758 virile,
1534 5669 1577 5740 de
1596 5670 1765 5739 semitrita
