4492 6592
1689 761 1761 832 137

208 964 290 1035 Item
318 962 386 1034 duo
414 967 515 1053 prata
551 964 587 1034 in
614 963 801 1056 Dynwy,
829 983 916 1054 quae
944 964 989 1036 ad
1015 964 1197 1036 ecclesiam
1232 965 1267 1035 in
1304 964 1656 1058 Wyerczyczow
1683 987 1762 1058 per-

208 1085 363 1156 tinebant
398 1091 435 1156 et
471 1083 677 1174 spectabant
712 1105 755 1156 ex
792 1085 943 1175 antiquo.
985 1085 1133 1158 Demum
1168 1107 1233 1176 pro
1270 1085 1431 1176 ampliori
1466 1087 1595 1176 prioris
1630 1095 1666 1161 ct
1691 1088 1761 1160 ira·

206 1214 293 1278 uum
331 1205 536 1278 monasterii
571 1205 742 1296 praedicti
775 1206 1036 1295 sublevatione,
1063 1212 1099 1278 et
1135 1208 1378 1279 necessitatum
1405 1208 1636 1298 corporalium
1662 1209 1761 1282 fulci·

206 1331 329 1416 mento,
358 1327 402 1398 de
430 1327 609 1400 uoluntate
626 1332 672 1398 ‘et
698 1347 862 1418 expresso
887 1347 1060 1400 consensu
1097 1349 1137 1398 ac
1163 1328 1381 1418 beneplacito
1417 1329 1589 1400 dictorum
1617 1350 1761 1402 venera-

205 1448 320 1520 bilium
348 1448 496 1520 domurn
524 1455 722 1522 nostrorum
761 1449 906 1540 capituli
933 1447 1193 1539 Crotoniensis,
1219 1449 1350 1520 habitis
1378 1469 1483 1540 super
1508 1451 1576 1522 hoc
1602 1451 1760 1541 pluribus

206 1569 459 1659 capitularibus
486 1571 696 1642 tractatibus
724 1591 799 1641 cum
828 1572 904 1660 ipso
932 1570 1085 1660 capitulo
1113 1576 1232 1642 nostro
1259 1569 1491 1660 Gracoviensi,
1518 1571 1669 1644 decimas
1686 1593 1760 1644 ma·

205 1690 379 1780 nipulares
405 1691 655 1781 infrascriptos,
683 1711 771 1782 quae
799 1691 843 1762 nd
871 1698 1025 1762 nostram
1053 1710 1207 1760 mensam
1234 1690 1464 1781 episcopalem
1482 1697 1643 1782 spectare
1661 1693 1760 1784 dino-

205 1813 398 1900 scebantur,
427 1812 587 1884 videlicet
612 1813 648 1882 in
668 1811 1081 1903 Grzyszanowicze
1109 1815 1189 1900 post
1206 1831 1325 1883 ornnes
1343 1833 1457 1902 agros,
1476 1813 1571 1902 agris
1589 1814 1760 1886 duntaxat

205 1935 413 2024 praepositi,
441 1955 528 2024 quos
564 1935 731 2006 hactenus
756 1933 842 2004 wcolit
869 1933 1041 2022 exceptis,
1067 1933 1103 2002 in
1133 1932 1286 2004 Welcz
1313 1939 1393 2022 post
1419 1939 1581 2006 araturas
1607 1936 1760 2006 omniurn

204 2055 422 2126 emethonum
450 2060 486 2126 et
512 2055 659 2144 scolteti,
687 2053 829 2144 praedio
857 2053 966 2144 regali
994 2059 1149 2144 excepto,
1177 2056 1210 2124 in
1239 2051 1492 2145 Coporyna,
1511 2055 1548 2126 in
1566 2054 1757 2147 Gowale,

102 2185 112 2196 “
203 2177 234 2246 in
260 2175 569 2265 Paszczorka‚
597 2181 676 2266 post
702 2182 864 2246 araturas
891 2177 1042 2247 omnium
1070 2181 1107 2248 et
1125 2176 1341 2266 singulorum
1360 2177 1580 2248 cmctbonum
1598 2175 1760 2250 villarum
1881 2280 1885 2286 ι

95 2383 100 2400 ,Δ
203 2297 476 2387 praedictarum,
503 2317 567 2386 pro
603 2297 695 2368 dicto
732 2298 943 2368 monasterio
976 2297 1173 2386 donandas,
1199 2297 1490 2387 incorporandas,
1516 2298 1759 2389 annectendas,

203 2419 441 2490 inscribendas
469 2424 505 2490 et
532 2419 773 2510 assignandas,
786 2417 956 2507 duximus,
974 2424 1164 2509 tenoreque
1181 2419 1416 2508 praesentium
1430 2419 1562 2509 damus,
1580 2419 1758 2511 donamus,

202 2541 472 2630 incorporamus,
500 2541 724 2628 annectimus,
753 2540 990 2629 inscribimus,
1019 2541 1236 2630 assignamus
1263 2546 1300 2612 et
1325 2546 1495 2631 perpetuo
1534 2541 1757 2631 applicamus,

201 2681 259 2750 per
285 2661 442 2750 priorem
470 2665 506 2732 et
532 2660 660 2732 iratres
686 2661 888 2732 monasterii
915 2661 1085 2751 praedicti
1113 2659 1303 2750 habendas,
1326 2661 1502 2751 mnendas,
1529 2668 1567 2732 et
1592 2681 1657 2751 pro
1685 2663 1757 2734 suis

95 2769 96 2774 ’
202 2783 316 2854 usibus
357 2787 394 2853 et
428 2783 693 2854 necessitatibus
729 2783 992 2854 convertendas.
1042 2781 1120 2854 Non
1157 2783 1336 2869 obstante,
1372 2784 1403 2854 si
1438 2783 1474 2853 in
1510 2783 1612 2854 dictis
1648 2783 1757 2856 villis:

94 2905 96 2934 ³
202 2902 625 2994 Grziszanouicze‚
661 2902 926 2996 Ooporyna‚
954 2903 1124 2993 Welcz,
1151 2886 1364 2995 Oowalye
1399 2908 1434 2975 et
1461 2903 1758 2977 Paszczorka

94 3019 96 3068 ἰ
202 3029 396 3114 temporum
425 3043 595 3115 successu,
623 3045 726 3096 unum
755 3025 809 3096 uel
836 3025 939 3115 plura
966 3025 1206 3096 emethonibns
1224 3024 1392 3114 depositis
1409 3025 1555 3115 praedia
1572 3026 1757 3115 orirentur,

94 3167 95 3212 1
201 3145 240 3216 de
265 3146 395 3236 quibus
413 3145 565 3236 praediis
583 3147 805 3218 nihilominus
832 3145 999 3216 decimam
1026 3145 1276 3235 manipularem
1294 3145 1452 3217 volumus
1470 3145 1564 3217 dicto
1581 3151 1757 3218 monaste·

203 3267 252 3338 rio
270 3265 374 3338 reddi
403 3272 439 3338 et
464 3267 635 3359 assignari
662 3265 698 3338 in
723 3263 939 3363 pocillatorem.
975 3267 1061 3338 Item
1084 3289 1159 3337 nos
1186 3267 1415 3357 Sbigneus
1442 3265 1757 3338 sanamur-isaac

93 3381 95 3390 ’
202 3389 385 3480 presbyter
412 3381 599 3461 cardinalis
626 3394 838 3460 memoratus
873 3393 910 3460 et
935 3369 1114 3461 lohannes
1141 3388 1185 3460 de
1211 3386 1555 3480 Olyeschnioza
1581 3387 1757 3479 palatinus

93 3535 102 3612 Ἰ·
202 3509 491 3583 Sandomiriensis
527 3511 743 3601 praedictus,
779 3511 896 3582 villam
931 3516 1086 3582 nostram
1123 3509 1403 3598 Podlansze,
1431 3509 1666 3582 haereditario
1692 3529 1757 3580 nos

93 3629 94 3690 ἶ
201 3611 421 3722 contingente
449 3633 533 3721 iure,
561 3651 638 3703 cum
666 3632 825 3704 omnibus
851 3637 888 3702 et
915 3631 1060 3722 singulis
1086 3631 1243 3704 eiusdem
1269 3631 1371 3702 villae
1397 3630 1659 3703 Podlansze
1683 3628 1784 3708 fru·.

93 3745 95 3796 i
202 3754 319 3842 atibus,
351 3753 524 3843 censibus,
551 3753 714 3844 praediis,
741 3753 893 3844 piscinis,
920 3753 1137 3843 molendinis,
1164 3753 1286 3842 pratis,
1303 3773 1400 3844 gays,
1428 3752 1545 3842 sylvis,
1563 3752 1666 3842 agris,
1685 3771 1756 3821 me

93 3853 94 3914 ἶ
203 3875 289 3964 ricis,
316 3875 512 3964 mellifluis,
540 3895 581 3946 ac
607 3875 766 3946 omnibus
794 3875 1014 3964 utilitatibus,
1042 3893 1131 3964 quae
1158 3875 1207 3945 ibi
1234 3873 1402 3945 hactenns
1430 3879 1521 3963 sunt,
1548 3873 1603 3944 vel
1630 3878 1756 3962 erpost

93 4079 94 4084 η
204 4015 417 4086 quacumque
444 3997 616 4068 industria
642 4001 808 4086 poterunt
834 3996 920 4086 lieri,
947 3996 1034 4068 nibil
1057 4015 1121 4085 pro
1140 3995 1249 4084 nobis,
1268 3999 1330 4065 ant
1347 3995 1476 4066 nostris
1495 3994 1753 4066 suecessoribus
1845 3981 1848 3986 ’

202 4117 234 4187 in
261 4118 385 4188 eadem
413 4117 504 4208 villa,
532 4123 672 4208 praeter
697 4103 881 4189 tuitionem
900 4122 937 4189 et
955 4116 1189 4189 defensionem
1207 4115 1430 4205 reservando,
1444 4115 1557 4186 eidem
1575 4119 1759 4203 monaste-⁴

93 4263 95 4312 ;
202 4238 250 4308 rio
286 4237 618 4329 Pyandziczouiensi
653 4243 689 4309 et
724 4237 891 4311 iratribus
918 4238 951 4310 S.
978 4238 1080 4310 Pauli
1106 4239 1144 4308 in
1171 4257 1213 4308 eo
1240 4237 1465 4328 degentibus,
1491 4236 1528 4306 in
1553 4236 1624 4306 rim
1661 4233 1755 4308 dotis

201 4363 233 4429 et
265 4358 501 4450 fundationis,
536 4366 707 4450 perpetua
740 4365 777 4432 et
803 4360 1024 4432 irrevocabili
1050 4359 1239 4432 donatione
1266 4358 1407 4448 damus,
1435 4357 1622 4448 donamus,
1648 4356 1755 4447 largi·

202 4499 273 4551 mur
300 4485 338 4551 et
357 4481 592 4595 assignamus,
620 4481 903 4573 praedictamque
922 4481 1039 4554 sillam
1057 4479 1322 4552 Podlancze
1348 4481 1385 4550 in
1405 4484 1535 4579 sortem
1553 4477 1757 4551 monasterii

202 4601 459 4693 barisierunus,
487 4603 660 4694 volentes,
696 4609 737 4675 ut
771 4603 1021 4684 monasterium
1056 4603 1273 4694 praedictum
1309 4601 1457 4692 amplius
1484 4599 1590 4672 etde
1617 4606 1755 4672 caetero

102 4757 105 4764 ·
202 4723 270 4794 eius
296 4721 438 4796 fruatur
465 4724 616 4796 dominio
644 4731 680 4796 et
707 4725 942 4815 possessione,
979 4729 1016 4796 et
1042 4724 1265 4796 nihilominus
1301 4723 1346 4794 ad
1382 4743 1446 4796 nos
1473 4728 1510 4794 et
1536 4741 1756 4794 successores

203 4851 337 4917 nostros
365 4865 471 4936 super
497 4843 643 4936 iniuriis,
670 4847 1002 4937 perturbationibus,
1030 4846 1208 4935 molestiis,
1234 4845 1499 4936 gerationibus
1526 4850 1563 4916 et
1591 4845 1755 4935 angariis,

205 4985 286 5054 quae
314 4965 443 5038 dictam
471 4967 588 5037 villam
616 4967 812 5058 contigerit,
829 4967 981 5038 habeant
1008 4987 1072 5057 pro
1100 4965 1299 5038 defensione
1325 4987 1514 5056 recursum,
1541 4964 1755 5052 affectantes,

202 5092 368 5175 quatenus
383 5079 461 5179 'ipsi
488 5087 613 5160 iratres
640 5088 837 5160 huiusmodi
864 5090 964 5161 usuri
991 5088 1188 5178 benefieiis,
1215 5088 1347 5177 nostri,
1374 5088 1481 5159 etiam
1508 5085 1754 5177 praedecesso-

203 5227 274 5278 rum
302 5213 500 5282 nostrornm
529 5211 720 5281 animarum
748 5209 840 5282 solus
868 5211 1041 5282 salubrius
1068 5210 1253 5282 recolatur.
1281 5208 1445 5298 Inprimis
1473 5206 1652 5297 amplioris
1679 5207 1755 5296 spei
1880 5214 1899 5258 '·

204 5329 442 5402 certitudinem
469 5332 503 5402 in
531 5336 671 5404 nostrae
698 5331 820 5403 salutis
848 5332 1092 5404 consecutione
1119 5330 1226 5422 figere
1253 5336 1290 5401 et
1316 5349 1446 5420 ponere
1473 5328 1660 5417 valeamus,
1684 5347 1752 5418 quo

204 5447 381 5523 latioribus
418 5452 612 5554 orationum
648 5451 821 5544 suffragiis
857 5473 919 5542 per
953 5451 1081 5524 fratres
1108 5450 1311 5523 monasterii
1338 5448 1510 5540 praedicti
1536 5469 1599 5519 nos
1627 5448 1755 5520 videri·

93 5607 94 5644 t
204 5589 274 5641 mus
300 5577 338 5643 et
364 5574 573 5645 senserimus
606 5575 813 5664 sustentari,
849 5578 885 5645 et
919 5578 1060 5644 nostrae
1096 5571 1318 5661 eiusdemque
1353 5571 1511 5662 germani
1546 5570 1658 5642 nostri
1693 5570 1755 5642 do-

93 5667 94 5714 ³
206 5689 283 5762 mini
300 5691 323 5764 J
332 5693 529 5766 ohannis
556 5694 702 5785 palatini
728 5693 1018 5768 Sandomiriensis
1045 5699 1082 5766 et
1108 5689 1413 5784 praedeeessorum
1440 5697 1641 5764 nostrorum
1659 5692 1753 5764 salus

302 5859 512 5905 Hermetem
1551 5841 1587 5889 18
