4492 6592
439 751 485 826 14

434 961 702 1052 Myecbouiense
738 959 897 1050 pertinet.
942 957 982 1030 In
1021 979 1090 1049 qua
1125 964 1207 1030 sunt
1240 955 1333 1030 lanei
1369 955 1603 1030 emetbonales
1639 963 1675 1029 et
1700 957 1862 1049 quilibet·
1882 954 1986 1030 solvit

435 1136 549 1153 .....
560 1137 568 1173 ,
605 1083 687 1153 item
716 1101 790 1170 ova,
817 1081 900 1151 item
927 1081 1046 1170 gallos,
1073 1081 1158 1150 item
1181 1099 1313 1168 caseos,
1339 1080 1422 1149 item
1448 1079 1557 1168 labor,
1585 1079 1667 1149 item
1687 1077 1881 1172 powubonr,
1904 1079 1986 1149 item

433 1223 580 1297 oaazpep,
607 1203 690 1274 item
717 1202 873 1290 taberna,
901 1201 984 1272 item
1012 1189 1198 1290 hortulani,
1216 1201 1298 1270 item
1318 1200 1561 1290 molendinum,
1579 1201 1662 1270 item
1680 1199 1871 1289 praedium.
1898 1199 1985 1269 Item

434 1343 552 1394 omnes
581 1323 657 1412 agri
684 1322 786 1393 villae
813 1321 953 1394 solvunt
972 1327 1007 1391 et
1026 1321 1223 1392 conducunt
1241 1321 1408 1415 decimam
1425 1321 1675 1410 manipularem
1694 1326 1730 1406 et
1747 1305 1986 1415 canapalem,

432 1443 571 1515 Donata
605 1443 816 1514 monasterio
852 1462 915 1533 per
952 1441 1101 1512 Ziram
1139 1449 1175 1512 et
1210 1462 1353 1513 uxorem
1382 1443 1456 1512 eius
1482 1442 1653 1513 etlilium
1680 1439 1987 1526 eiuSOttbam3

433 1564 584 1636 alienata
611 1585 632 1635 a
657 1565 879 1635 monasterIo.

540 1685 759 1770 Dznasnour,
787 1684 871 1756 villa
897 1684 961 1755 sub
989 1685 1154 1774 parocbia
1180 1684 1223 1755 de
1250 1681 1583 1775 Skarzyeszow
1609 1683 1686 1773 sita,
1714 1683 1812 1754 cuius
1829 1682 1987 1772 proprie·

436 1812 490 1878 tas
527 1806 572 1877 ad
609 1805 854 1876 monasterium
891 1804 1159 1896 Myechoviense
1193 1805 1401 1895 pertinebat.
1441 1805 1481 1874 In
1509 1825 1577 1895 qua
1611 1811 1694 1875 sunt
1720 1778 1871 1894 quatuor
1895 1803 1987 1872 lanei

434 1927 669 1998 emetbonales
705 1931 741 1997 et
776 1926 923 2016 quilibet
958 1926 1062 1998 solvit
1088 1947 1194 1997 unum
1221 1925 1390 1997 fertonem
1417 1947 1481 2015 pro
1509 1945 1632 2016 censu,
1659 1927 1743 1996 item
1770 1945 1837 1996 ova
1862 1923 1988 2012 viginti

436 2053 594 2137 quatuor,
621 2023 705 2117 item
732 2046 841 2136 gallos
869 2051 1027 2137 quatuor,
1055 2047 1139 2118 item
1166 2067 1285 2118 caseos
1312 2046 1409 2136 duos,
1435 2047 1518 2116 item
1544 2046 1684 2117 laborat
1710 2045 1856 2136 quilibet
1881 2063 1987 2114 unum

435 2166 526 2238 diem
553 2168 589 2237 in
617 2167 824 2257 septtmana,
851 2168 992 2257 proprio
1020 2185 1123 2238 curru
1151 2174 1212 2239 aut
1239 2173 1376 2255 aratro,
1404 2168 1488 2238 item
1510 2165 1711 2260 porratam,
1738 2167 1827 2236 item
1848 2183 1986 2258 oaazpcp

402 2376 405 2383 Ι
435 2287 574 2359 solvunt
601 2309 664 2380 pro
690 2289 911 2360 monasterio.
938 2288 1026 2360 Item
1052 2289 1221 2360 tabernae
1248 2311 1317 2360 non
1344 2293 1434 2378 sunt,
1461 2289 1542 2358 item
1570 2288 1789 2358 hortulaniae
1802 2307 1879 2356 non
1897 2290 1988 2355 snut

434 2408 523 2479 Item
549 2409 785 2500 molendinum
819 2413 873 2480 est
900 2409 949 2480 ibi
976 2410 1011 2482 in
1037 2409 1195 2499 flumine,
1222 2416 1258 2480 et
1285 2409 1390 2482 soluit
1416 2413 1566 2499 quatuor
1591 2423 1735 2479 marcas.
1774 2407 1861 2477 Item
1888 2425 1989 2495 prae·

434 2529 529 2601 dium
564 2551 634 2600 non
671 2536 724 2600 est
759 2530 818 2602 ibi.
857 2529 946 2601 Item
983 2550 1102 2602 ornnes
1130 2532 1207 2620 agri
1233 2531 1335 2601 villae
1361 2531 1501 2602 solvunt
1535 2537 1572 2600 et
1598 2530 1794 2600 conducunt
1821 2527 1987 2598 decimam

434 2650 684 2741 manipularem
711 2657 747 2722 et
773 2650 971 2742 canapalem
1000 2671 1064 2741 pro
1091 2652 1236 2722 ecclesIa
1261 2651 1454 2741 parochiali
1481 2657 1517 2722 et
1543 2651 1617 2721 eius
1644 2651 1792 2740 plebano
1818 2649 1855 2719 in
1882 2647 1986 2718 Ska-

435 2791 646 2862 rzeszorr,
674 2779 708 2843 et
736 2772 834 2843 valor
861 2772 935 2842 eius
964 2772 1169 2843 aestimatur
1196 2773 1240 2844 ad
1268 2778 1417 2863 quatuor
1434 2791 1578 2843 marcas.
1604 2771 1764 2844 Gonllnat
1781 2791 1858 2842 cum
1876 2769 1987 2841 Grai·

362 2900 364 2910 '
434 2894 737 2984 szanowicze,
773 2892 1092 2983 Skarzeszow,
1127 2893 1473 2967 Modrzewicze.
1512 2893 1651 2966 Donata
1685 2893 1896 2963 monasterio
1924 2911 1987 2980 per

433 3012 616 3084 Ottbam
646 3013 689 3084 de
719 3013 996 3104 Wyrzbicza
1022 3013 1178 3085 militem.

538 3133 736 3204 Notandum
764 3139 889 3224 autem,
908 3135 989 3225 quia
1005 3134 1229 3207 fundatorum
1246 3142 1283 3207 et
1301 3136 1499 3206 dotatarum
1516 3135 1771 3224 primariorum,
1791 3133 1903 3224 quoad
1922 3153 1982 3222 op·

436 3253 556 3342 pidum
583 3253 892 3344 Skarzeszou,
926 3253 1104 3328 Slawno
1133 3257 1435 3328 etDzerskou
1460 3255 1988 3346 villas,videlicetRadoslai

435 3374 570 3444 comitis
597 3380 633 3444 et
660 3373 831 3446 Otthae
859 3375 902 3446 de
929 3375 1195 3448 Wirzbicna
1220 3377 1350 3466 militis,
1377 3377 1578 3467 principalis
1604 3377 1672 3446 luit
1699 3377 1853 3464 intentio
1881 3397 1985 3465 quum

435 3495 536 3564 villas
563 3501 600 3565 et
627 3495 790 3586 oppidum
826 3495 981 3586 praelata
1016 3499 1133 3570 domui
1169 3503 1205 3568 et
1230 3499 1441 3570 monasterio
1468 3497 1729 3588 Myecbovieusi
1756 3497 1987 3585 contulerunt,

437 3621 476 3685 nt
511 3615 545 3684 in
581 3615 737 3705 praelato
774 3617 901 3707 oppido
937 3617 1238 3698 Skarzeszou
1265 3619 1414 3709 speciale
1449 3618 1652 3689 coenobium
1688 3617 1806 3707 fieret,
1843 3636 1989 3707 praepo·

435 3735 593 3826 situsque
620 3737 780 3827 specialis
807 3759 881 3809 curn
911 3738 1090 3811 duodecim
1117 3739 1286 3811 iratribus
1317 3739 1403 3810 illud
1429 3739 1686 3828 inhabitarent,
1714 3739 1773 3828 qui
1800 3759 1874 3809 rem
1892 3730 1989 3808 'divi-

434 3875 514 3926 nam
549 3863 602 3938 et,
623 3879 741 3929 omnes
777 3859 881 3931 horas
917 3867 1105 3932 nocturnas
1134 3866 1170 3932 et
1197 3861 1339 3932 diurnas
1367 3861 1567 3951 explerent,
1594 3859 1751 3932 sednon
1780 3865 1861 3930 sunt
1887 3859 1987 3948 potiti

299 4013 305 4022 -
438 3981 519 4049 voto
547 3998 620 4050 suo.

537 4097 848 4192 Gnosznowuozr,
876 4102 959 4172 villa
985 4102 1049 4176 sub
1076 4103 1243 4193 parocbia
1268 4103 1312 4174 de
1331 4158 1338 4172 .
1357 4157 1364 4172 .
1385 4158 1392 4172 .
1463 4157 1472 4172 .
1491 4102 1568 4192 sita,
1596 4102 1692 4172 cuius
1718 4101 1916 4192 proprietas
1943 4101 1986 4172 ad

433 4221 681 4292 monasterium
708 4221 976 4312 Myechoviense
1003 4224 1164 4312 pertinet.
1190 4222 1232 4292 In
1259 4243 1328 4314 qua
1354 4207 1436 4294 sunt
1461 4223 1553 4294 lanei
1580 4223 1822 4312 emetbonales,
1849 4229 1885 4294 et
1913 4221 1987 4313 qui·

332 4417 343 4443 .
433 4339 522 4410 libet
550 4341 655 4411 solvit
673 4394 680 4410 .
700 4394 707 4409 .
726 4395 752 4430 .,
779 4341 862 4413 item
890 4363 965 4432 ova,
993 4343 1076 4414 item
1103 4343 1222 4432 gallos,
1250 4343 1333 4414 item
1361 4364 1489 4434 caseos,
1515 4343 1600 4414 item
1626 4343 1735 4432 labor,
1762 4343 1846 4413 item
1865 4348 1987 4437 porba-

434 4458 532 4550 bona,
569 4461 651 4531 Item
687 4481 843 4556 omzpep,
870 4461 954 4533 item
990 4463 1157 4551 taberna,
1184 4463 1267 4534 item
1294 4464 1489 4555 hortulani,
1517 4465 1598 4535 item
1626 4461 1878 4554 molendinum,
1904 4465 1988 4535 item

434 4580 624 4670 praedium.
661 4582 748 4652 Item
776 4603 894 4654 ornnes
921 4584 998 4673 agri
1024 4584 1128 4656 villae
1154 4584 1293 4657 solvunt
1319 4592 1356 4657 et
1381 4583 1577 4657 conducunt
1602 4583 1770 4655 decimam
1797 4585 1989 4674 manipula-

433 4721 507 4772 rem
534 4706 570 4773 et
596 4703 795 4792 canapalem
822 4725 886 4794 pro
913 4705 1122 4776 monasterio
1150 4704 1420 4797 Myecboviensi,
1448 4712 1484 4777 et
1510 4706 1610 4778 valor
1626 4705 1723 4776 cuius
1741 4707 1988 4778 aestiuatur...

538 4821 718 4913 Znnuow,
745 4823 830 4894 villa
857 4825 921 4896 sub
948 4825 1114 4916 parochia
1141 4826 1265 4918 de...
1293 4829 1369 4917 sita,
1396 4828 1493 4900 ouius
1519 4829 1717 4917 proprietas
1744 4827 1789 4898 ad
1815 4832 1989 4900 monaste-

432 4943 523 5014 rium
550 4942 819 5034 Myeenoviense
846 4946 1008 5035 pertinet.
1035 4947 1075 5017 In
1103 4969 1171 5038 qua
1198 4955 1279 5019 sunt
1297 4948 1389 5019 lanei
1407 4945 1648 5040 emetbonales,
1667 4955 1704 5020 et
1722 4948 1867 5039 quilibet
1885 4947 1990 5018 solvit

434 5119 567 5155 .....,
595 5065 678 5135 item
707 5085 782 5155 ova,
810 5066 893 5136 item
919 5067 1039 5158 gallos,
1068 5068 1152 5139 item
1179 5089 1308 5158 caseos,
1325 5070 1419 5155 bem
1447 5069 1556 5158 labor,
1582 5070 1667 5139 item
1688 5067 1882 5162 maborno,
1905 5069 1990 5138 item

434 5209 581 5282 osazyep,
608 5187 692 5258 item
719 5187 878 5278 taberna,
906 5189 988 5260 item
1016 5190 1203 5279 hortulani,
1229 5191 1313 5261 item
1331 5189 1574 5280 molendinum,
1593 5191 1676 5261 item
1695 5190 1883 5280 praedium.
1901 5189 1990 5260 Item

435 5309 552 5378 omnes
580 5309 661 5397 agri·
683 5308 786 5379 villae
814 5308 958 5380 solvunt
981 5315 1017 5380 et
1044 5310 1241 5381 conducunt
1268 5311 1434 5400 decimam
1461 5312 1710 5402 manipularem
1736 5319 1773 5382 et
1790 5311 1991 5401 canapalem

437 5447 501 5516 pro
527 5429 738 5500 monasterio
766 5427 1034 5520 Myechoviensi,
1062 5437 1098 5500 et
1117 5431 1216 5501 valor
1233 5431 1308 5502 elus
1328 5433 1532 5503 aestimatur
1550 5488 1558 5502 .
1630 5433 1864 5525 Voyslaus
1891 5433 1991 5504 miles

319 5541 323 5549 ’
436 5546 479 5617 de
506 5547 606 5618 domo
634 5547 905 5640 Griilonum,
932 5549 1041 5622 frater
1068 5550 1273 5622 Getbcze
1300 5555 1453 5644 eplscopi
1480 5553 1729 5645 Crotoniensis,
1748 5554 1891 5626 donavit
1917 5575 1990 5625 mo-

410 5669 587 5739 nasterio
603 5669 708 5741 duas
744 5672 843 5742 villas
876 5673 914 5744 -in
949 5678 1045 5744 terra
1080 5671 1365 5765 VratislavIensi,
1393 5695 1481 5766 qnae
1518 5676 1734 5748 decambitae
1768 5676 1909 5778 luerunt
1945 5677 1990 5747 ab
