4492 6592
494 738 565 811 292
630 771 638 782 ’

490 950 526 1014 et
554 943 780 1038 aestivalium.
820 919 909 1017 Item
936 931 1004 1016 non
1038 949 1092 1014 est
1120 942 1299 1033 praedium
1327 942 1485 1036 aliquod,
1513 965 1626 1036 neque
1652 946 1893 1034 bortulauiae,
1934 968 2032 1037 neque

478 1057 731 1143 molendinum.
771 1063 858 1134 Item
890 1064 966 1152 agri
998 1063 1100 1134 villae
1132 1085 1250 1136 omnes
1282 1071 1319 1137 et
1351 1064 1491 1154 singub,
1520 1066 1659 1138 solvunt
1690 1065 1858 1138 declinam
1892 1068 2032 1158 manipu-

264 1183 267 1198 '
372 1242 382 1256 ,
416 1243 422 1254 „
487 1184 608 1274 larem,
635 1189 683 1268 etx
702 1183 805 1256 etiam
833 1184 907 1274 agri
940 1185 1183 1272 tabernacutis¹
1202 1172 1421 1275 praebendae
1449 1185 1670 1259 Gracovieusi
1697 1187 1826 1270 dictae,
1844 1185 2033 1260 Goszcaica-

464 1305 553 1376 ‘ska
578 1311 614 1376 et
634 1305 715 1377 'eIus
743 1305 919 1394 canonico,
947 1311 983 1374 et
1001 1305 1169 1379 inducunt
1196 1326 1272 1378 eam
1300 1306 1433 1378 incolae
1446 1307 1611 1396 proprIIs
1639 1308 1862 1380 currIbus-in
1883 1309 2035 1382 nonem

487 1448 508 1498 a
535 1426 698 1501 canonico
725 1425 926 1515 locandum,
954 1433 989 1497 et
1009 1425 1106 1500 valor
1135 1428 1209 1498 eius
1227 1428 1431 1500 aestimatur
1450 1428 1494 1498 acl
1513 1429 1664 1521 quinque
1683 1425 1828 1518 marcas,
1855 1427 2034 1519 aquuando

488 1545 530 1620 ad
558 1568 627 1623 ses.
667 1546 755 1618 Item
782 1547 818 1618 in
837 1546 956 1618 eadem
986 1546 1067 1623 villa
1088 1555 1148 1622 est
1175 1556 1314 1638 pratum
1340 1549 1543 1623 monasterii
1569 1550 1655 1620 satis
1682 1549 1822 1620 bonum-
1837 1557 1874 1620 et
1899 1549 2036 1640 largum

488 1667 580 1758 quod
599 1668 826 1740 communiter
854 1667 1017 1741 venditur
1045 1689 1108 1758 pro
1123 1690 1197 1758 ‚uua
1215 1690 1341 1757 marcu,
1362 1669 1462 1759 ‘quod
1481 1670 1801 1742 emethones'villae
1829 1669 1876 1736 W
1887 1691 1942 1761 ag
1949 1689 2037 1760 yer-

487 1810 560 1866 czc
577 1795 751 1862 tenentur
786 1787 997 1862 falcastrare.
1038 1791 1125 1862 Item
1160 1791 1196 1860 ln
1222 1774 1345 1862 eadem
1380 1790 1463 1862 villa
1488 1794 1543 1872 est
1570 1791 1697 1862 bunum
1716 1788 1881 1882 fgayum,
1906 1811 1949 1861 ex
1976 1812 2037 1881 quc

487 1917 633 2000 possunt
660 1916 696 1981 et
713 1911 993 1984 sanctimoniales
1021 1918 1056 1982 et
1074 1913 1274 1990 cmethcues
1303 1911 1405 1984 villae
1433 1909 1608 2001 praefatae
1637 1933 1718 1983 suas
1736 1913 1900 2002 supplere
1928 1931 2037 1984 neces

488 2033 620 2104 sitates.
660 2032 747 2104 Item
774 2031 930 2122 praelata
959 2033 1039 2106 villa
1075 2032 1226 2108 confina
1262 2052 1339 2103 cum
1375 2031 1465 2103 villis
1502 2030 1787 2122 Ochmanovv,
1824 2032 2039 2123 Zlyedze·

488 2154 644 2242 wicze,
672 2151 974 2243 Podlyansze.
2042 2183 2046 2188 ·

477 2327 482 2334 .
591 2273 892 2346 Puzamvncznnv
912 2273 1065 2364 Musca,
1093 2274 1176 2345 villa
1195 2274 1258 2344 sub
1278 2275 1441 2363 parochia
1468 2274 1632 2346 ecclesIae
1660 2275 1703 2344 de
1729 2275 2040 2366 Zyelyeuicze

489 2397 574 2484 sita,
602 2395 698 2468 cuius
715 2395 912 2486 proprietas
931 2403 966 2466 et
985 2395 1172 2468 dominium
1192 2394 1238 2466 ad
1252 2397 1503 2466 monasterimu
1523 2394 1835 2469 sanctimonialium
1862 2397 1901 2466 ln
1919 2393 2041 2468 Stha·

489 2516 701 2610 uyathlry
738 2517 899 2622 pertinet.
941 2515 981 2588 ln
1009 2538 1077 2606 qua
1112 2524 1193 2588 sunt
1232 2515 1426 2606 quindecim
1454 2517 1544 2588 lanei
1573 2516 1869 2588 umethonales-et
1896 2516 2042 2607 quilibet

352 2635 355 2642 ’
487 2637 623 2710 cmetho
651 2636 693 2708 de
720 2637 823 2710 laneo.
857 2637 961 2710 solvit
998 2657 1061 2728 pro
1085 2631 1194 2710 'censu
1230 2658 1344 2710 annuo
1373 2658 1475 2708 uuam
1502 2657 1655 2710 marcam
1681 2638 1794 2709 miuus
1821 2659 1882 2709 sex
1909 2639 2041 2729 grossa

413 2791 418 2802 ·
486 2765 644 2834 monetae
671 2759 873 2848 communis,
902 2759 983 2830 item
1012 2758 1097 2830 duos
1126 2778 1288 2849 capones,
1321 2759 1403 2832 item
1430 2758 1681 2850 duos‘caseca,
1709 2761 1793 2830 ilem
1812 2759 1942 2849 viginti
1970 2779 2041 2848 uva,

485 2881 568 2952 item
596 2879 683 2952 duos
711 2897 810 2952 coros
832 2896 961 2951 avenae
989 2899 1171 2952 mensurae
1191 2877 1375 2953 confertae.
1416 2877 1501 2950 Item
1529 2899 1592 2968 pro
1611 2858 1782 2975 myodowe
1809 2901 1872 2969 per
1890 2879 2040 2952 medium

485 3022 654 3092 grossum.
694 2999 782 3072 Item
810 2997 954 3092 quilibet
981 2999 1116 3072 cmetho
1144 2999 1187 3070 de
1205 3000 1306 3070 laneo
1333 3001 1475 3090 proprio
1503 3019 1608 3077 curru
1635 3006 1697 3080 aut
1714 3005 1832 3072 aratro
1859 2999 1951 3074 duos
1968 2999 2041 3073 dies

483 3124 521 3194 in
549 3123 741 3212 septimana
775 3121 921 3193 laborat.
963 3120 1050 3192 Item
1076 3120 1241 3194 ducturas
1277 3119 1409 3194 faciunt
1442 3122 1540 3192 iuxta
1566 3120 1725 3194 ordinem
1751 3141 1811 3194 eos
1838 3122 2042 3214 contmgen·

485 3248 564 3332 mm,
592 3243 635 3314 ad
654 3243 825 3314 rationem
844 3241 987 3314 illerum.
1028 3243 1116 3315 Item
1136 3261 1203 3314 non
1223 3248 1277 3340 est
1294 3242 1411 3332 ailqua
1430 3243 1527 3314 curia
1546 3242 1775 3332 coenobialis,
1804 3263 1917 3334 neque
1936 3263 2042 3333 ,prae-

487 3337 609 3453 dium,
626 3379 737 3454 neque·
764 3363 990 3436 concanae.
1031 3362 1118 3434 rtem
1146 3364 1182 3434 in
1196 3343 1332 3436 ‘acen
1358 3363 1441 3435 cua
1460 3371 1541 3436 sua
1569 3363 1659 3439 cuae
1686 3364 1852 3438 anemae
1870 3364 2045 3438 samnia
2140 3376 2141 3401 Ν

487 3504 600 3576 agros,
628 3490 663 3556 et
690 3490 793 3576 prata
819 3491 855 3555 et
881 3485 1009 3574 hortos,
1037 3491 1073 3556 el
1095 3505 1169 3580 ¹uua
1191 3486 1340 3558 taberna
1355 3485 1472 3561 ,solvit
1499 3505 1720 3574 sexagenum,
1746 3485 1859 3559 altera
1886 3488 2041 3576 veroin
2140 3564 2141 3571 ἵ

486 3626 554 3696 qua
579 3611 737 3678 moratur
763 3603 915 3690 Iacobus
942 3605 1070 3678 Kuna
1093 3606 1202 3678 solvit
1229 3606 1315 3679 duas
1334 3626 1469 3687 marcas
1496 3613 1531 3676 et
1549 3627 1653 3702 unum
1673 3586 1822 3696 lapidem
1842 3609 1929 3697 sepi.
1954 3607 2061 3690 ltcu-
2140 3622 2141 3649 ¹

484 3735 555 3798 tam
584 3727 801 3818 umethones,
830 3747 931 3818 quam
959 3727 1152 3820 hortulani,
1190 3733 1354 3800 tenentur
1390 3727 1434 3800 ad
1461 3727 1631 3818 duplicem
1651 3725 1855 3822 ponebam,
1883 3727 2043 3803 videlidet

485 3848 692 3940 hyemallum
721 3857 756 3920 et
783 3849 1001 3931 aestivaIIum
1028 3848 1290 3924 frumentorum.
1331 3849 1419 3922 Item
1445 3857 1500 3920 est
1526 3850 1561 3920 ln
1587 3848 1709 3921 eadem
1735 3848 1820 3921 villa
1846 3837 1957 3940 supra
1981 3848 2041 3922 da·

485 3970 577 4042 vium
614 3969 894 4044 Schcalrlecz
930 3971 1163 4044 molendiuum
1200 3972 1344 4060 bonum,
1380 3971 1512 4044 habeus
1538 3991 1668 4067 agros,
1706 3971 1796 4061 quod
1835 3992 1898 4060 pro
1927 3993 2039 4044 annuo

486 4111 590 4164 censu
617 4092 721 4164 solvit
739 4081 950 4194 monasterio
977 4097 1012 4162 in
1033 4090 1362 4184 Sthanyantlry
1391 4112 1513 4178 novem
1531 4112 1680 4181 marcas,
1707 4100 1743 4162 et
1761 4113 1868 4162 unum
1895 4113 2038 4183 porcum

484 4234 548 4303 pro
584 4214 795 4288 monasterio
825 4215 978 4303 ¹saginat
1012 4215 1115 4287 ‚circa
1166 4207 1417 4313 molendinum,
1458 4222 1494 4284 et
1527 4213 1728 4284 cirotecales
1764 4233 1887 4284 novem
1930 4215 2041 4286 scotti

475 4333 570 4405 'Item
600 4356 716 4406 omnes
744 4337 819 4424 agri
848 4335 1081 4423 emethunum,
1108 4336 1369 4417 tabaruatorum
1397 4343 1433 4406 et
1460 4334 1755 4428 molendinatorIs,
1781 4335 1925 4407 solvunt
1952 4335 2039 4406 deci-

484 4477 574 4526 mam
593 4456 841 4546 manipularem
860 4458 972 4528 tribus
992 4456 1197 4546 praebendis
1217 4455 1523 4545 Gracoviensibus,
1542 4456 1703 4537 videlicet
1720 4451 2037 4547 Wyaczlrovvslriey,

485 4575 809 4666 Boszuthovvslriey,
838 4585 873 4648 et
891 4575 1130 4670 ZyravvsIrIey3
1157 4577 1414 4651 diversificatur
1431 4585 1545 4650 autem
1564 4578 1741 4668 perceptio
1761 4577 1917 4650 decimae
1937 4597 2038 4668 prae-

387 4745 390 4748 -
484 4695 578 4768 fatae
605 4697 640 4768 in
659 4699 749 4770 hunc
768 4698 919 4789 modum,
947 4714 1026 4772 uam
1046 4700 1253 4790 ¹praebenda
1279 4699 1471 4791 Zyrawska
1491 4701 1646 4790 ‚percipit
1671 4706 1806 4790 partem
1832 4700 2039 4790 hyemalium

486 4819 658 4910 aliquibus
686 4819 804 4909 annis,
841 4821 877 4890 in
905 4820 1077 4910 aliquibus
1105 4842 1188 4892 vero
1216 4829 1351 4910 partem
1383 4820 1602 4899 aestivaIIum
1624 4806 1726 4901 quta
1752 4836 1908 4911 campos,
1944 4842 2040 4912 prae
2132 4821 2137 4830 ’

482 4941 597 5014 banda
625 4962 707 5044 vero
726 4939 1004 5032 Wyaczlrowslra'
1031 4943 1169 5016 bimulo
1199 4941 1353 5042 perprit·
1371 4945 1536 5016 malonem
1554 4948 1705 5032 partem,
1733 4950 1796 5014 aut
1812 4943 2038 5030 aestivalium,

483 5071 543 5136 aut
571 5063 796 5154 hyemabum,
825 5071 860 5134 et
888 5064 923 5134 in
951 5063 1057 5134 tertio
1085 5043 1176 5136 anno
1203 5064 1387 5153 minorem3
1422 5063 1623 5153 praebenda
1659 5047 1741 5155 vero
1769 5063 2041 5137 Boszuthovvslra
2119 5055 2123 5065 ’

482 5186 621 5257 biennio
653 5186 823 5258 minorem
842 5277 844 5288 Ι
861 5192 996 5275 partem
1033 5186 1199 5275 percipit,
1235 5193 1296 5256 aut
1316 5186 1551 5259 ‘aestivalimu
1587 5192 1647 5256 aut
1683 5185 1911 5276 hyemalium,
1946 5188 2039 5256 etin

478 5308 585 5378 tertio
614 5308 788 5380 maiorem.
828 5296 994 5398 Duasque
1021 5307 1258 5398 praebendae,
1289 5306 1450 5378 videlicet
1476 5306 1668 5398 Zyrawska
1695 5315 1731 5379 et
1758 5305 2038 5398 Wyaczkowska,

418 5515 422 5522 ‚
482 5428 567 5498 nihil
605 5429 735 5502 habeut
770 5431 856 5502 luris
892 5429 936 5502 ad
974 5429 1144 5502 decImum
1185 5429 1326 5518 canapi,
1363 5429 1424 5499 sed
1465 5427 1539 5512 sola
1578 5428 1779 5518 praebenda
1810 5427 2040 5500 Boanutlacvv·

483 5547 565 5625 ska,
585 5551 733 5639 percipit
757 5572 843 5648 ¹eam
882 5554 1016 5642 integre
1054 5553 1147 5624 omni
1183 5569 1285 5622 anno,
1334 5551 1441 5622 ltem.
1461 5549 1632 5633 confluat
1657 5543 1742 5625 villa
1767 5547 1926 5639 praelata
1966 5569 2038 5622 cum
2071 5579 2075 5584 ’
