4492 6592
407 718 421 759 ’“
515 746 591 814 rao

514 949 613 1021 Hanc
639 950 769 1038 villam-
784 950 867 1020 emit
894 948 1208 1021 Praemislaus
1235 949 1453 1041 Oppoliensis
1481 950 1568 1040 dux,
1597 952 1739 1025 donarit
1766 972 1842 1023 eam
1866 952 1949 1023 dum
1975 962 2058 1026 esset

343 1045 348 1053 ’
384 1144 389 1152 ,
515 1070 621 1160 sylva
660 1068 821 1141 Continet
848 1091 924 1142 curn
952 1126 1119 1141 .......

617 1190 840 1281 Ponuwszn,
876 1192 959 1263 villa
985 1193 1050 1263 sub
1076 1193 1242 1282 parochia
1269 1192 1435 1263 ecclesiae
1463 1193 1506 1267 de
1533 1193 1713 1265 Riozou
1739 1194 1825 1285 sita,
1860 1196 1961 1266 cuins
1988 1214 2060 1284 pro-

512 1311 644 1401 prietas
679 1312 724 1385 ad
751 1314 998 1384 monasterium
1033 1313 1200 1385 Clarae
1238 1311 1436 1385 Tumbae
1471 1315 1632 1404 pertinet
1677 1314 1717 1385 In
1753 1318 1821 1405 qua
1855 1321 1940 1386 sunt
1977 1315 2060 1387 lanai

513 1432 756 1522 curetbonalcs,
782 1440 819 1504 et
845 1435 994 1524 quilibet
1018 1434 1121 1505 solvit
1291 1490 1325 1524 .,
1353 1432 1436 1505 it'crn
1464 1454 1538 1525 ova,
1565 1436 1649 1506 item
1676 1436 1796 1527 gallos,
1824 1436 1909 1507 item
1937 1456 2060 1525 caseos

513 1554 597 1624 uem
623 1554 732 1643 rabor,
758 1555 842 1625 item
862 1553 1029 1649 palma,
1055 1556 1140 1626 aem
1167 1576 1326 1650 ocupa·
1364 1538 1446 1626 rem
1473 1558 1629 1646 anema,
1656 1561 1739 1629 rtem
1766 1557 1957 1645 homulani,
1985 1557 2059 1629 rom
2141 1600 2143 1663 i

512 1675 703 1765 praedium,
728 1676 813 1757 item
840 1676 1081 1747 molendinum.
1096 1676 1197 1750 .Item
1225 1677 1267 1747 de
1295 1678 1453 1749 omnibus
1480 1678 1574 1767 agris
1602 1678 1705 1749 villae
1732 1678 1880 1750 solvitur
1897 1732 2060 1750 .......
2141 1750 2143 1757 ,

513 1795 613 1867 Hanc
648 1796 765 1869 rillarn
788 1794 885 1867 ‘emit
919 1818 982 1887 pro
1009 1798 1223 1871 monasterio
1259 1797 1446 1888 Mogilensi
1482 1797 1676 1869 Thomas
1711 1799 1820 1870 abbas
1851 1797 2060 1889 Mogilensia
2142 1868 2143 1871 ,

512 1936 577 2007 pro
604 1923 744 1989 centurn
770 1918 895 2007 viginti
921 1918 1050 1989 marcis·
1073 1918 1222 1990 latorum
1249 1940 1459 2008 grossomm.
1487 1918 1673 1991 Confluat.
1693 1976 1701 1989 .
1720 1976 1728 1990 .
1746 1901 1807 1991 s..

618 2037 922 2128 Zroonowrozn,
962 2039 1060 2137 villa!
1077 2040 1142 2111 sub
1169 2041 1335 2130 parochia
1371 2040 1413 2113 da
1440 2039 1693 2133 Woszuiky
1729 2043 1816 2131 sita,
1852 2042 1892 2113 in
1929 2041 2060 2111 flumine
2141 2122 2143 2147 ὲ

514 2158 745 2249 Othuslra,
784 2160 882 2231 cuius
908 2161 1106 2251 proprietas
1133 2162 1178 2233 ad
1205 2163 1451 2255 monasterium
1480 2161 1647 2257 Clarae
1675 2162 1877 2235 Tumbae
1903 2163 2059 2253 pertinet
2141 2184 2143 2251 q

513 2278 556 2350 In
581 2300 649 2369 qua
675 2286 757 2352 sunt
784 2282 1035 2372 quinquaginta
1061 2282 1153 2354 lanei
1181 2284 1424 2373 memorales,
1453 2289 1488 2355 et
1515 2284 1662 2375 quilibet
1690 2284 1796 2357 solvit
1815 2340 1822 2355 .
1841 2340 1848 2354 .
1924 2340 1958 2373 .,
1985 2284 2059 2355 item

514 2420 588 2491 ora,
614 2402 699 2475 item
725 2402 845 2493 gallos
873 2404 955 2473 item
983 2422 1122 2493 caseos3
1149 2405 1232 2477 item
1259 2404 1368 2494 labor,
1396 2406 1478 2477 item
1499 2403 1658 2500 powobu,
1686 2406 1769 2477 item
1796 2427 1955 2500 orazyep,
1982 2406 2058 2475 item

513 2522 669 2611 taberna,
696 2523 781 2595 item
807 2523 994 2615 hortulani,
1020 2525 1104 2596 item
1127 2526 1316 2617 praedium,
1343 2528 1428 2599 item
1454 2526 1698 2617 molendinum,
1727 2528 1810 2601 item
1838 2526 1882 2597 de
1910 2527 2060 2618 omnibns

514 2644 610 2733 agris
635 2644 785 2716 solvitur
802 2699 916 2715 .....
943 2644 1048 2717 Multi
1075 2646 1168 2719 lanei
1187 2669 1208 2719 a
1225 2647 1364 2721 flumine
1391 2647 1553 2720 Skawa
1580 2649 1694 2719 vorati
1722 2654 1812 2719 sunt.
1841 2646 1912 2719 Per
1930 2646 2059 2719 Theo

389 2768 393 2775 “
514 2763 689 2836 dricurn
725 2766 888 2837 abbatem
921 2761 1151 2858 Mogilensem
1186 2789 1207 2839 a
1240 2769 1351 2841 rnilite
1387 2748 1615 2841 Floriano
1653 2776 1863 2858 comparata.
1909 2768 2058 2840 Continet
2141 2832 2143 2949 ἱ

515 2906 591 2957 cum
611 2941 726 2957 .....
1332 2920 1335 2928 ·

616 3006 829 3097 Woszurrrr‚
856 3009 938 3081 villa
965 3010 1098 3081 habeus
1123 3010 1356 3101 parochialem
1393 3012 1575 3083 ecelesiam
1602 3012 1638 3083 in
1666 3032 1722 3102 se,
1758 2988 1906 3085 Sanctae
1933 3010 2057 3083 Mariae
2142 3078 2143 3085 ,

306 3131 310 3138 “
419 3220 427 3233 ⁸
513 3129 672 3227 dicatam,
699 3128 797 3201 cuius'
824 3132 1021 3221 proprietas
1048 3132 1092 3203 ad
1118 3132 1369 3231 monasterium
1396 3132 1591 3224 Mogileuse
1618 3134 1782 3223 pertinet
1822 3132 1863 3205 ln
1891 3155 1958 3224 qua
1985 3140 2057 3203 sunt

514 3251 605 3321 lanei
632 3251 874 3341 emethonales,
900 3256 938 3322 et
963 3252 1110 3342 quilibet
1137 3254 1241 3329 solvit
1259 3308 1480 3345 .........
1508 3256 1589 3327 item
1619 3274 1699 3345 ova,
1726 3256 1809 3327 itcnr
1837 3255 1958 3345 gallos,
1984 3256 2057 3325 itam

515 3391 643 3461 caseos,
670 3372 753 3442 item
778 3372 887 3461 labor,
916 3374 998 3443 item
1025 3372 1178 3467 pronuba,
1205 3376 1288 3445 item
1317 3398 1463 3471 omzpep,
1491 3377 1574 3447 item
1592 3377 1750 3465 taberna,
1777 3378 1862 3448 item
1881 3376 2057 3464 hortulani,

515 3493 597 3562 item
624 3491 812 3581 praedium.
839 3493 928 3564 Item
955 3494 1187 3565 molendinum
1215 3496 1250 3565 in
1278 3496 1416 3568 flumine
1443 3496 1604 3567 Skaua
1630 3498 1816 3587 situatum,
1843 3498 1936 3587 quod
1962 3497 2054 3568 soluit

454 3694 458 3699 ‚
514 3634 579 3702 pro
606 3614 817 3685 monasterio
832 3668 971 3684 ......
998 3616 1087 3686 ltem
1114 3616 1157 3687 de
1185 3618 1344 3689 omnibus
1371 3619 1465 3708 agris
1493 3618 1772 3691 villaesolvitur
1799 3624 1835 3690 et
1861 3619 2055 3690 conducitur

515 3734 648 3805 decima
674 3736 899 3826 manipularis
926 3742 962 3807 et
986 3737 1163 3827 canapalis
1199 3758 1262 3829 pro
1296 3740 1502 3811 scholastria
1529 3738 1768 3829 Gracoviensi,
1804 3746 1841 3811 et
1868 3741 1966 3829 valor
1992 3741 2055 3809 eius

515 3857 718 3928 aestimatur
736 3857 780 3928 ad
798 3857 885 3929 duas
902 3878 1038 3931 mareas
1056 3860 1206 3931 latorum
1226 3880 1437 3949 grossorum.
1465 3862 1551 3933 Item
1570 3863 1716 3935 ecclesia
1742 3864 1776 3933 in
1805 3862 2055 3933 Wadowicz

412 4062 416 4067 ,
516 3978 636 4049 subest
662 3979 828 4050 eeclesiae
855 3981 890 4051 in
918 3979 1186 4071 uesani-ky,
1214 3988 1254 4053 ut
1281 3982 1353 4053 filia
1380 3984 1495 4073 matri,
1523 3984 1659 4055 deeius
1686 3984 1915 4075 permissione
1942 3988 2054 4054 erecta.
2142 4054 2143 4063 ,

515 4097 675 4171 &ullust
701 4120 778 4172 cum
797 4154 911 4171 .....
934 4100 1066 4192 'Empta
1092 4094 1155 4192 per
1183 4101 1466 4194 Stephanum
1495 4106 1657 4177 abbatem
1684 4105 1727 4176 de
1755 4104 1889 4195 Mogila
1921 4106 2022 4175 1323.
2141 4100 2143 4187 l

620 4220 964 4313 Gaurnoaowrczn,
991 4222 1074 4293 villa
1101 4224 1166 4295 sub
1193 4226 1359 4315 parochia
1386 4226 1429 4297 de
1456 4226 1868 4298 Racziborouicze
1890 4228 1981 4315 sita,
2006 4245 2052 4295 cu·
2141 4240 2143 4331 ᾗ

514 4343 569 4414 ius
596 4344 793 4433 proprietas
828 4344 873 4415 ad
900 4345 1148 4417 monasterium
1185 4344 1229 4417 de
1255 4344 1432 4436 Mogila
1458 4347 1619 4438 pertinet.
1664 4348 1704 4419 In
1731 4368 1800 4438 qua
1827 4354 1910 4419 sunt
1936 4352 2052 4437 septen

516 4484 592 4534 cum
619 4464 732 4535 medio
759 4465 850 4536 lanei
878 4466 1121 4556 emethonales,
1149 4472 1185 4537 et
1212 4454 1358 4558 quilib'et
1385 4468 1490 4540 solvit
1517 4489 1580 4559 pro
1604 4490 1708 4540 censu
1727 4523 1868 4558 ......
1900 4470 2055 4540 itanum

515 4584 688 4674 inputa,
714 4586 799 4656 item
824 4586 936 4676 gallos
963 4592 1132 4678 quatuor,
1169 4588 1251 4659 item
1282 4606 1421 4678 caseos3
1460 4590 1542 4661 itam
1569 4584 1731 4662 laborant
1758 4590 1881 4680 viginti
1915 4595 2054 4680 quatuor
2142 4676 2143 4689 .

516 4705 603 4795 dies,
629 4706 712 4777 item
738 4705 917 4802 punctum
943 4730 1012 4779 non
1037 4709 1215 4799 laboraut3
1243 4710 1324 4781 item
1353 4732 1490 4806 oscampo
1518 4710 1611 4800 daut,
1638 4712 1725 4783 duas
1752 4730 1933 4783 prensuras
1960 4710 2054 4798 siligi-

516 4828 571 4899 nis
597 4834 634 4898 et
659 4848 764 4899 unam
791 4848 931 4900 avenae.
974 4829 1063 4900 Item
1090 4831 1236 4901 taberna
1263 4852 1350 4919 una,
1385 4852 1473 4922 quae
1500 4832 1605 4905 solvit
1631 4838 1704 4904 tres
1730 4852 1867 4905 marcas
1895 4832 1938 4903 de
1965 4851 2056 4903 censu

515 4972 579 5048 pro
607 4951 828 5040 monasterio,
855 4956 891 5021 et
916 4970 985 5022 nou
1011 4952 1157 5023 laborat.
1202 4954 1289 5024 Item
1319 4954 1494 5027 hortulani
1522 4976 1590 5026 non
1619 4962 1714 5045 sunt,
1740 4975 1852 5045 neque
1880 4954 2054 5045 praedium,

515 5093 628 5163 neque
654 5072 896 5144 molendinum.
924 5072 1012 5143 Item
1039 5072 1083 5143 de
1110 5074 1269 5145 omnibus
1296 5077 1390 5165 agris
1412 5074 1512 5147 villae
1539 5076 1687 5147 solvitur
1714 5083 1751 5151 et
1777 5076 1982 5147 conducitur
2005 5074 2052 5145 do

517 5195 605 5265 rima
632 5194 858 5285 manipularis
885 5202 922 5266 et
948 5195 1140 5285 canapalis,
1168 5216 1231 5286 pro
1259 5197 1403 5269 ccclesia
1430 5197 1620 5287 parochiali
1648 5197 1793 5269 Sanctae
1820 5196 2053 5287 Margaretbae

516 5318 552 5386 iu
579 5316 1014 5406 Racziborouiczo,
1042 5324 1079 5388 et
1105 5318 1204 5389 valor
1223 5319 1296 5389 eius
1315 5319 1519 5390 aestimatur
1537 5319 1580 5389 od
1600 5316 1780 5391 duodecim
1799 5340 1942 5390 marcas.
1969 5318 2052 5390 Com-
2138 5372 2143 5383 .

516 5444 641 5527 parata
666 5444 721 5508 est
746 5438 829 5511 villa
864 5439 940 5529 ipsa
975 5460 1039 5530 pro
1066 5430 1276 5511 monasterio
1305 5440 1509 5530 Mogilensi,
1544 5462 1608 5531 pro
1645 5442 1909 5531 quadringentis
1944 5440 2052 5511 mamis

516 5558 666 5630 latorum
691 5580 902 5650 grossorum,
929 5582 992 5651 per
1017 5561 1041 5632 J
1051 5562 1267 5657 ohannem
1296 5563 1458 5633 abbatem
1485 5563 1681 5653 ruthenum,
1708 5562 1838 5634 dictum
1866 5561 2049 5634 Steoheer.

518 5677 676 5751 Confluat
704 5702 779 5752 curn
807 5680 1174 5770 Mistrzowicze,
1202 5683 1396 5775 Prussy,
1424 5684 1723 5775 Byenczicze.
