4492 6592
1557 667 1563 674 ¹
1688 720 1760 790 173

171 913 418 1004 appropriat,
445 915 645 1005 privilegiet
670 920 706 985 et
732 917 910 1006 inscribit3
937 917 1110 1009 ordinans
1137 921 1278 1009 patroni
1295 919 1442 1011 praefati
1458 921 1634 1013 Iohannis
1647 923 1759 1014 Rap-

171 1031 393 1124 stinsky
427 1055 596 1126 consensu
632 1037 774 1126 speciali
809 1038 1012 1129 accedente,
1049 1045 1088 1111 ut
1113 1030 1295 1112 vacatione
1321 1043 1512 1132 praepositi
1539 1052 1755 1134 occurrente,

172 1151 325 1226 fratres
367 1165 432 1228 aut
466 1179 509 1229 ex
536 1178 573 1228 se
601 1164 662 1228 aut
689 1158 724 1228 in
752 1157 923 1230 defectum
950 1159 1084 1251 idonei,
1111 1163 1349 1251 praepositum
1375 1184 1418 1234 ex
1444 1163 1612 1236 tratribus
1639 1187 1758 1237 mona·
1818 1207 1821 1212 -
1858 1223 1862 1234 ,

175 1275 291 1347 sterii
327 1276 499 1368 Corporis
535 1277 667 1350 Christi
702 1279 738 1348 in
774 1278 957 1351 Casimiria
983 1282 1131 1378 eligant,
1158 1289 1194 1352 et
1218 1282 1385 1356 iratribus
1412 1285 1578 1374 praelatis
1603 1289 1759 1376 corporis

175 1393 332 1468 Christi
364 1400 402 1470 in
429 1398 681 1471 CasImiria
707 1421 744 1472 se
771 1402 807 1472 in
833 1401 973 1492 habitu,
1001 1403 1072 1472 ritu
1105 1405 1404 1495 et-caerimoniis,
1431 1409 1647 1497 caeterisque
1675 1429 1756 1479 cou-

178 1518 457 1610 suetudinibus,
476 1521 743 1607 ecclesiaeuero
763 1521 985 1594 Cracoviensi
1003 1524 1038 1592 in
1065 1524 1208 1595 rubrica
1233 1545 1272 1596 se
1297 1526 1333 1596 in
1360 1527 1518 1598 omnibus
1535 1527 1757 1600 conforment.

176 1637 367 1729 Eratque·
397 1641 600 1713 monasterii
635 1642 784 1732 praefati
819 1645 855 1714 in
872 1642 1121 1737 ‚Crasznyk
1140 1647 1334 1734 primamus
1361 1649 1579 1737 praepositus
1605 1657 1642 1719 et
1667 1650 1757 1740 Iapis

175 1757 382 1832 Johannes
410 1761 714 1854 deheythom,
740 1763 851 1837 trater
878 1765 1009 1836 ordinis
1037 1772 1073 1837 et
1100 1768 1299 1838 monasterii
1328 1767 1487 1857 praefati,
1506 1769 1659 1858 quicum
1678 1771 1757 1840 aliis

178 1879 370 1953 fratribus
398 1903 442 1953 ex
468 1885 679 1956 monasterio
706 1883 871 1975 Corporis
897 1885 1027 1958 Christi
1055 1887 1098 1958 de
1125 1886 1378 1958 Casimiria
1403 1890 1440 1958 in
1458 1878 1668 1962 adiutorium
1687 1893 1754 1962 sibi

179 2021 249 2090 per
278 2001 438 2074 fratrem
464 2003 683 2076 Jacobum
709 2008 945 2096 praepositum
972 2005 1138 2098 Corporis
1156 2007 1288 2082 Christi
1306 2009 1408 2099 datis,
1426 2011 1558 2099 primus
1584 2017 1757 2083 monaste·

180 2123 279 2193 rium
300 2125 345 2194 in
365 2123 603 2216 Crasznyk
630 2126 730 2200 annis
748 2127 906 2216 pluribus
924 2129 1025 2217 rexit,
1044 2135 1080 2199 et
1098 2128 1231 2198 utiliter
1248 2131 1465 2218 gubernavit.
1492 2129 1599 2201 Cuius
1618 2131 1756 2221 quidem
1787 2191 1789 2196 .

183 2245 271 2314 nevi
302 2247 513 2318 monasterii
541 2247 577 2316 in
604 2246 846 2337 Crasznik,
873 2269 924 2352 ne
943 2250 1153 2338 ignorentur·
1175 2255 1373 2340 proventae,
1400 2258 1438 2322 et
1463 2272 1508 2322 ne
1534 2272 1556 2321 a
1583 2236 1753 2342 quoquam

182 2365 220 2434 in
248 2373 445 2454 posterum
472 2369 608 2456 possint
635 2369 822 2458 supprimi,
850 2369 1050 2441 scribendos
1078 2370 1255 2461 dommus,
1282 2377 1319 2441 et
1345 2372 1573 2442 describimus
1600 2373 1636 2442 in
1664 2374 1757 2443 bunc

184 2486 349 2556 modum.

453 2829 457 2836 '
581 2822 620 2902 ln
653 2822 997 2916 archidiaconatu
1030 2813 1382 2906 Zawichosteuei.

222 3129 225 3136 ·
299 3093 515 3185 Causarum,
542 3095 704 3186 oppidum
732 3096 864 3168 babens
891 3097 927 3167 in
954 3117 992 3170 se
1018 3097 1252 3187 parochialem
1279 3097 1477 3188 ecclesiam,
1504 3101 1602 3169 cuius
1628 3099 1755 3170 chorus

194 3224 229 3286 et
264 3217 436 3288 sacristia
470 3215 639 3288 fabricata
674 3224 757 3288 sunt
791 3217 1079 3308 per'Jobannem
1107 3217 1332 3308 Calinslry
1358 3217 1402 3289 de
1428 3219 1531 3290 domo
1557 3219 1755 3310 Bippen-
1833 3209 1837 3213 ’

193 3337 326 3428 nium,
356 3344 442 3421 tunc
468 3338 542 3410 eius
568 3339 763 3428 plebanum,
790 3343 826 3409 et
852 3357 893 3410 eo
920 3343 1057 3410 mortuo
1085 3332 1258 3410 translata
1282 3345 1337 3410 est
1363 3340 1399 3410 iu
1418 3339 1599 3411 ecclesiam
1617 3341 1755 3430 regula

193 3479 278 3556 rem,
306 3466 347 3530 et
376 3461 556 3533 habitatur
582 3467 687 3550 atque
716 3459 981 3532 administratur
1007 3481 1029 3531 a
1054 3461 1173 3564 priore
1200 3464 1236 3530 et
1252 3466 1331 3531 octo
1350 3459 1517 3532 fratribus
1536 3461 1754 3550 regularibus

197 3579 299 3650 Beati
328 3581 531 3672 Augustini,
559 3583 657 3654 cuius
684 3583 881 3671 proprietas
908 3587 944 3652 et
970 3581 1159 3652 domimum
1187 3581 1231 3652 ad
1257 3580 1452 3652 Iohannem
1478 3581 1754 3672 Myelstbin-
1821 3598 1824 3604 ’

197 3702 279 3793 shy
317 3703 485 3784 nobilem,
510 3701 553 3774 de
589 3704 690 3774 domo
727 3708 763 3773 et
796 3701 928 3773 familia
957 3703 1272 3794 Bippennium
1307 3701 1468 3792 pertinet
1495 3702 1550 3772 In
1577 3723 1645 3794 quo
1672 3709 1755 3773 sunt

197 3823 348 3912 triginta
384 3824 476 3895 lanei
513 3825 783 3914 oppidanorum,
810 3831 956 3913 quorum
982 3824 1107 3912 viginti
1135 3824 1275 3894 solvunt
1307 3823 1474 3894 decimam
1501 3823 1752 3912 manipularem
1855 3832 1860 3841 '

200 3946 414 4044 muurasterin
450 3945 486 4015 iu
513 3944 755 4034 Crasznik,
780 3944 826 4015 de
854 3944 1008 4034 quolibet
1042 3944 1141 4016 laneo
1167 3964 1232 4032 pro
1257 3943 1348 4015 festo
1374 3942 1493 4014 Sancti
1517 3942 1665 4014 Martini
1692 3965 1755 4034 per

200 4071 257 4134 sex
285 4085 451 4155 grossum
478 4066 521 4137 de
547 4065 698 4137 residuis
724 4086 807 4136 vero
835 4065 952 4137 decem
979 4065 1107 4154 lancis,
1135 4064 1285 4136 solvitur
1310 4070 1347 4134 et
1373 4064 1461 4135 solvi
1488 4063 1593 4135 debet
1619 4064 1754 4136 decima

127 4253 130 4266 ,
201 4188 392 4274 pecunialis
419 4187 646 4259 scholastriae
673 4187 962 4276 Sandomiriensi,
990 4187 1094 4258 etiam
1122 4206 1185 4276 per
1212 4205 1274 4257 sex
1298 4206 1440 4276 grossos
1467 4186 1634 4276 pecuniae
1660 4207 1752 4257 com·

202 4309 312 4380 munis
340 4315 378 4379 et
402 4309 542 4379 usualis.
568 4307 655 4378 Item
683 4327 801 4379 omnes
836 4307 984 4398 praelati
1010 4307 1159 4396 triginta
1184 4307 1275 4378 lanei
1301 4306 1553 4396 oppidanorum
1580 4305 1624 4376 de
1650 4305 1753 4376 Cra-

205 4429 335 4499 sznik
372 4429 511 4500 solvunt
546 4429 724 4501 decimum
749 4429 998 4518 manipularem
1033 4427 1129 4498 ultra
1154 4427 1367 4517 pecunialem
1395 4428 1560 4499 coenobio
1587 4427 1623 4497 in
1650 4426 1752 4498 Cra·
1840 4497 1844 4503 .

206 4549 354 4639 sunik,
381 4550 443 4620 sed
469 4550 700 4639 moderatam,
728 4569 815 4638 quae
842 4571 911 4620 non
938 4554 1083 4620 vocatur
1109 4548 1251 4638 decima,
1278 4548 1340 4618 sed
1367 4569 1577 4643 ceperum
1602 4569 1681 4646 uam
1709 4549 1752 4619 de

208 4669 340 4759 siligine
376 4672 463 4742 daut
501 4692 605 4742 unam
642 4671 812 4742 cassulam
849 4671 892 4740 de
908 4683 913 4687 ·
928 4668 1084 4761 quolibet
1118 4670 1238 4759 laneo,
1273 4670 1357 4740 item
1392 4669 1435 4740 de
1462 4670 1580 4740 tritico
1608 4670 1753 4762 alteram

208 4793 389 4882 cassulam,
416 4794 498 4862 item
534 4793 577 4862 de
613 4811 723 4863 avena
748 4791 917 4881 tertiam,
945 4798 981 4861 et
1006 4797 1172 4862 tenentur
1198 4791 1350 4861 cassulas
1377 4789 1575 4860 huiusmodi
1601 4790 1751 4880 propriu

211 4913 362 4994 cruribus
399 4913 590 4986 conducere
625 4915 661 4983 in
694 4913 858 4984 horreum
894 4911 1096 5002 praepositi
1120 4913 1163 4982 de
1199 4911 1446 5001 Crasznik,
1473 4917 1510 4981 et
1543 4911 1643 4981 rator
1677 4911 1751 4980 eius

211 5037 407 5107 aestimatur
441 5035 487 5106 ad
513 5056 574 5106 sex
600 5054 743 5106 marcas.
774 5034 867 5108 Item
893 5055 963 5105 non
990 5034 1131 5106 solvunt
1157 5033 1325 5104 decimam
1352 5033 1560 5122 canapalem.
1595 5032 1683 5101 Item
1710 5032 1746 5100 in

212 5156 358 5241 praefato
386 5156 513 5248 oppido
540 5156 778 5246 Crasznyk
804 5161 886 5227 sunt
911 5155 1078 5246 speclales
1106 5175 1166 5226 sex
1192 5153 1545 5242 laneiadvocatiales,
1564 5151 1750 5241 dequibus

214 5273 305 5348 datur
344 5279 476 5350 decima
510 5277 735 5368 manipulariS
772 5275 935 5348 ecclesiae
969 5274 1148 5366 praefatae
1183 5271 1403 5346 conventuali
1438 5274 1475 5343 iu
1511 5272 1749 5344 Crasznik.

213 5392 290 5470 Item
312 5391 474 5491 'praelati
508 5401 601 5471 lanei
636 5399 887 5489 oppidanorum
923 5403 960 5468 et
993 5397 1153 5468 advocati
1187 5397 1223 5465 in
1260 5395 1489 5466 Crasznik
1515 5415 1585 5465 non
1611 5384 1750 5466 solvunt

217 5516 370 5594 decimam
396 5522 603 5612 canapalem.
630 5521 718 5592 Item
745 5543 814 5592 non
841 5519 985 5595 suntin
1011 5518 1132 5590 eodem
1160 5515 1286 5608 oppido
1315 5515 1543 5587 hortulaniae.
1578 5516 1667 5586 Item
1694 5522 1750 5587 est

109 5681 111 5690 ·
162 5631 163 5636 ’
216 5641 454 5734 molendinum,
472 5643 550 5714 -sed
585 5663 654 5714 non
687 5643 796 5715 babet
830 5659 941 5730 agros.
981 5639 1069 5711 Item
1100 5639 1137 5707 in
1163 5637 1285 5710 eodem
1312 5635 1438 5728 oppido
1465 5634 1686 5730 praepositus
1712 5643 1750 5709 et
