4492 6592
512 763 587 832 200

511 965 764 1039 Thuchoviensi
791 967 827 1038 iu
853 988 972 1056 grano
999 967 1087 1038 Item
1113 967 1157 1038 de
1182 968 1294 1040 hortis
1321 989 1392 1039 una
1416 987 1533 1038 marca
1558 967 1628 1038 duo
1653 967 1777 1056 grossi.
1803 967 1892 1037 Item
1919 968 2045 1042 dealii's

511 1089 622 1160 hortis
658 1087 746 1160 duae
781 1109 918 1159 marcae
954 1093 1031 1160 octo
1067 1089 1199 1180 grossi,
1228 1089 1271 1161 de
1306 1111 1374 1179 qno
1410 1110 1515 1163 censu
1542 1111 1611 1160 non
1638 1089 1827 1179 participat
1862 1088 2046 1163 advocatus.

507 1210 595 1280 Item
622 1214 677 1280 est
704 1209 948 1281 advocatiam
975 1209 1094 1282 eodem
1123 1210 1267 1300 oppido,
1294 1211 1426 1282 habens
1453 1209 1540 1281 duos
1566 1210 1706 1298 laneos,
1733 1230 1776 1280 ex
1803 1210 1929 1300 quihus
1955 1212 2047 1284 solvit

508 1330 675 1402 decimam
712 1330 961 1421 manipularem
998 1331 1126 1402 ibidem
1162 1332 1197 1402 in
1229 1331 1465 1403 Thnohow.
1505 1321 1595 1402 lte‘m
1621 1330 1796 1402 mellificis
1821 1335 1904 1401 suot
1929 1331 1995 1420 ibi,
2018 1341 2048 1404 et

508 1452 718 1542 proveniunt
744 1451 832 1523 duae
859 1458 1004 1542 quartae
1032 1453 1153 1524 mellis.
1180 1453 1268 1525 Item
1295 1452 1339 1523 de
1365 1473 1471 1525 oensn
1497 1472 1661 1543 agrorum
1688 1457 1724 1523 et
1749 1452 1931 1523 hortorum
1949 1456 2047 1542 perci

507 1574 561 1662 pit
587 1572 774 1644 advocatus
801 1579 937 1646 sextum
964 1573 1154 1646 denarium.
1181 1575 1268 1647 Item
1296 1579 1378 1646 sunt
1403 1575 1453 1645 ihi
1480 1549 1677 1645 molendina
1694 1573 1773 1663 duo,
1792 1572 1836 1644 ad
1854 1572 2049 1645 aduocatum

508 1695 736 1784 pertinentia,
772 1694 816 1766 de
851 1695 975 1784 quibus
1011 1695 1192 1767 solvuntur
1227 1717 1292 1786 pro
1319 1695 1487 1768 advocato
1522 1700 1701 1766 metretae.
1741 1693 1887 1765 Erectio
1915 1694 2050 1766 solvitur

508 1816 607 1887 annis
633 1837 696 1907 per
723 1815 923 1906 oppidanos,
951 1836 1013 1905 pro
1040 1816 1130 1910 sesto
1157 1816 1422 1905 Purificationis,
1448 1816 1492 1888 de
1510 1837 1579 1907 qua
1596 1836 1658 1886 sex
1676 1835 1814 1887 marcae
1831 1817 2049 1905 provenimt3
2123 1868 2124 1913 ,

364 1941 366 1946 '
510 1937 654 2008 macella
680 1937 878 2009 carnificum
896 1938 1036 2010 solvunt
1053 1937 1141 2009 duas
1158 1959 1293 2010 marcas
1310 1938 1425 2008 minus
1451 1957 1514 2009 sex
1539 1937 1681 2028 grossis,
1707 1943 1745 2008 et
1770 1942 1904 2027 septem
1931 1937 2050 2027 lapidas
2123 1938 2124 2013 3

511 2059 605 2148 sepi;
632 2058 792 2130 balneum
827 2059 932 2130 soluit
967 2057 1053 2131 duas
1089 2079 1243 2149 marcas,
1269 2059 1414 2130 macella
1440 2059 1629 2150 pistorum,
1657 2063 1815 2130 sutorum
1841 2057 2051 2130 salicidaron

512 2179 652 2251 solvunt
688 2185 761 2252 tres
797 2201 930 2254 marcas
967 2184 1045 2252 octo
1072 2201 1223 2271 grossos.
1263 2179 1423 2254 Gonfinat
1458 2201 1535 2252 cum
1561 2180 1850 2270 Damhrowa,
1878 2179 2049 2270 Burzin,

511 2299 819 2393 Zalyaszowa,
846 2300 1139 2374 Krouodrza

615 2419 822 2512 Gsouurn,
858 2421 940 2494 villa
973 2422 1105 2495 habens
1133 2423 1310 2495 ecclesiam
1337 2422 1570 2513 parochialem
1596 2423 1633 2493 in
1660 2442 1716 2512 se,
1743 2422 1842 2494 cuius
1868 2423 2052 2513 proprietas

511 2543 556 2614 ad
592 2543 839 2616 monasterium
877 2543 1104 2616 Thincziense
1138 2545 1300 2636 pertinet
1339 2545 1380 2615 ln
1407 2565 1477 2635 qua
1512 2549 1594 2616 sunt
1628 2544 1722 2615 lanei
1748 2524 2052 2634 cmethonales,et

511 2663 656 2755 quilibet
683 2665 787 2737 solvit
813 2685 878 2755 pro
906 2687 1011 2738 censu
1029 2721 1037 2735 .
1056 2721 1063 2735 .
1082 2721 1108 2756 .,
1135 2667 1218 2738 item
1232 2687 1319 2770 xova,
1346 2662 1430 2737 item
1455 2665 1577 2757 gallos,
1603 2666 1688 2736 item
1706 2685 1836 2756 caseos,
1854 2665 1938 2737 item
1956 2665 2050 2756 labor,

510 2787 595 2856 item
614 2783 808 2881 ponebam,
835 2787 917 2859 item
944 2809 1091 2882 osszyqi,
1118 2789 1202 2858 item
1228 2788 1384 2877 taberna,
1411 2788 1495 2858 item
1521 2786 1750 2890 hortulaniae,
1768 2788 1855 2858 iteni
1873 2787 2051 2877 praediun,

512 2907 594 2978 item
621 2907 781 2980 scoltetia
807 2913 871 2998 est,
897 2908 1029 2980 habens
1056 2908 1144 2981 duos
1166 2910 1304 2999 laneos,
1330 2914 1367 2979 et
1392 2908 1497 2980 solvit
1523 2908 1692 2979 decimam
1718 2909 1867 2998 plebano
1894 2909 1929 2979 in
1959 2907 2050 2980 Gro

510 3030 664 3122 mnyk3
699 3029 783 3101 item
818 3028 862 3101 de
898 3049 1003 3101 censu
1039 3037 1176 3102 sextum
1210 3030 1390 3103 deoamnm
1426 3030 1534 3102 habet
1568 3029 1752 3128 scoltetns,
1779 3035 1817 3101 et
1842 3050 1963 3102 omnes
1985 3032 2051 3121 agri

511 3149 615 3222 villae
641 3151 780 3223 solvunt
806 3150 1027 3230 decimam...

617 3269 813 3362 Gouaunn,
841 3271 925 3344 villa
951 3272 1014 3345 sub
1041 3273 1207 3364 parochia
1231 3272 1275 3344 de
1303 3272 1530 3344 Thuchow
1557 3273 1645 3362 sita,
1672 3271 1770 3344 cuius
1796 3236 1995 3362 proprietas
2017 3273 2053 3343 ad

387 3426 392 3433 ·
513 3393 760 3465 monasterium
788 3393 1014 3466 Thincziense
1040 3395 1200 3485 pertinet
1227 3395 1267 3466 In
1296 3416 1364 3485 qua
1390 3401 1473 3466 sunt
1491 3449 1498 3463 .
1518 3449 1525 3463 .
1545 3449 1553 3463 .
1572 3449 1579 3463 .
1598 3394 1700 3483 lanei,
1726 3399 1763 3466 et
1789 3394 1937 3486 quilibet
1963 3395 2051 3466 solvit

515 3568 620 3603 ....,
647 3513 728 3585 item
756 3535 831 3605 ova,
858 3515 940 3587 item
967 3515 1087 3605 gallos,
1114 3515 1198 3586 item
1225 3536 1362 3605 caseos,
1388 3515 1472 3586 item
1498 3515 1617 3604 labor,
1644 3515 1728 3586 item
1748 3513 1954 3610 poscebam,
1978 3516 2049 3619 item

512 3657 675 3730 ossryep;
702 3636 783 3707 item
819 3636 984 3726 taberna,
1011 3637 1093 3708 item
1121 3637 1359 3726 hortulaniae,
1387 3638 1470 3708 item
1497 3635 1687 3727 praedium.
1727 3635 1815 3707 Item
1842 3657 1962 3709 omnes
1986 3657 2048 3727 agn

511 3756 615 3829 villae
636 3757 788 3830 solvunt
823 3755 1044 3828 decimam...
1058 3757 1146 3830 item
1172 3755 1228 3830 est
1253 3758 1302 3830 ibi
1339 3758 1505 3830 scoltetus
1541 3758 1674 3830 habens
1709 3756 1828 3830 laneos
1855 3762 1892 3830 et
1916 3757 2049 3848 percipit

513 3883 648 3950 sextum
675 3876 855 3980 denarium
883 3878 926 3950 de
953 3899 1066 3951 censu.

614 3999 878 4090 Zsoaowrczn,
905 4000 988 4072 villa
1015 4001 1148 4072 habens
1181 4002 1217 4072 in
1244 4022 1282 4071 se
1308 3999 1489 4072 ecclesiam
1514 3999 1748 4090 parochialem
1774 3999 1942 4090 ligneam,
1968 4000 2048 4070 cuim

353 4119 360 4128 '
444 4092 448 4101 ¹
511 4123 705 4212 proprietas
732 4121 777 4193 ad
804 4122 1049 4194 monasterium
1078 4122 1284 4194 Thinciense
1309 4122 1471 4212 pertinet.
1497 4122 1537 4192 ln
1558 4142 1627 4212 qua
1645 4128 1727 4193 sunt
1744 4120 1904 4193 undecim
1930 4127 2048 4194 tantun

510 4243 602 4314 lanei
629 4219 861 4315 emethonales
888 4249 924 4314 et
950 4243 1100 4334 quinque
1127 4243 1256 4333 virgae,
1283 4248 1320 4314 et
1346 4243 1493 4335 quilibet
1518 4243 1623 4315 solvit
1648 4264 1714 4333 pro
1740 4262 1845 4314 censu
1871 4263 1935 4334 per
1959 4263 2046 4315 onan

511 4385 672 4453 marcam,
699 4365 781 4437 item
808 4385 876 4438 ora
902 4363 1091 4454 duodecim,
1118 4366 1202 4436 item
1228 4365 1339 4455 gallos
1365 4365 1452 4436 duos
1479 4366 1561 4437 item
1589 4385 1711 4437 caseos
1737 4363 1841 4454 duos,
1868 4366 1949 4435 item
1966 4365 2046 4436 labo

511 4491 592 4556 rani
620 4483 777 4580 iatrzyoi,
804 4486 945 4577 arando,
972 4486 1182 4576 seminando,
1209 4485 1378 4576 metendo,
1405 4485 1637 4576 conducendo,
1665 4492 1737 4560 tam
1764 4507 1831 4577 pro
1849 4506 2046 4578 veroquam

511 4609 651 4700 hyeme,
687 4608 771 4679 item
808 4607 852 4678 ad
885 4606 1087 4702 ponoenas
1122 4610 1206 4680 item
1241 4608 1389 4679 taberna
1415 4629 1485 4680 una
1510 4609 1712 4681 monasterii
1739 4609 1873 4680 habens
1900 4614 2045 4700 agnosci

512 4727 617 4800 solvit
643 4733 715 4800 tres
747 4747 901 4818 marcas;
935 4729 1018 4801 item
1047 4749 1165 4801 omnes
1192 4729 1284 4800 lanei
1311 4729 1451 4801 solvunt
1478 4730 1691 4803 monasterio
1727 4729 1946 4803 Thincziensi
1969 4729 2044 4801 deci·

510 4871 601 4923 mam
637 4850 850 4940 pecuniolam
886 4871 948 4940 per
982 4873 1086 4922 unum
1123 4850 1293 4930 lertonem
1329 4850 1373 4922 de
1407 4851 1508 4923 laneo
1543 4852 1694 4924 latorum
1729 4872 1942 4943 grossorum.
1974 4851 2045 4922 lton

408 5017 413 5038 ,
510 4972 691 5064 praedium
727 4976 781 5044 est
816 4971 864 5042 ibi
901 4973 1118 5063 coenobiale,
1155 4971 1198 5043 de
1234 4993 1303 5062 quo
1338 4973 1425 5043 nolli
1461 4973 1523 5044 dat
1550 4963 1724 5045 decimam
1746 4974 1808 5046 sed
1835 4995 1913 5045 eam
1937 4993 1995 5064 pro
2017 4992 2045 5039 se

510 5093 611 5166 tollit.
638 5094 725 5165 Item
751 5093 970 5165 hortulaniae
996 5098 1069 5165 tres
1096 5093 1265 5165 hahentes
1291 5114 1405 5184 agros,
1423 5093 1510 5165 nihil
1529 5074 1678 5185 solvunt,
1697 5094 1759 5167 sed
1777 5095 1940 5169 laborant
1955 5111 2042 5164 noun

511 5215 602 5288 diem
629 5215 819 5307 pedestres.
860 5215 947 5288 ltem
984 5215 1217 5287 molendinum
1244 5215 1293 5286 ibi
1320 5215 1539 5305 monasterii,
1566 5223 1604 5287 et
1630 5215 1735 5288 solvit
1765 5222 1941 5306 metretas,
1979 5216 2044 5285 iton

511 5359 573 5430 per
599 5359 702 5409 onam
738 5357 933 5409 mensuram
969 5357 1099 5410 avenae
1135 5337 1171 5408 in
1198 5337 1401 5428 septimana
1440 5337 1530 5408 Item
1555 5338 1623 5409 fuit
1648 5338 1698 5409 ihi
1726 5339 1905 5429 scoltetia,
1932 5337 2041 5422 habens

512 5458 598 5530 dnos
624 5459 742 5530 laneos
769 5464 805 5529 et
832 5459 1000 5530 decimam
1029 5458 1196 5549 solvebat,
1223 5459 1283 5530 sed
1311 5462 1469 5548 coempta
1495 5463 1550 5529 est
1567 5480 1631 5549 per
1648 5458 1934 5532 Stanislaum
1958 5457 2042 5528 abba·

437 5565 439 5574 ’
511 5565 695 5650 tomitem
715 5577 757 5650 de
776 5599 881 5652 ceusu
900 5579 1119 5652 scoltetus...
1139 5579 1394 5652 Confinatcnm
1422 5579 1819 5673 Gzyeszkowicze,
1847 5582 2041 5673 Chaszna
