4492 6592
459 739 538 818 '182

464 956 672 1026 monasterio
699 977 720 1027 a
747 978 784 1028 se
811 955 974 1048 fundato,
1011 957 1190 1031 ecclesiam
1217 959 1451 1050 parochialem
1477 961 1623 1034 Sanctae
1650 962 1813 1035 Andreae
1839 963 1875 1035 in
1900 965 1998 1059 'iby-
2127 955 2131 963 ’

464 1078 611 1168 niecz,
638 1081 770 1150 vetusti
797 1082 913 1170 operis
940 1101 1035 1176 more
1062 1082 1104 1152 de
1132 1087 1234 1170 petra
1260 1081 1340 1151 alba
1365 1081 1588 1173 fabricatam,
1614 1083 1758 1156 decimis
1784 1085 1877 1156 enim
1901 1089 2001 1160 mani·
2135 1167 2139 1178 ,

461 1198 660 1289 pularibuS,
696 1202 923 1289 proventibus
951 1209 987 1273 et
1013 1202 1232 1290 introitibus,
1268 1205 1484 1293 caeterisque
1511 1204 1547 1274 id
1573 1225 1682 1294 genus
1717 1205 1931 1295 redditibus,
1962 1211 2002 1279 ad

462 1320 680 1392 collationem
699 1327 735 1392 et
754 1319 1014 1412 iuspatronatus
1041 1324 1135 1412 regis
1163 1323 1317 1425 plenarie
1336 1325 1515 1412 pertinens
1541 1323 1658 1396 inerat
1684 1333 1904 1416 quaestuosa,
1921 1331 2004 1401 uniri

462 1447 498 1512 et
525 1443 752 1532 incorporari
779 1445 814 1514 in
842 1445 938 1515 cuius
966 1446 1070 1514 etiam
1097 1463 1189 1514 nunc
1216 1444 1432 1532 proprietate
1459 1451 1496 1516 et
1522 1446 1676 1517 dominio
1702 1447 1864 1518 consistit
1882 1453 1918 1517 et
1933 1469 2006 1538 per-

367 1617 373 1629 .
462 1569 608 1634 severat.
636 1563 892 1654 Amplificasset
928 1570 1041 1635 autem
1079 1563 1337 1634 Oasimirus
1374 1563 1540 1636 Poloniae
1566 1587 1628 1638 ren
1656 1566 1836 1656 praefatus
1863 1568 2007 1639 dotatio

461 1702 539 1752 nem
566 1685 768 1756 monasterii
796 1685 1041 1776 Thyniczensis
1060 1705 1081 1754 a
1099 1705 1137 1754 se
1155 1684 1360 1774 inchoatam,
1387 1691 1423 1754 et
1440 1703 1571 1776 magna
1584 1708 1627 1758 ex
1645 1694 1747 1777 parte
1766 1695 2008 1778 consumebam,
2043 1712 2057 1722 ·

461 1804 528 1875 nisi
555 1824 598 1876 ex
625 1805 730 1876 rebus
757 1806 963 1894 viventium,
999 1803 1071 1875 lato
1098 1825 1221 1894 pamm
1256 1810 1395 1893 sperato
1429 1804 1553 1879 inisset
1588 1809 1797 1880 subtractus.
1843 1808 1883 1877 ln
1911 1811 2005 1880 cuins

460 1925 738 2015 supplementum
764 1925 828 1996 filii
855 1927 908 1997 sui
935 1931 1017 1995 natu
1046 1925 1191 1995 iunioris
1218 1924 1459 1996 Vladislai
1486 1929 1545 2016 qni
1571 1927 1831 1999 Hermanno
1857 1929 2011 2018 appella

460 2051 518 2117 tus
545 2052 599 2117 est
625 2067 767 2118 consors
794 2045 1036 2136 illustrissima,
1064 2047 1173 2116 mirae
1199 2045 1377 2135 religionis
1396 2067 1437 2117 ac
1455 2047 1650 2120 devotionis
1666 2035 1817 2120 foemina
1843 2047 1868 2119 J
1875 2049 2012 2121 udith
2139 2108 2140 2119 ,

462 2167 592 2257 regina,
620 2167 692 2238 lilia
718 2166 967 2238 Wratislai
994 2167 1090 2238 ducis
1113 2167 1301 2238 Bohemiae
1328 2187 1370 2236 ex
1395 2168 1510 2256 prima
1535 2189 1644 2239 uxore
1670 2169 1887 2261 Adleyda
1913 2171 2013 2246 Hun-
2139 2243 2140 2246 ,

460 2289 579 2377 gariae
605 2289 698 2378 regis
724 2287 939 2360 Andreae
974 2293 1055 2358 nata
1090 2292 1269 2377 suscepta,
1296 2287 1460 2377 oppidum
1487 2287 1861 2379 Oppathowyecz
1903 2313 2014 2387 snpra
2139 2302 2140 2375 j

461 2407 645 2480 Wislam
672 2411 785 2500 situm,
813 2430 889 2480 cum
917 2409 1048 2498 aliquot
1075 2409 1178 2498 villis,
1205 2408 1288 2479 item
1315 2408 1431 2480 villam
1458 2409 1591 2500 regiam
1617 2409 1907 2502 Xangnicze,
1934 2433 2014 2483 cnm

460 2529 538 2600 aliis
565 2529 657 2602 villis
685 2550 790 2620 supra
817 2527 1085 2600 Nidziczam
1127 2529 1222 2618 sitis,
1262 2529 1474 2600 monasterio
1490 2529 1657 2619 praelato
1684 2523 1845 2602 muhifice
1873 2532 1917 2603 de
1943 2533 2013 2604 viri
2140 2492 2141 2557 ¹

423 2715 426 2722 λ
460 2651 514 2721 sui
541 2649 779 2722 Vladislai
807 2651 904 2722 ducis
932 2656 967 2721 et
993 2635 1203 2721 monarchae
1220 2648 1385 2720 Poloniae
1404 2649 1545 2739 speciali
1570 2651 1759 2721 annuentia
1777 2658 1813 2722 ct
1830 2671 2013 2742 consensu,

460 2771 637 2861 inscripsit
664 2777 832 2862 perpetuo
860 2777 896 2842 et
922 2771 1074 2842 donavit.
1105 2769 1211 2840 Cuius
1238 2768 1397 2840 beneficii
1422 2775 1505 2841 tunc
1532 2772 1665 2860 accepti
1691 2773 1853 2844 monachi
1880 2772 2014 2862 Thyni·
2140 2740 2141 2819 l

459 2894 611 2965 czienses
638 2914 806 2964 memores
833 2891 856 2963 J
865 2891 999 2962 udith
1034 2891 1193 2980 reginae,
1229 2895 1374 2980 propter
1409 2891 1648 2962 excellentiam
1683 2893 1775 2962 enim
1801 2895 2014 2963 eminentem

459 3035 602 3105 morum,
630 3016 807 3104 virtudum,
836 3033 876 3084 ac
902 3012 1056 3102 generis,
1097 3033 1197 3083 nemo
1225 3011 1319 3082 illam
1346 3011 1449 3082 aliter
1476 3033 1578 3102 qnam
1604 3014 1760 3103 reginam
1787 3014 1923 3085 solebat
1950 3035 2016 3105 ap
2137 3000 2141 3221 <

459 3136 592 3225 pellari,
619 3136 655 3205 in
683 3135 754 3207 suis
782 3134 1016 3221 orationibus,
1052 3133 1349 3204 obsecrationibus
1377 3139 1413 3204 et
1440 3133 1619 3205 sacrificiis
1648 3139 1763 3224 agunt
1791 3155 1834 3205 ex
1856 3137 2014 3225 nomine,
2140 3226 2141 3241 χ

459 3261 496 3325 et
523 3255 724 3346 singillatim
752 3255 951 3326 memoriam
979 3249 1171 3343 specialem,
1198 3259 1235 3324 et
1253 3254 1289 3324 in
1307 3253 1457 3326 secundo
1483 3253 1578 3325 illam
1604 3261 1685 3345 post
1711 3256 1915 3345 primarium
1932 3255 2015 3326 inn-
2138 3248 2143 3362 l

460 3373 616 3446 datorem
645 3373 926 3447 Oasimirum·
945 3373 1108 3446 Polonlae
1136 3395 1254 3465 regem
1281 3379 1466 3445 numerant
1491 3375 1577 3447 loco,
1605 3376 1661 3447 Ad
1684 3377 1889 3466 petitionem
1915 3377 2015 3448 insn-

459 3515 522 3586 per
549 3495 768 3590 Oasimiri
794 3495 941 3586 praefati
968 3494 1133 3566 Poloniae
1161 3496 1263 3585 regis,
1290 3496 1578 3568 Rachelinns
1615 3481 1896 3588 archiepiscopus
1924 3498 2014 3570 Gra-

459 3618 648 3712 coviensis,
683 3619 858 3708 plerisque
885 3615 1026 3688 decimis
1053 3617 1326 3707 manipularibus
1361 3618 1567 3707 episcopahs
1595 3639 1678 3689 suae
1704 3639 1863 3708 mensae,
1891 3640 2027 3708 monas
2141 3599 2143 3722 J

459 3740 604 3810 sterium
632 3737 867 3831 Thyniczense
893 3737 1087 3829 praefatum
1123 3739 1304 3828 insignivit
1330 3745 1365 3810 et
1391 3737 1536 3812 detaut.
1580 3737 1645 3810 Gui
1671 3740 1825 3810 Aaron
1852 3741 2010 3811 eiusdem
2141 3729 2143 3828 l

459 3861 661 3932 monasterii
689 3859 927 3952 Thyniclenais
953 3860 1060 3932 abbas
1087 3859 1123 3928 in
1150 3858 1355 3948 pontificatu
1381 3859 1587 3950 succedens,
1613 3859 1838 3949 amplioribus
1866 3861 2011 3931 decimis
2141 3829 2143 3938 l

458 3981 711 4073 episcopalibus
738 3982 849 4054 locum
877 3983 989 4072 ipsum
1016 3981 1152 4070 extulit,
1179 3985 1216 4050 et
1243 3980 1413 4051 celebrem
1440 3980 1602 4070 reddidit,
1642 3981 1839 4071 providens,
1866 3983 2011 4072 privile·
2141 3977 2143 4078 ᾗ

457 4103 556 4191 glans
584 4111 619 4175 et
645 4111 812 4195 perpetuo
840 4104 1043 4175 decernens
1056 4101 1179 4190 edicto,
1207 4097 1301 4190 qnod
1328 4102 1427 4172 etin
1454 4108 1671 4191 praesentem
1699 4102 1791 4173 hem
1809 4104 1942 4174 mansit
1958 4104 2011 4174 illi
2141 4105 2143 4166 l

458 4225 604 4297 solidum
631 4231 736 4315 atque
763 4231 887 4314 ratum,
914 4229 952 4294 ut
979 4222 1126 4312 quilibet
1152 4223 1259 4292 abbas
1286 4213 1531 4313 Thyniciensis'
1553 4223 1589 4292 in
1617 4223 1753 4312 signum
1785 4243 1870 4294 suae
1896 4225 2012 4295 excel·

405 4392 409 4400 ·
457 4347 595 4436 lentiae,
622 4347 855 4436 praestantiae
873 4350 909 4415 et
926 4343 1116 4434 dignitatis,
1144 4343 1382 4414 Gracoviensis
1418 4344 1602 4414 canonicus
1638 4349 1839 4433 censeatur,
1875 4351 1913 4416 et
1940 4365 2009 4416 non
2141 4377 2143 4444 g

458 4489 557 4539 secus
584 4489 686 4557 quam
713 4467 890 4556 praelatus
910 4471 978 4537 'aut
1005 4465 1189 4536 canonicus
1216 4464 1469 4555 cracoviensis,
1496 4470 1615 4535 utatur
1641 4464 1678 4534 in
1705 4465 2009 4537 ecclesiactica
2141 4447 2143 4526 3

459 4589 569 4658 viensi
596 4593 632 4658 et
659 4569 847 4658 canonicali
874 4585 1017 4657 almutio
1045 4592 1081 4657 et
1108 4583 1210 4657 stallo
1246 4586 1421 4656 canonicis
1449 4585 1605 4656 debendo
1632 4586 1781 4673 chorali;
1809 4587 1902 4676 quod
1931 4587 2009 4677 qni·
2141 4645 2143 4688 ξ

459 4709 537 4780 dem
555 4715 626 4780 tam
644 4707 911 4798 pulcherrimum
930 4705 1123 4778 clenodinm
1142 4713 1178 4776 et
1194 4707 1331 4796 insigne
1349 4711 1588 4776 omamentnm
1606 4708 1778 4777 neminem
1790 4727 1833 4776 ex
1847 4708 2009 4779 omnibns
2141 4699 2143 4738 ³

457 4830 557 4921 regni
584 4828 748 4902 Poloniae
777 4829 960 4900 abbatibus
987 4819 1031 4898 et'
1049 4828 1259 4917 praepositis
1286 4827 1442 4898 videmus
1468 4829 1645 4917 rapuisse;
1673 4827 1734 4898 sed
1762 4847 1825 4898 nec
1852 4828 2007 4919 aliquem
2141 4859 2143 4906 3

458 4951 704 5024 exmonachis
732 4955 873 5041 praeter
898 4949 990 5020 hunc
1016 4949 1143 5018 scimus
1182 4948 1347 5037 petallum
1374 4947 1570 5037 pontificale
1597 4949 1632 5017 in
1660 4947 1883 5019 Cracoviensi
1911 4947 2008 5020 dioe-

457 5075 528 5146 cesi
555 5079 590 5144 et
617 5071 762 5144 ecclesia
787 5078 951 5162 gestasse.
997 5069 1083 5140 Cum
1110 5070 1251 5159 insuper
1277 5070 1312 5139 in
1340 5069 1480 5158 villagio
1506 5068 1775 5158 Xangnicze
1815 5069 1860 5140 ad
1887 5089 2007 5140 mona·
2141 5071 2143 5104 ³

458 5197 602 5267 sterium
630 5194 864 5284 Thyniczense
891 5193 1106 5282 pertinente,
1142 5191 1255 5261 divisa
1279 5189 1370 5260 foret
1396 5189 1606 5279 parochialis
1642 5189 1789 5260 ecclesia
1816 5190 1865 5259 ibi
1893 5193 2006 5261 consi·

457 5326 561 5408 stens,
589 5322 625 5387 et
651 5315 718 5386 duo
746 5315 840 5385 illam
867 5313 1006 5403 plebani
1032 5317 1196 5402 regerent
1216 5311 1358 5381 decimis
1385 5317 1421 5381 et
1446 5311 1673 5400 proventibus
1700 5310 1870 5399 limitetis,
1898 5311 2006 5381 abbas

458 5445 493 5507 et
519 5439 765 5509 monasterium
795 5435 1029 5526 Thyniczense
1056 5433 1207 5504 dammas
1235 5437 1271 5502 et
1295 5437 1486 5531 proventus
1521 5431 1703 5502 crassioris
1742 5432 1854 5520 partis
1880 5433 2007 5502 sibiet

459 5573 521 5624 auo
549 5557 757 5626 monasterio
785 5555 1031 5646 Thyncviensi,
1072 5553 1176 5623 titulo
1213 5552 1315 5622 unius
1352 5551 1557 5640 plebanatus
1593 5551 1765 5639 extincto,
1804 5551 2007 5639 procuravit
2141 5629 2143 5636 Ι

459 5675 568 5762 uniri,
595 5682 629 5745 et
655 5679 851 5747 universam
888 5677 1072 5766 parochiae
1109 5675 1369 5763 animarumque
1401 5672 1609 5759 curam,1in
1636 5671 1782 5741 alterum
1818 5670 2004 5760 plebanum
2136 5762 2141 5779 Ι
