4492 6592
1527 691 1531 698 ’
1671 727 1745 798 aso

206 939 259 1006 tur
275 929 438 1004 ecelesiae
455 929 646 1028 parochiali
664 931 700 1003 iu
718 927 1125 1022 Wavvrziuezioze,
1152 929 1196 1003 de
1212 916 1371 1004 omuibus
1390 931 1502 1022 agris,
1530 935 1567 1002 et
1584 917 1766 1004 tenentur
1849 913 1852 918 ’
1873 909 1878 925 ¹

207 1055 293 1124 illam
307 1051 460 1144 propriis
479 1053 637 1125 curribus
654 1050 817 1124 inducere
835 1053 870 1123 in
889 1053 1052 1124 horreum
1078 1072 1100 1122 a
1117 1050 1265 1141 plebano
1292 1051 1335 1122 de
1353 1050 1657 1123 Wawrziuozi
1668 1073 1687 1124 o
1698 1073 1747 1133 ze

190 1173 393 1264 locandum,
420 1179 456 1244 et
473 1173 578 1273 valor¹
597 1173 672 1244 eius
698 1173 904 1246 aestimatur
929 1172 974 1260 a'd
991 1172 1115 1262 viginti
1141 1192 1285 1244 mareas.
1325 1171 1414 1242 Item
1431 1171 1597 1244 desimam
1624 1176 1746 1265 canapi

207 1295 346 1366 solvunt.
386 1295 475 1366 Item
484 1316 608 1366 ·uuum
635 1294 726 1365 diem
762 1294 907 1385 quilibet
943 1293 985 1365 de
1012 1293 1112 1364 laneo
1150 1293 1187 1364 in
1215 1294 1407 1384 septimana
1441 1293 1595 1384 pedestri
1620 1295 1746 1367 itinere

206 1421 237 1485 et
252 1414 370 1486 labore
396 1415 542 1486 laborat.
580 1415 668 1486 Item
686 1415 816 1486 duount
842 1435 885 1486 ex
911 1414 1181 1505 Wyeliozka
1207 1419 1269 1486 aut
1294 1413 1522 1487 cracovia
1547 1435 1611 1505 pro
1629 1435 1747 1487 neees-

205 1536 300 1606 sitate
327 1536 530 1636 monosterii
553 1534 871 1625 Szezeohovieusis,
898 1534 1050 1626 propriis
1068 1534 1228 1607 curribus
1254 1540 1291 1606 et
1308 1535 1424 1624 equis,
1450 1555 1561 1626 usque
1587 1536 1632 1608 ad
1650 1538 1748 1627 oppi-

205 1656 280 1726 dum
306 1654 418 1746 Slup
444 1653 574 1727 Galvi
607 1655 803 1746 Montis,
839 1661 875 1727 et
901 1655 973 1726 illio
999 1654 1172 1745 deponere
1190 1708 1306 1726 .....
1347 1653 1508 1728 Continet
1542 1677 1619 1730 oum
1655 1657 1748 1728 villis

206 1775 551 1867 Bothurzyuek,
578 1776 705 1876 oppido
733 1776 1131 1848 Wavrzinezieze.
1170 1776 1309 1848 Donate
1335 1795 1398 1865 per
1423 1775 1540 1848 Jaxa
1565 1776 1696 1849 ducem.
1824 1773 1829 1783 ’

300 1894 487 1968 Dzuvvczn
514 1916 631 1987 soen,
658 1896 741 1969 villa
767 1897 832 1970 sub
858 1896 1025 1987 parochia
1059 1895 1225 1968 eeclesiae
1260 1895 1304 1966 de
1330 1895 1638 1970 Wavvelnieza
1669 1899 1765 1988 sita.

210 2015 271 2086 suit
304 2017 479 2106 quondam
514 2017 1063 2104 monasteriiszeozeohoviensis
1090 2015 1238 2088 adeius
1264 2017 1442 2106 pertinens
1478 2019 1750 2110 proprietatem

206 2135 263 2208 sed
288 2135 442 2209 alienata
468 2144 522 2210 est
549 2159 571 2210 a
596 2139 806 2210 monasterio
831 2137 1153 2226 Szeczeohoviensi,
1180 2138 1350 2208 incertum
1377 2138 1549 2228 quomodo
1576 2145 1638 2211 aut
1662 2145 1750 2211 tem-

204 2277 291 2354 pore,
318 2265 381 2329 aut
407 2279 450 2330 ex
469 2279 537 2350 que
563 2279 684 2348 eausa,
711 2264 748 2330 et
764 2259 916 2348 pertinet
941 2258 1256 2372 uuuobproprietas
1282 2259 1357 2330 eius
1385 2259 1430 2330 ad
1447 2265 1619 2332 rectorem
1646 2261 1750 2332 eoele-

205 2379 270 2448 siee
304 2379 516 2468 parochialis
549 2381 585 2452 iu
613 2379 928 2452 Waveluioza.
972 2378 1111 2451 Donata
1145 2399 1208 2470 per
1234 2377 1483 2451 Henrioum
1517 2380 1638 2452 ducem
1664 2379 1751 2453 San-

206 2497 454 2571 domirieusem.

302 2618 499 2692 Lvusszun
526 2620 613 2692 alias
639 2620 897 2710 Inponenda,
933 2620 1017 2692 ville
1040 2621 1104 2692 sub
1131 2620 1296 2710 parochia
1329 2620 1494 2693 eeclesiae
1519 2621 1563 2692 de
1590 2620 1751 2694 Sthen-

207 2759 365 2829 szyoza
391 2740 474 2830 sita,
502 2761 590 2832 quae
607 2761 678 2812 uua
695 2761 771 2814 eum
798 2741 875 2812 lacu
902 2742 1031 2830 optimo
1057 2741 1161 2813 villae
1188 2741 1300 2814 eidem
1326 2761 1460 2814 adnexo
1486 2739 1553 2812 luit
1579 2743 1751 2835 quondam

208 2861 406 2932 monosterii
431 2854 770 2951 Szeozeohoviensis3
805 2862 1044 2934 sed-alienata
1078 2866 1133 2934 est
1158 2883 1180 2933 a
1204 2862 1415 2934 monasterio
1442 2861 1773 2954 Szeezeohoviensi.

207 2979 373 3053 incertum
407 2981 578 3071 quomodo
610 2987 670 3054 eut
696 3004 764 3074 quo
799 2988 973 3074 tempore,
1009 2987 1070 3054 aut
1096 3003 1140 3054 ex
1167 3003 1236 3073 qna
1262 3002 1385 3073 eausa,
1420 2988 1457 3054 et
1480 2984 1633 3074 pertinet
1659 3005 1751 3056 nuno

207 3102 399 3192 proprietas
426 3103 501 3174 eius
519 3102 564 3174 ad
582 3105 842 3176 serenissimum
866 3103 1031 3176 Poloniae
1049 3121 1176 3193 regem.
1216 3103 1331 3176 Lacus
1352 3108 1467 3175 tamen
1485 3105 1636 3195 optimus
1662 3105 1752 3176 eius-

210 3219 282 3291 dem
309 3222 435 3313 villae‚
462 3224 565 3294 simul
591 3245 668 3296 oum
686 3224 769 3297 villa
782 3245 858 3323 ‘per
875 3223 1021 3296 Henri
1034 3245 1128 3294 oum
1155 3223 1276 3296 ducem
1294 3223 1607 3296 Sandomiriensem
1632 3237 1752 3296 mona·

208 3342 309 3413 sterio
336 3341 641 3429 Szeezeohoviensi
673 3345 829 3436 deumne,
862 3345 946 3418 villa
971 3345 1139 3434 alienata,
1167 3345 1203 3415 iu
1230 3345 1445 3436 proprietate
1471 3351 1509 3416 et
1533 3347 1752 3436 possessione

107 3549 115 3564 ‚
206 3459 405 3534 monasterii
438 3467 623 3557 remansit,
658 3473 822 3556 tenetque
858 3467 955 3540 illum
980 3466 1231 3539 monasterium
1258 3464 1584 3557 Szeozeolroviense,
1620 3467 1752 3539 habens

109 3683 113 3690 ι
206 3601 299 3653 usum
334 3585 413 3656 eius
447 3585 627 3676 pacificum
662 3593 699 3658 et
725 3588 880 3678 quietum
914 3588 951 3658 in
978 3588 1068 3663 hane
1104 3585 1204 3657 diem.
1242 3585 1382 3658 Donata
1415 3607 1479 3677 per
1504 3585 1753 3659 Heurioum

208 3701 324 3776 ducam
351 3683 674 3780 Saudomiriensem.

304 3825 515 3933 Bumodus,
542 3829 626 3900 villa
661 3829 725 3901 sub
760 3829 927 3921 parochia
953 3827 1117 3899 eeclesiae
1145 3825 1188 3898 de
1216 3823 1517 3899 Szeozeohow
1543 3827 1627 3918 sita,
1656 3828 1753 3898 ouius

198 3947 405 4036 proprietas
442 3969 519 4020 oum
547 3950 639 4021 omni
665 3949 741 4021 iure
765 3949 813 4020 'ad
839 3933 1085 4020 monasterium
1102 3945 1422 4042 ·Szeozeohoviense
1447 3948 1665 4037 pertinebat3
1692 3949 1753 4019 sed

209 4067 393 4140 aflumine
419 4067 611 4141 Vistula
638 4070 724 4142 alias
750 4069 903 4160 Visla,
930 4069 1064 4141 alveum
1092 4089 1190 4139 suurn
1218 4067 1332 4139 variis
1353 4067 1635 4140 simulationibus
1661 4069 1753 4140 veri-
1810 4161 1818 4173 .

210 4191 303 4277 anm,
330 4188 499 4279 absorpta
534 4195 607 4278 est;
642 4195 822 4262 remanent
856 4196 972 4262 tamen
1000 4188 1154 4260 eiusdem
1180 4187 1283 4258 villae
1308 4191 1412 4278 prata
1438 4191 1474 4258 et
1498 4205 1637 4279 nemus,
1665 4210 1754 4279 quae

211 4307 321 4378 omnia
349 4307 395 4379 ad
420 4311 668 4382 monasterium
695 4301 1002 4383 Szeezeehoviense
1030 4315 1066 4380 et
1092 4309 1166 4380 eius
1189 4309 1441 4400 proprietatem
1458 4309 1634 4399 pertinent
1651 4309 1753 4399 pleno

211 4425 291 4497 iure.
317 4409 462 4500 Donata
474 4451 537 4520 per
564 4429 833 4521 Sethegium
860 4433 1028 4504 comitem.

308 4547 601 4642 varunczvczn‚
628 4552 712 4623 villa
738 4554 805 4624 etsi
832 4553 1049 4624 contineatur
1074 4552 1110 4622 in
1138 4550 1349 4622 Boleslai
1376 4550 1499 4622 Pudioi
1515 4549 1755 4623 Graooviensis

212 4671 245 4736 et
270 4666 561 4742 Sandomiriensis
588 4672 684 4744 ducis
711 4677 899 4744 renovatae
925 4671 1137 4744 fundationis
1165 4671 1355 4760 privilegio,
1382 4676 1419 4774 et
1445 4670 1588 4742 dubium
1605 4693 1674 4742 non
1692 4677 1755 4761 est,

211 4788 288 4875 quin
315 4789 402 4861 villa
426 4791 502 4880 ipsa
528 4792 713 4884 aliquando
740 4795 776 4864 iu
801 4813 918 4886 rerum
944 4798 1071 4864 natura
1095 4791 1210 4881 inerit,
1235 4791 1339 4863 hodie
1365 4797 1482 4863 tamen
1509 4813 1555 4863 err
1577 4792 1754 4863 hominum

215 4915 378 4985 memoria
404 4913 498 4984 illius
524 4934 649 4985 nomeu
675 4920 712 4985 et
738 4914 826 4985 situs
854 4913 997 5004 depulsa
1023 4913 1114 5002 suut,
1133 4911 1195 4982 sed
1213 4917 1250 4983 et
1267 4912 1345 5002 ipsa
1361 4910 1580 4986 Vistulae
1606 4911 1754 4997 fluminis

213 5033 383 5106 alluvione
410 5035 575 5125 absorpta
601 5040 638 5106 et
664 5039 866 5126 consumpta
892 5039 965 5124 est,
991 5033 1094 5122 adeo,
1121 5037 1162 5102 ut
1186 5052 1251 5104 neo
1276 5033 1350 5104 eius
1377 5033 1494 5122 aliqua
1519 5032 1667 5103 eulmina
1693 5035 1755 5102 aut

212 5158 358 5247 vestigia
383 5159 616 5228 memorentur
641 5156 774 5230 relicte.
799 5155 937 5226 Donata
963 5175 1026 5244 per
1052 5153 1323 5243 Sethegium
1348 5153 1517 5224 comitem.
