<?xml version="1.0" encoding="UTF-8"?>
<!DOCTYPE html PUBLIC "-//W3C//DTD XHTML 1.0 Transitional//EN"
    "http://www.w3.org/TR/xhtml1/DTD/xhtml1-transitional.dtd">
<html xmlns="http://www.w3.org/1999/xhtml" xml:lang="en" lang="en">
 <head>
  <title>
</title>
<meta http-equiv="Content-Type" content="text/html;charset=utf-8" />
  <meta name='ocr-system' content='tesseract 3.04.00' />
  <meta name='ocr-capabilities' content='ocr_page ocr_carea ocr_par ocr_line ocrx_word'/>
</head>
<body>
  <div class='ocr_page' id='page_1' title='image "./operaomnia00paulgoog_0062.png"; bbox 0 0 4492 6592; ppageno 0'>
   <div class='ocr_carea' id='block_1_1' title="bbox 1722 785 1771 856">
    <p class='ocr_par' dir='ltr' id='par_1_1' title="bbox 1722 785 1771 856">
     <span class='ocr_line' id='line_1_1' title="bbox 1722 785 1771 856; baseline -0.041 0"><span class='ocrx_word' id='word_1_1' title='bbox 1722 785 1771 856; x_wconf 70' lang='lat'>47</span> 
     </span>
    </p>
   </div>
   <div class='ocr_carea' id='block_1_2' title="bbox 76 991 1879 5832">
    <p class='ocr_par' dir='ltr' id='par_1_2' title="bbox 86 991 1879 1559">
     <span class='ocr_line' id='line_1_2' title="bbox 86 991 1774 1089; baseline 0.001 -27"><span class='ocrx_word' id='word_1_2' title='bbox 86 1061 92 1070; x_wconf 79' lang='grc'><strong>,</strong></span> <span class='ocrx_word' id='word_1_3' title='bbox 218 996 319 1082; x_wconf 87' lang='lat' dir='ltr'>parte</span> <span class='ocrx_word' id='word_1_4' title='bbox 347 991 452 1062; x_wconf 87' lang='lat' dir='ltr'>villae</span> <span class='ocrx_word' id='word_1_5' title='bbox 480 1011 602 1062; x_wconf 88' lang='lat' dir='ltr'>versus</span> <span class='ocrx_word' id='word_1_6' title='bbox 621 1045 761 1060; x_wconf 93' lang='grc'><strong>......</strong></span> <span class='ocrx_word' id='word_1_7' title='bbox 780 991 857 1080; x_wconf 87' lang='lat' dir='ltr'>sita,</span> <span class='ocrx_word' id='word_1_8' title='bbox 886 991 1037 1089; x_wconf 86' lang='lat' dir='ltr'>solvitur</span> <span class='ocrx_word' id='word_1_9' title='bbox 1062 992 1195 1064; x_wconf 89' lang='lat' dir='ltr'>decima</span> <span class='ocrx_word' id='word_1_10' title='bbox 1221 992 1446 1082; x_wconf 77' lang='lat' dir='ltr'>manipularis</span> <span class='ocrx_word' id='word_1_11' title='bbox 1472 1013 1536 1082; x_wconf 93' lang='lat' dir='ltr'>pro</span> <span class='ocrx_word' id='word_1_12' title='bbox 1562 992 1774 1064; x_wconf 81' lang='lat' dir='ltr'>monasterio</span> 
     </span>
     <span class='ocr_line' id='line_1_3' title="bbox 218 1086 1879 1203; baseline 0.002 -19"><span class='ocrx_word' id='word_1_13' title='bbox 218 1113 402 1203; x_wconf 86' lang='lat' dir='ltr'>hospitalis</span> <span class='ocrx_word' id='word_1_14' title='bbox 430 1112 576 1184; x_wconf 78' lang='lat' dir='ltr'>Sanctae</span> <span class='ocrx_word' id='word_1_15' title='bbox 609 1110 729 1184; x_wconf 77' lang='lat' dir='ltr'><strong>Crucis</strong></span> <span class='ocrx_word' id='word_1_16' title='bbox 757 1112 792 1182; x_wconf 94' lang='lat' dir='ltr'>in</span> <span class='ocrx_word' id='word_1_17' title='bbox 820 1110 1070 1203; x_wconf 81' lang='lat' dir='ltr'>Gracovia,</span> <span class='ocrx_word' id='word_1_18' title='bbox 1096 1119 1132 1185; x_wconf 85' lang='lat' dir='ltr'>et</span> <span class='ocrx_word' id='word_1_19' title='bbox 1158 1086 1257 1185; x_wconf 78' lang='lat' dir='ltr'>valor</span> <span class='ocrx_word' id='word_1_20' title='bbox 1283 1115 1357 1185; x_wconf 89' lang='lat' dir='ltr'>eins</span> <span class='ocrx_word' id='word_1_21' title='bbox 1384 1114 1590 1186; x_wconf 89' lang='lat' dir='ltr'>aestimatur</span> <span class='ocrx_word' id='word_1_22' title='bbox 1615 1113 1660 1184; x_wconf 92' lang='lat' dir='ltr'>ad</span> <span class='ocrx_word' id='word_1_23' title='bbox 1687 1114 1773 1186; x_wconf 86' lang='lat' dir='ltr'>duas</span> <span class='ocrx_word' id='word_1_24' title='bbox 1875 1132 1879 1140; x_wconf 82' lang='lat'>&#39;</span> 
     </span>
     <span class='ocr_line' id='line_1_4' title="bbox 218 1220 1792 1326; baseline 0.003 -22"><span class='ocrx_word' id='word_1_25' title='bbox 218 1255 364 1325; x_wconf 89' lang='lat' dir='ltr'>marcas,</span> <span class='ocrx_word' id='word_1_26' title='bbox 392 1239 428 1305; x_wconf 89' lang='lat' dir='ltr'>et</span> <span class='ocrx_word' id='word_1_27' title='bbox 453 1233 497 1305; x_wconf 91' lang='lat' dir='ltr'>de</span> <span class='ocrx_word' id='word_1_28' title='bbox 524 1233 658 1306; x_wconf 92' lang='lat' dir='ltr'>dnobus</span> <span class='ocrx_word' id='word_1_29' title='bbox 685 1233 795 1306; x_wconf 89' lang='lat' dir='ltr'>laneis</span> <span class='ocrx_word' id='word_1_30' title='bbox 822 1233 914 1306; x_wconf 80' lang='lat' dir='ltr'><strong>cedit</strong></span> <span class='ocrx_word' id='word_1_31' title='bbox 940 1235 1180 1306; x_wconf 87' lang='lat' dir='ltr'>tantummodo</span> <span class='ocrx_word' id='word_1_32' title='bbox 1199 1234 1332 1306; x_wconf 90' lang='lat' dir='ltr'>decima</span> <span class='ocrx_word' id='word_1_33' title='bbox 1348 1235 1508 1326; x_wconf 86' lang='lat' dir='ltr'>vernalis,</span> <span class='ocrx_word' id='word_1_34' title='bbox 1526 1220 1574 1306; x_wconf 50' lang='lat' dir='ltr'>&#39;de</span> <span class='ocrx_word' id='word_1_35' title='bbox 1592 1235 1670 1307; x_wconf 91' lang='lat' dir='ltr'>aliis</span> <span class='ocrx_word' id='word_1_36' title='bbox 1688 1247 1792 1308; x_wconf 84' lang='lat' dir='ltr'>vero&#39;</span> 
     </span>
     <span class='ocr_line' id='line_1_5' title="bbox 219 1355 1774 1449; baseline 0.001 -22"><span class='ocrx_word' id='word_1_37' title='bbox 219 1357 356 1431; x_wconf 89' lang='lat' dir='ltr'>duobus</span> <span class='ocrx_word' id='word_1_38' title='bbox 384 1356 532 1428; x_wconf 86' lang='lat' dir='ltr'>solvitur</span> <span class='ocrx_word' id='word_1_39' title='bbox 567 1355 700 1428; x_wconf 89' lang='lat' dir='ltr'>decima</span> <span class='ocrx_word' id='word_1_40' title='bbox 732 1356 901 1449; x_wconf 90' lang='lat' dir='ltr'>hyemalis</span> <span class='ocrx_word' id='word_1_41' title='bbox 929 1361 966 1428; x_wconf 93' lang='lat' dir='ltr'>et</span> <span class='ocrx_word' id='word_1_42' title='bbox 992 1356 1187 1448; x_wconf 83' lang='lat' dir='ltr'>cenapolis3</span> <span class='ocrx_word' id='word_1_43' title='bbox 1214 1356 1347 1428; x_wconf 91' lang='lat' dir='ltr'>decima</span> <span class='ocrx_word' id='word_1_44' title='bbox 1372 1362 1488 1428; x_wconf 88' lang='lat' dir='ltr'>autem</span> <span class='ocrx_word' id='word_1_45' title='bbox 1515 1356 1655 1430; x_wconf 87' lang='lat' dir='ltr'>residua</span> <span class='ocrx_word' id='word_1_46' title='bbox 1681 1356 1774 1430; x_wconf 80' lang='lat' dir='ltr'>cedit</span> 
     </span>
     <span class='ocr_line' id='line_1_6' title="bbox 218 1475 623 1559; baseline -0.005 -9"><span class='ocrx_word' id='word_1_47' title='bbox 218 1478 388 1559; x_wconf 89' lang='lat' dir='ltr'>ecclesiae</span> <span class='ocrx_word' id='word_1_48' title='bbox 415 1477 450 1548; x_wconf 92' lang='lat' dir='ltr'>in</span> <span class='ocrx_word' id='word_1_49' title='bbox 479 1475 623 1550; x_wconf 84' lang='lat' dir='ltr'>Gdow.</span> 
     </span>
    </p>

    <p class='ocr_par' dir='ltr' id='par_1_3' title="bbox 218 1590 1794 1935">
     <span class='ocr_line' id='line_1_7' title="bbox 322 1590 1794 1699; baseline 0.001 -27"><span class='ocrx_word' id='word_1_50' title='bbox 322 1593 555 1690; x_wconf 63' lang='lat' dir='ltr'>Jawczroz&#39;m</span> <span class='ocrx_word' id='word_1_51' title='bbox 591 1599 675 1699; x_wconf 85' lang='lat' dir='ltr'>villa</span> <span class='ocrx_word' id='word_1_52' title='bbox 709 1599 774 1672; x_wconf 89' lang='lat' dir='ltr'>sub</span> <span class='ocrx_word' id='word_1_53' title='bbox 810 1599 975 1691; x_wconf 89' lang='lat' dir='ltr'>parochia</span> <span class='ocrx_word' id='word_1_54' title='bbox 1011 1601 1054 1672; x_wconf 91' lang='lat' dir='ltr'>de</span> <span class='ocrx_word' id='word_1_55' title='bbox 1090 1600 1377 1690; x_wconf 86' lang='lat' dir='ltr'>Biskupiczc</span> <span class='ocrx_word' id='word_1_56' title='bbox 1413 1601 1498 1692; x_wconf 87' lang='lat' dir='ltr'>sita,</span> <span class='ocrx_word' id='word_1_57' title='bbox 1526 1601 1623 1672; x_wconf 90' lang='lat' dir='ltr'>cuins</span> <span class='ocrx_word' id='word_1_58' title='bbox 1649 1590 1794 1673; x_wconf 83' lang='lat' dir='ltr'>haeres</span> 
     </span>
     <span class='ocr_line' id='line_1_8' title="bbox 218 1721 1771 1825; baseline 0.001 -33"><span class='ocrx_word' id='word_1_59' title='bbox 218 1721 428 1825; x_wconf 80' lang='lat' dir='ltr'>Zegotha</span> <span class='ocrx_word' id='word_1_60' title='bbox 455 1721 498 1793; x_wconf 90' lang='lat' dir='ltr'>de</span> <span class='ocrx_word' id='word_1_61' title='bbox 525 1721 627 1794; x_wconf 91' lang='lat' dir='ltr'>domo</span> <span class='ocrx_word' id='word_1_62' title='bbox 646 1776 653 1792; x_wconf 92' lang='lat'><strong>.</strong></span> <span class='ocrx_word' id='word_1_63' title='bbox 674 1775 682 1791; x_wconf 89' lang='lat'><strong>.</strong></span> <span class='ocrx_word' id='word_1_64' title='bbox 701 1777 708 1792; x_wconf 95' lang='lat'><strong>.</strong></span> <span class='ocrx_word' id='word_1_65' title='bbox 726 1722 767 1792; x_wconf 95' lang='lat' dir='ltr'>In</span> <span class='ocrx_word' id='word_1_66' title='bbox 795 1743 864 1813; x_wconf 89' lang='lat' dir='ltr'>qua</span> <span class='ocrx_word' id='word_1_67' title='bbox 890 1728 971 1804; x_wconf 91' lang='lat' dir='ltr'>sunt</span> <span class='ocrx_word' id='word_1_68' title='bbox 998 1722 1132 1812; x_wconf 83' lang='lat' dir='ltr'>aliquot</span> <span class='ocrx_word' id='word_1_69' title='bbox 1158 1741 1320 1813; x_wconf 84' lang='lat' dir='ltr'>agrorum</span> <span class='ocrx_word' id='word_1_70' title='bbox 1347 1723 1459 1812; x_wconf 89' lang='lat' dir='ltr'>peties</span> <span class='ocrx_word' id='word_1_71' title='bbox 1477 1721 1522 1792; x_wconf 94' lang='lat' dir='ltr'>de</span> <span class='ocrx_word' id='word_1_72' title='bbox 1540 1743 1660 1812; x_wconf 88' lang='lat' dir='ltr'>campo</span> <span class='ocrx_word' id='word_1_73' title='bbox 1678 1721 1771 1794; x_wconf 91' lang='lat' dir='ltr'>dicto</span> 
     </span>
     <span class='ocr_line' id='line_1_9' title="bbox 218 1841 1772 1935; baseline 0.001 -23"><span class='ocrx_word' id='word_1_74' title='bbox 218 1841 519 1935; x_wconf 84' lang='lat' dir='ltr'>Pogwyzdow</span> <span class='ocrx_word' id='word_1_75' title='bbox 545 1843 649 1915; x_wconf 83' lang='lat' dir='ltr'>villae</span> <span class='ocrx_word' id='word_1_76' title='bbox 676 1843 873 1935; x_wconf 75' lang='lat' dir='ltr'>praefatae,</span> <span class='ocrx_word' id='word_1_77' title='bbox 902 1843 959 1934; x_wconf 88' lang='lat' dir='ltr'>qui</span> <span class='ocrx_word' id='word_1_78' title='bbox 986 1845 1211 1934; x_wconf 87' lang='lat' dir='ltr'>pertinebant</span> <span class='ocrx_word' id='word_1_79' title='bbox 1237 1843 1423 1934; x_wconf 89' lang='lat' dir='ltr'>aliquando</span> <span class='ocrx_word' id='word_1_80' title='bbox 1451 1841 1495 1914; x_wconf 92' lang='lat' dir='ltr'>ad</span> <span class='ocrx_word' id='word_1_81' title='bbox 1523 1843 1639 1914; x_wconf 85' lang='lat' dir='ltr'>villam</span> <span class='ocrx_word' id='word_1_82' title='bbox 1665 1843 1694 1913; x_wconf 91' lang='lat' dir='ltr'><strong>Z</strong></span> <span class='ocrx_word' id='word_1_83' title='bbox 1702 1843 1772 1914; x_wconf 91' lang='lat' dir='ltr'>bo-</span> 
     </span>
    </p>

    <p class='ocr_par' dir='ltr' id='par_1_4' title="bbox 76 1964 1817 2300">
     <span class='ocr_line' id='line_1_10' title="bbox 76 1964 1772 2064; baseline -0.001 -29"><span class='ocrx_word' id='word_1_84' title='bbox 76 2021 77 2028; x_wconf 31' lang='lat'>1</span> <span class='ocrx_word' id='word_1_85' title='bbox 219 1986 327 2054; x_wconf 78' lang='lat' dir='ltr'>rom,</span> <span class='ocrx_word' id='word_1_86' title='bbox 355 1964 399 2036; x_wconf 92' lang='lat' dir='ltr'>de</span> <span class='ocrx_word' id='word_1_87' title='bbox 427 1965 551 2056; x_wconf 87' lang='lat' dir='ltr'>quibus</span> <span class='ocrx_word' id='word_1_88' title='bbox 587 1965 735 2038; x_wconf 88' lang='lat' dir='ltr'>solvitur</span> <span class='ocrx_word' id='word_1_89' title='bbox 761 1965 896 2036; x_wconf 88' lang='lat' dir='ltr'>decima</span> <span class='ocrx_word' id='word_1_90' title='bbox 927 1965 1153 2055; x_wconf 86' lang='lat' dir='ltr'>manipularis</span> <span class='ocrx_word' id='word_1_91' title='bbox 1179 1965 1389 2051; x_wconf 85' lang='lat' dir='ltr'>monasterio</span> <span class='ocrx_word' id='word_1_92' title='bbox 1416 1964 1598 2054; x_wconf 88' lang='lat' dir='ltr'>hospitalis</span> <span class='ocrx_word' id='word_1_93' title='bbox 1625 1964 1772 2064; x_wconf 83' lang='lat' dir='ltr'>Sanctae</span> 
     </span>
     <span class='ocr_line' id='line_1_11' title="bbox 216 2085 1773 2176; baseline -0.001 -18"><span class='ocrx_word' id='word_1_94' title='bbox 216 2085 359 2176; x_wconf 80' lang='lat' dir='ltr'>Crucis,</span> <span class='ocrx_word' id='word_1_95' title='bbox 386 2093 423 2158; x_wconf 90' lang='lat' dir='ltr'>et</span> <span class='ocrx_word' id='word_1_96' title='bbox 450 2086 549 2158; x_wconf 90' lang='lat' dir='ltr'>valor</span> <span class='ocrx_word' id='word_1_97' title='bbox 584 2087 658 2159; x_wconf 88' lang='lat' dir='ltr'>eius</span> <span class='ocrx_word' id='word_1_98' title='bbox 686 2088 890 2159; x_wconf 87' lang='lat' dir='ltr'>aestimatur</span> <span class='ocrx_word' id='word_1_99' title='bbox 916 2087 961 2158; x_wconf 92' lang='lat' dir='ltr'>ad</span> <span class='ocrx_word' id='word_1_100' title='bbox 987 2092 1060 2158; x_wconf 88' lang='lat' dir='ltr'>tres</span> <span class='ocrx_word' id='word_1_101' title='bbox 1087 2086 1258 2175; x_wconf 84' lang='lat' dir='ltr'>fertones3</span> <span class='ocrx_word' id='word_1_102' title='bbox 1285 2087 1417 2158; x_wconf 86' lang='lat' dir='ltr'>decima</span> <span class='ocrx_word' id='word_1_103' title='bbox 1445 2091 1558 2158; x_wconf 84' lang='lat' dir='ltr'>autem</span> <span class='ocrx_word' id='word_1_104' title='bbox 1586 2085 1773 2176; x_wconf 88' lang='lat' dir='ltr'>praedialis</span> 
     </span>
     <span class='ocr_line' id='line_1_12' title="bbox 220 2207 1817 2300; baseline -0.001 -20"><span class='ocrx_word' id='word_1_105' title='bbox 220 2209 368 2280; x_wconf 89' lang='lat' dir='ltr'>solvitur</span> <span class='ocrx_word' id='word_1_106' title='bbox 395 2209 560 2280; x_wconf 88' lang='lat' dir='ltr'>ecclesiae</span> <span class='ocrx_word' id='word_1_107' title='bbox 587 2209 623 2280; x_wconf 95' lang='lat' dir='ltr'>in</span> <span class='ocrx_word' id='word_1_108' title='bbox 650 2209 943 2300; x_wconf 85' lang='lat' dir='ltr'>Bisknpicze,</span> <span class='ocrx_word' id='word_1_109' title='bbox 971 2213 1007 2280; x_wconf 89' lang='lat' dir='ltr'>et</span> <span class='ocrx_word' id='word_1_110' title='bbox 1033 2209 1133 2281; x_wconf 86' lang='lat' dir='ltr'>valor</span> <span class='ocrx_word' id='word_1_111' title='bbox 1158 2209 1234 2280; x_wconf 92' lang='lat' dir='ltr'>eius</span> <span class='ocrx_word' id='word_1_112' title='bbox 1261 2207 1305 2280; x_wconf 89' lang='lat' dir='ltr'>ad</span> <span class='ocrx_word' id='word_1_113' title='bbox 1331 2229 1436 2280; x_wconf 90' lang='lat' dir='ltr'>uuam</span> <span class='ocrx_word' id='word_1_114' title='bbox 1462 2229 1624 2280; x_wconf 86' lang='lat' dir='ltr'>marcam.</span> <span class='ocrx_word' id='word_1_115' title='bbox 1813 2291 1817 2296; x_wconf 38' lang='grc'>,</span> 
     </span>
    </p>

    <p class='ocr_par' dir='ltr' id='par_1_5' title="bbox 325 2329 1773 2422">
     <span class='ocr_line' id='line_1_13' title="bbox 325 2329 1773 2422; baseline -0.001 -20"><span class='ocrx_word' id='word_1_116' title='bbox 325 2331 707 2421; x_wconf 73' lang='lat' dir='ltr'>Fncn0W1czn‚·vina</span> <span class='ocrx_word' id='word_1_117' title='bbox 743 2331 807 2403; x_wconf 86' lang='lat' dir='ltr'>snb</span> <span class='ocrx_word' id='word_1_118' title='bbox 834 2331 1001 2422; x_wconf 89' lang='lat' dir='ltr'>parochia</span> <span class='ocrx_word' id='word_1_119' title='bbox 1028 2331 1194 2402; x_wconf 89' lang='lat' dir='ltr'>ecclesiae</span> <span class='ocrx_word' id='word_1_120' title='bbox 1221 2331 1264 2402; x_wconf 92' lang='lat' dir='ltr'>de</span> <span class='ocrx_word' id='word_1_121' title='bbox 1287 2329 1429 2419; x_wconf 15' lang='lat' dir='ltr'>¹Gdtow</span> <span class='ocrx_word' id='word_1_122' title='bbox 1455 2331 1540 2422; x_wconf 89' lang='lat' dir='ltr'>sita,</span> <span class='ocrx_word' id='word_1_123' title='bbox 1568 2330 1666 2402; x_wconf 86' lang='lat' dir='ltr'>cuius</span> <span class='ocrx_word' id='word_1_124' title='bbox 1692 2351 1773 2420; x_wconf 90' lang='lat' dir='ltr'>pro-</span> 
     </span>
    </p>

    <p class='ocr_par' dir='ltr' id='par_1_6' title="bbox 166 2447 1862 3987">
     <span class='ocr_line' id='line_1_14' title="bbox 166 2447 1771 2544; baseline -0.001 -20"><span class='ocrx_word' id='word_1_125' title='bbox 166 2455 171 2464; x_wconf 80' lang='grc'><em>“</em></span> <span class='ocrx_word' id='word_1_126' title='bbox 214 2454 353 2544; x_wconf 79' lang='lat' dir='ltr'>pristas</span> <span class='ocrx_word' id='word_1_127' title='bbox 381 2459 417 2526; x_wconf 88' lang='lat' dir='ltr'>et</span> <span class='ocrx_word' id='word_1_128' title='bbox 444 2453 632 2524; x_wconf 90' lang='lat' dir='ltr'>dominium</span> <span class='ocrx_word' id='word_1_129' title='bbox 659 2453 703 2525; x_wconf 91' lang='lat' dir='ltr'>ad</span> <span class='ocrx_word' id='word_1_130' title='bbox 729 2453 924 2525; x_wconf 80' lang='lat' dir='ltr'>lohannem</span> <span class='ocrx_word' id='word_1_131' title='bbox 946 2447 988 2525; x_wconf 74' lang='lat' dir='ltr'>&#39;et</span> <span class='ocrx_word' id='word_1_132' title='bbox 1006 2453 1225 2544; x_wconf 88' lang='lat' dir='ltr'>Stanislaum,</span> <span class='ocrx_word' id='word_1_133' title='bbox 1244 2452 1422 2544; x_wconf 77' lang='lat' dir='ltr'>lucabum,</span> <span class='ocrx_word' id='word_1_134' title='bbox 1441 2453 1632 2543; x_wconf 86' lang='lat' dir='ltr'>Nicolaum,</span> <span class='ocrx_word' id='word_1_135' title='bbox 1651 2453 1771 2523; x_wconf 90' lang='lat' dir='ltr'>Stre-</span> 
     </span>
     <span class='ocr_line' id='line_1_15' title="bbox 218 2549 1818 2666; baseline -0.002 -19"><span class='ocrx_word' id='word_1_136' title='bbox 218 2597 270 2666; x_wconf 90' lang='lat' dir='ltr'>pe</span> <span class='ocrx_word' id='word_1_137' title='bbox 297 2597 362 2666; x_wconf 91' lang='lat' dir='ltr'>pro</span> <span class='ocrx_word' id='word_1_138' title='bbox 390 2574 518 2664; x_wconf 83' lang='lat' dir='ltr'>insigni</span> <span class='ocrx_word' id='word_1_139' title='bbox 546 2573 783 2664; x_wconf 84' lang='lat' dir='ltr'>deferentium,</span> <span class='ocrx_word' id='word_1_140' title='bbox 810 2575 972 2666; x_wconf 89' lang='lat' dir='ltr'>pertinet.</span> <span class='ocrx_word' id='word_1_141' title='bbox 999 2551 1040 2646; x_wconf 88' lang='lat' dir='ltr'>ln</span> <span class='ocrx_word' id='word_1_142' title='bbox 1067 2597 1136 2666; x_wconf 89' lang='lat' dir='ltr'>qna</span> <span class='ocrx_word' id='word_1_143' title='bbox 1163 2580 1244 2648; x_wconf 86' lang='lat' dir='ltr'>sunt</span> <span class='ocrx_word' id='word_1_144' title='bbox 1262 2581 1411 2666; x_wconf 85' lang='lat' dir='ltr'>quatuor</span> <span class='ocrx_word' id='word_1_145' title='bbox 1428 2574 1520 2646; x_wconf 88' lang='lat' dir='ltr'>lanei</span> <span class='ocrx_word' id='word_1_146' title='bbox 1538 2573 1772 2646; x_wconf 88' lang='lat' dir='ltr'>cmethonalos</span> <span class='ocrx_word' id='word_1_147' title='bbox 1812 2549 1818 2566; x_wconf 54' lang='lat'><strong>¹</strong></span> 
     </span>
     <span class='ocr_line' id='line_1_16' title="bbox 217 2694 1772 2793; baseline -0.001 -25"><span class='ocrx_word' id='word_1_148' title='bbox 217 2703 253 2770; x_wconf 89' lang='lat' dir='ltr'>ct</span> <span class='ocrx_word' id='word_1_149' title='bbox 280 2697 325 2769; x_wconf 93' lang='lat' dir='ltr'>de</span> <span class='ocrx_word' id='word_1_150' title='bbox 353 2697 511 2769; x_wconf 88' lang='lat' dir='ltr'>omnibns</span> <span class='ocrx_word' id='word_1_151' title='bbox 539 2697 633 2787; x_wconf 82' lang='lat' dir='ltr'>agris</span> <span class='ocrx_word' id='word_1_152' title='bbox 660 2697 807 2768; x_wconf 88' lang='lat' dir='ltr'>solvitur</span> <span class='ocrx_word' id='word_1_153' title='bbox 834 2697 966 2768; x_wconf 89' lang='lat' dir='ltr'>decima</span> <span class='ocrx_word' id='word_1_154' title='bbox 992 2697 1218 2788; x_wconf 88' lang='lat' dir='ltr'>manipularis</span> <span class='ocrx_word' id='word_1_155' title='bbox 1246 2697 1457 2776; x_wconf 87' lang='lat' dir='ltr'>monasterio</span> <span class='ocrx_word' id='word_1_156' title='bbox 1483 2696 1667 2793; x_wconf 84' lang='lat' dir='ltr'>hospitalis</span> <span class='ocrx_word' id='word_1_157' title='bbox 1685 2694 1772 2769; x_wconf 90' lang='lat' dir='ltr'>San·</span> 
     </span>
     <span class='ocr_line' id='line_1_17' title="bbox 218 2817 1773 2910; baseline -0.002 -19"><span class='ocrx_word' id='word_1_158' title='bbox 218 2826 295 2891; x_wconf 84' lang='lat' dir='ltr'>ctae</span> <span class='ocrx_word' id='word_1_159' title='bbox 323 2819 463 2910; x_wconf 82' lang='lat' dir='ltr'>Crucis,</span> <span class='ocrx_word' id='word_1_160' title='bbox 491 2823 526 2890; x_wconf 91' lang='lat' dir='ltr'>et</span> <span class='ocrx_word' id='word_1_161' title='bbox 552 2817 728 2890; x_wconf 85' lang='lat' dir='ltr'>inducitur</span> <span class='ocrx_word' id='word_1_162' title='bbox 755 2819 790 2890; x_wconf 95' lang='lat' dir='ltr'>in</span> <span class='ocrx_word' id='word_1_163' title='bbox 817 2819 979 2890; x_wconf 89' lang='lat' dir='ltr'>horreum</span> <span class='ocrx_word' id='word_1_164' title='bbox 1007 2840 1028 2890; x_wconf 98' lang='lat' dir='ltr'>a</span> <span class='ocrx_word' id='word_1_165' title='bbox 1055 2819 1254 2910; x_wconf 88' lang='lat' dir='ltr'>praeposito</span> <span class='ocrx_word' id='word_1_166' title='bbox 1281 2819 1483 2890; x_wconf 84' lang='lat' dir='ltr'>monasterii</span> <span class='ocrx_word' id='word_1_167' title='bbox 1509 2818 1710 2908; x_wconf 89' lang='lat' dir='ltr'>locandum,</span> <span class='ocrx_word' id='word_1_168' title='bbox 1737 2823 1773 2889; x_wconf 90' lang='lat' dir='ltr'>et</span> 
     </span>
     <span class='ocr_line' id='line_1_18' title="bbox 219 2927 1796 3030; baseline 0 -18"><span class='ocrx_word' id='word_1_169' title='bbox 219 2942 317 3012; x_wconf 87' lang='lat' dir='ltr'>valor</span> <span class='ocrx_word' id='word_1_170' title='bbox 345 2943 421 3012; x_wconf 88' lang='lat' dir='ltr'>eins</span> <span class='ocrx_word' id='word_1_171' title='bbox 448 2927 653 3013; x_wconf 85' lang='lat' dir='ltr'>aestimatur</span> <span class='ocrx_word' id='word_1_172' title='bbox 678 2940 723 3012; x_wconf 90' lang='lat' dir='ltr'>ad</span> <span class='ocrx_word' id='word_1_173' title='bbox 749 2946 824 3012; x_wconf 89' lang='lat' dir='ltr'>tres</span> <span class='ocrx_word' id='word_1_174' title='bbox 849 2962 993 3012; x_wconf 82' lang='lat' dir='ltr'>marcas</span> <span class='ocrx_word' id='word_1_175' title='bbox 1018 2939 1122 3012; x_wconf 68' lang='lat' dir='ltr'>‘Item</span> <span class='ocrx_word' id='word_1_176' title='bbox 1148 2941 1297 3012; x_wconf 89' lang='lat' dir='ltr'>taberna</span> <span class='ocrx_word' id='word_1_177' title='bbox 1323 2962 1393 3012; x_wconf 92' lang='lat' dir='ltr'>nna</span> <span class='ocrx_word' id='word_1_178' title='bbox 1419 2941 1551 3012; x_wconf 89' lang='lat' dir='ltr'>habens</span> <span class='ocrx_word' id='word_1_179' title='bbox 1579 2955 1701 3030; x_wconf 85' lang='lat' dir='ltr'>agros,</span> <span class='ocrx_word' id='word_1_180' title='bbox 1728 2939 1796 3023; x_wconf 69' lang='lat' dir='ltr'>de,</span> 
     </span>
     <span class='ocr_line' id='line_1_19' title="bbox 219 3061 1772 3154; baseline -0.001 -20"><span class='ocrx_word' id='word_1_181' title='bbox 219 3064 345 3154; x_wconf 88' lang='lat' dir='ltr'>quibus</span> <span class='ocrx_word' id='word_1_182' title='bbox 373 3062 565 3135; x_wconf 81' lang='lat' dir='ltr'>decimatur</span> <span class='ocrx_word' id='word_1_183' title='bbox 600 3083 664 3154; x_wconf 90' lang='lat' dir='ltr'>pro</span> <span class='ocrx_word' id='word_1_184' title='bbox 691 3062 855 3154; x_wconf 90' lang='lat' dir='ltr'>hospitali</span> <span class='ocrx_word' id='word_1_185' title='bbox 883 3061 1001 3135; x_wconf 87' lang='lat' dir='ltr'>Sancti</span> <span class='ocrx_word' id='word_1_186' title='bbox 1028 3061 1179 3153; x_wconf 90' lang='lat' dir='ltr'>Spiritus</span> <span class='ocrx_word' id='word_1_187' title='bbox 1206 3063 1241 3133; x_wconf 92' lang='lat' dir='ltr'>in</span> <span class='ocrx_word' id='word_1_188' title='bbox 1268 3061 1502 3134; x_wconf 83' lang='lat' dir='ltr'>Gracovia.</span> <span class='ocrx_word' id='word_1_189' title='bbox 1536 3061 1624 3132; x_wconf 89' lang='lat' dir='ltr'>Item</span> <span class='ocrx_word' id='word_1_190' title='bbox 1651 3063 1772 3133; x_wconf 85' lang='lat' dir='ltr'>hortu·</span> 
     </span>
     <span class='ocr_line' id='line_1_20' title="bbox 218 3183 1862 3275; baseline -0.002 -19"><span class='ocrx_word' id='word_1_191' title='bbox 218 3185 331 3256; x_wconf 88' lang='lat' dir='ltr'>laniae</span> <span class='ocrx_word' id='word_1_192' title='bbox 359 3191 433 3258; x_wconf 85' lang='lat' dir='ltr'>tres</span> <span class='ocrx_word' id='word_1_193' title='bbox 460 3185 629 3256; x_wconf 88' lang='lat' dir='ltr'>habentes</span> <span class='ocrx_word' id='word_1_194' title='bbox 656 3205 778 3275; x_wconf 76' lang='lat' dir='ltr'>agros,</span> <span class='ocrx_word' id='word_1_195' title='bbox 805 3183 848 3256; x_wconf 91' lang='lat' dir='ltr'>de</span> <span class='ocrx_word' id='word_1_196' title='bbox 876 3185 1012 3275; x_wconf 85' lang='lat' dir='ltr'>quibus</span> <span class='ocrx_word' id='word_1_197' title='bbox 1029 3185 1188 3256; x_wconf 90' lang='lat' dir='ltr'>omnibns</span> <span class='ocrx_word' id='word_1_198' title='bbox 1214 3184 1361 3256; x_wconf 89' lang='lat' dir='ltr'>solvitur</span> <span class='ocrx_word' id='word_1_199' title='bbox 1388 3183 1520 3254; x_wconf 89' lang='lat' dir='ltr'>decima</span> <span class='ocrx_word' id='word_1_200' title='bbox 1546 3183 1772 3273; x_wconf 87' lang='lat' dir='ltr'>manipularis</span> <span class='ocrx_word' id='word_1_201' title='bbox 1855 3184 1862 3194; x_wconf 80' lang='grc'><strong><em>’</em></strong></span> 
     </span>
     <span class='ocr_line' id='line_1_21' title="bbox 217 3305 1812 3400; baseline -0.001 -22"><span class='ocrx_word' id='word_1_202' title='bbox 217 3306 385 3378; x_wconf 89' lang='lat' dir='ltr'>ecclesiae</span> <span class='ocrx_word' id='word_1_203' title='bbox 419 3305 537 3400; x_wconf 83' lang='lat' dir='ltr'>Sancti</span> <span class='ocrx_word' id='word_1_204' title='bbox 572 3305 724 3397; x_wconf 89' lang='lat' dir='ltr'>Spiritus</span> <span class='ocrx_word' id='word_1_205' title='bbox 760 3305 925 3396; x_wconf 87' lang='lat' dir='ltr'>hospitali</span> <span class='ocrx_word' id='word_1_206' title='bbox 960 3307 996 3376; x_wconf 93' lang='lat' dir='ltr'>iu</span> <span class='ocrx_word' id='word_1_207' title='bbox 1031 3305 1268 3378; x_wconf 82' lang='lat' dir='ltr'>Gracovia</span> <span class='ocrx_word' id='word_1_208' title='bbox 1307 3305 1396 3377; x_wconf 87' lang='lat' dir='ltr'>Item</span> <span class='ocrx_word' id='word_1_209' title='bbox 1433 3311 1486 3376; x_wconf 90' lang='lat' dir='ltr'>est</span> <span class='ocrx_word' id='word_1_210' title='bbox 1516 3305 1565 3376; x_wconf 86' lang='lat' dir='ltr'>ibi</span> <span class='ocrx_word' id='word_1_211' title='bbox 1592 3305 1771 3395; x_wconf 90' lang='lat' dir='ltr'>praedium</span> <span class='ocrx_word' id='word_1_212' title='bbox 1807 3369 1812 3376; x_wconf 88' lang='lat'><strong>.</strong></span> 
     </span>
     <span class='ocr_line' id='line_1_22' title="bbox 217 3412 1772 3526; baseline -0.001 -28"><span class='ocrx_word' id='word_1_213' title='bbox 217 3427 388 3517; x_wconf 86' lang='lat' dir='ltr'>militare,</span> <span class='ocrx_word' id='word_1_214' title='bbox 425 3427 468 3498; x_wconf 90' lang='lat' dir='ltr'>dc</span> <span class='ocrx_word' id='word_1_215' title='bbox 504 3427 601 3502; x_wconf 90' lang='lat' dir='ltr'>cuius</span> <span class='ocrx_word' id='word_1_216' title='bbox 639 3428 733 3518; x_wconf 87' lang='lat' dir='ltr'>agris</span> <span class='ocrx_word' id='word_1_217' title='bbox 762 3426 921 3526; x_wconf 44' lang='lat' dir='ltr'>solvitur⁸</span> <span class='ocrx_word' id='word_1_218' title='bbox 946 3417 1080 3498; x_wconf 86' lang='lat' dir='ltr'>decima</span> <span class='ocrx_word' id='word_1_219' title='bbox 1106 3427 1335 3517; x_wconf 85' lang='lat' dir='ltr'>manipularis</span> <span class='ocrx_word' id='word_1_220' title='bbox 1362 3426 1528 3498; x_wconf 90' lang='lat' dir='ltr'>ecclesiae</span> <span class='ocrx_word' id='word_1_221' title='bbox 1554 3426 1590 3496; x_wconf 92' lang='lat' dir='ltr'>in</span> <span class='ocrx_word' id='word_1_222' title='bbox 1618 3412 1772 3514; x_wconf 53' lang='grc' dir='ltr'>(1101,Ι</span> 
     </span>
     <span class='ocr_line' id='line_1_23' title="bbox 218 3547 1774 3647; baseline -0.001 -29"><span class='ocrx_word' id='word_1_223' title='bbox 218 3551 431 3621; x_wconf 87' lang='lat' dir='ltr'>monasterio</span> <span class='ocrx_word' id='word_1_224' title='bbox 458 3553 573 3637; x_wconf 85' lang='lat' dir='ltr'>antem</span> <span class='ocrx_word' id='word_1_225' title='bbox 600 3549 783 3647; x_wconf 89' lang='lat' dir='ltr'>hospitalis</span> <span class='ocrx_word' id='word_1_226' title='bbox 811 3548 959 3620; x_wconf 89' lang='lat' dir='ltr'>Sanctae</span> <span class='ocrx_word' id='word_1_227' title='bbox 987 3547 1109 3621; x_wconf 82' lang='lat' dir='ltr'>Crucis</span> <span class='ocrx_word' id='word_1_228' title='bbox 1136 3549 1180 3620; x_wconf 92' lang='lat' dir='ltr'>de</span> <span class='ocrx_word' id='word_1_229' title='bbox 1198 3549 1300 3640; x_wconf 83' lang='lat' dir='ltr'>agria,</span> <span class='ocrx_word' id='word_1_230' title='bbox 1319 3548 1363 3619; x_wconf 92' lang='lat' dir='ltr'>de</span> <span class='ocrx_word' id='word_1_231' title='bbox 1381 3548 1506 3638; x_wconf 89' lang='lat' dir='ltr'>quibus</span> <span class='ocrx_word' id='word_1_232' title='bbox 1525 3547 1774 3638; x_wconf 90' lang='lat' dir='ltr'>depositisunt</span> 
     </span>
     <span class='ocr_line' id='line_1_24' title="bbox 210 3662 1772 3762; baseline -0.002 -20"><span class='ocrx_word' id='word_1_233' title='bbox 210 3672 438 3760; x_wconf 79' lang='lat' dir='ltr'>amethones3</span> <span class='ocrx_word' id='word_1_234' title='bbox 474 3669 642 3742; x_wconf 85' lang='lat' dir='ltr'>hactenus</span> <span class='ocrx_word' id='word_1_235' title='bbox 678 3677 813 3742; x_wconf 86' lang='lat' dir='ltr'>tantum</span> <span class='ocrx_word' id='word_1_236' title='bbox 851 3676 932 3742; x_wconf 87' lang='lat' dir='ltr'>sunt</span> <span class='ocrx_word' id='word_1_237' title='bbox 967 3671 1016 3742; x_wconf 90' lang='lat' dir='ltr'>ibi</span> <span class='ocrx_word' id='word_1_238' title='bbox 1052 3672 1123 3744; x_wconf 86' lang='lat' dir='ltr'>tria</span> <span class='ocrx_word' id='word_1_239' title='bbox 1158 3662 1307 3762; x_wconf 82' lang='lat' dir='ltr'>praedia</span> <span class='ocrx_word' id='word_1_240' title='bbox 1338 3670 1578 3742; x_wconf 89' lang='lat' dir='ltr'>cmethonibus</span> <span class='ocrx_word' id='word_1_241' title='bbox 1604 3669 1772 3758; x_wconf 89' lang='lat' dir='ltr'>depositis</span> 
     </span>
     <span class='ocr_line' id='line_1_25' title="bbox 217 3785 1773 3888; baseline -0.001 -25"><span class='ocrx_word' id='word_1_242' title='bbox 217 3794 341 3882; x_wconf 81' lang='lat' dir='ltr'>locata,</span> <span class='ocrx_word' id='word_1_243' title='bbox 369 3813 459 3884; x_wconf 90' lang='lat' dir='ltr'>qnae</span> <span class='ocrx_word' id='word_1_244' title='bbox 487 3793 602 3864; x_wconf 90' lang='lat' dir='ltr'>omnia</span> <span class='ocrx_word' id='word_1_245' title='bbox 629 3793 803 3866; x_wconf 85' lang='lat' dir='ltr'>decimant</span> <span class='ocrx_word' id='word_1_246' title='bbox 829 3785 1055 3865; x_wconf 85' lang='lat' dir='ltr'>monasterio</span> <span class='ocrx_word' id='word_1_247' title='bbox 1070 3793 1254 3884; x_wconf 88' lang='lat' dir='ltr'>hospitalis</span> <span class='ocrx_word' id='word_1_248' title='bbox 1273 3791 1419 3871; x_wconf 86' lang='lat' dir='ltr'>Sanctae</span> <span class='ocrx_word' id='word_1_249' title='bbox 1437 3790 1681 3888; x_wconf 76' lang='lat' dir='ltr'>Crucisltem</span> <span class='ocrx_word' id='word_1_250' title='bbox 1700 3812 1773 3861; x_wconf 92' lang='lat' dir='ltr'>mo-</span> 
     </span>
     <span class='ocr_line' id='line_1_26' title="bbox 216 3896 871 3987; baseline 0.005 -2"><span class='ocrx_word' id='word_1_251' title='bbox 216 3915 392 3987; x_wconf 90' lang='lat' dir='ltr'>lendinum</span> <span class='ocrx_word' id='word_1_252' title='bbox 420 3915 488 3987; x_wconf 81' lang='lat' dir='ltr'>non</span> <span class='ocrx_word' id='word_1_253' title='bbox 515 3921 578 3987; x_wconf 90' lang='lat' dir='ltr'>est.</span> <span class='ocrx_word' id='word_1_254' title='bbox 869 3896 871 3900; x_wconf 28' lang='lat'><strong><em>¹</em></strong></span> 
     </span>
    </p>

    <p class='ocr_par' dir='ltr' id='par_1_7' title="bbox 215 4034 1858 4858">
     <span class='ocr_line' id='line_1_27' title="bbox 276 4034 1772 4128; baseline -0.002 -20"><span class='ocrx_word' id='word_1_255' title='bbox 276 4035 278 4038; x_wconf 77' lang='grc'><strong>’</strong></span> <span class='ocrx_word' id='word_1_256' title='bbox 322 4037 533 4127; x_wconf 79' lang='lat' dir='ltr'>Suannunr,</span> <span class='ocrx_word' id='word_1_257' title='bbox 562 4037 645 4109; x_wconf 84' lang='lat' dir='ltr'>villa</span> <span class='ocrx_word' id='word_1_258' title='bbox 672 4037 735 4108; x_wconf 88' lang='lat' dir='ltr'>sub</span> <span class='ocrx_word' id='word_1_259' title='bbox 764 4037 929 4128; x_wconf 87' lang='lat' dir='ltr'>parochia</span> <span class='ocrx_word' id='word_1_260' title='bbox 955 4036 1120 4108; x_wconf 86' lang='lat' dir='ltr'>ecclesiae</span> <span class='ocrx_word' id='word_1_261' title='bbox 1140 4035 1183 4108; x_wconf 90' lang='lat' dir='ltr'>de</span> <span class='ocrx_word' id='word_1_262' title='bbox 1201 4034 1338 4108; x_wconf 85' lang='lat' dir='ltr'>Gdow</span> <span class='ocrx_word' id='word_1_263' title='bbox 1365 4035 1442 4125; x_wconf 76' lang='lat' dir='ltr'>sita,</span> <span class='ocrx_word' id='word_1_264' title='bbox 1461 4035 1558 4107; x_wconf 89' lang='lat' dir='ltr'>cuius</span> <span class='ocrx_word' id='word_1_265' title='bbox 1575 4035 1772 4124; x_wconf 89' lang='lat' dir='ltr'>proprietas</span> 
     </span>
     <span class='ocr_line' id='line_1_28' title="bbox 216 4147 1771 4249; baseline -0.003 -19"><span class='ocrx_word' id='word_1_266' title='bbox 216 4166 252 4230; x_wconf 83' lang='lat' dir='ltr'>et</span> <span class='ocrx_word' id='word_1_267' title='bbox 278 4159 468 4230; x_wconf 90' lang='lat' dir='ltr'>dominium</span> <span class='ocrx_word' id='word_1_268' title='bbox 496 4159 540 4230; x_wconf 90' lang='lat' dir='ltr'>ad</span> <span class='ocrx_word' id='word_1_269' title='bbox 567 4147 776 4231; x_wconf 84' lang='lat' dir='ltr'>Stanislaum</span> <span class='ocrx_word' id='word_1_270' title='bbox 804 4157 1118 4249; x_wconf 86' lang='lat' dir='ltr'>Stadniczsky</span> <span class='ocrx_word' id='word_1_271' title='bbox 1146 4158 1189 4230; x_wconf 90' lang='lat' dir='ltr'>de</span> <span class='ocrx_word' id='word_1_272' title='bbox 1215 4158 1318 4229; x_wconf 91' lang='lat' dir='ltr'>doiuo</span> <span class='ocrx_word' id='word_1_273' title='bbox 1345 4156 1515 4228; x_wconf 86' lang='lat' dir='ltr'>Szarza</span> <span class='ocrx_word' id='word_1_274' title='bbox 1541 4156 1705 4246; x_wconf 86' lang='lat' dir='ltr'>partinet</span> <span class='ocrx_word' id='word_1_275' title='bbox 1730 4156 1771 4226; x_wconf 94' lang='lat' dir='ltr'>In</span> 
     </span>
     <span class='ocr_line' id='line_1_29' title="bbox 217 4265 1826 4386; baseline -0.004 -33"><span class='ocrx_word' id='word_1_276' title='bbox 217 4301 291 4385; x_wconf 86' lang='lat' dir='ltr'>qua</span> <span class='ocrx_word' id='word_1_277' title='bbox 311 4285 393 4352; x_wconf 85' lang='lat' dir='ltr'>sunt</span> <span class='ocrx_word' id='word_1_278' title='bbox 428 4301 497 4352; x_wconf 93' lang='lat' dir='ltr'>non</span> <span class='ocrx_word' id='word_1_279' title='bbox 523 4280 616 4351; x_wconf 89' lang='lat' dir='ltr'>lanei</span> <span class='ocrx_word' id='word_1_280' title='bbox 644 4265 895 4369; x_wconf 66' lang='lat' dir='ltr'>emethonal&#39;es„</span> <span class='ocrx_word' id='word_1_281' title='bbox 923 4279 984 4351; x_wconf 91' lang='lat' dir='ltr'>sed</span> <span class='ocrx_word' id='word_1_282' title='bbox 1011 4280 1126 4386; x_wconf 86' lang='lat' dir='ltr'>pecies</span> <span class='ocrx_word' id='word_1_283' title='bbox 1152 4300 1325 4371; x_wconf 83' lang='lat' dir='ltr'>agrorum.</span> <span class='ocrx_word' id='word_1_284' title='bbox 1364 4279 1452 4350; x_wconf 90' lang='lat' dir='ltr'>Item</span> <span class='ocrx_word' id='word_1_285' title='bbox 1478 4278 1515 4349; x_wconf 93' lang='lat' dir='ltr'>in</span> <span class='ocrx_word' id='word_1_286' title='bbox 1541 4277 1661 4349; x_wconf 88' lang='lat' dir='ltr'>eadem</span> <span class='ocrx_word' id='word_1_287' title='bbox 1689 4277 1773 4348; x_wconf 86' lang='lat' dir='ltr'>villa</span> <span class='ocrx_word' id='word_1_288' title='bbox 1823 4275 1826 4278; x_wconf 70' lang='grc'>’</span> 
     </span>
     <span class='ocr_line' id='line_1_30' title="bbox 216 4399 1772 4498; baseline -0.002 -24"><span class='ocrx_word' id='word_1_289' title='bbox 216 4409 296 4496; x_wconf 84' lang='lat' dir='ltr'>sunt</span> <span class='ocrx_word' id='word_1_290' title='bbox 324 4401 392 4474; x_wconf 94' lang='lat' dir='ltr'>duo</span> <span class='ocrx_word' id='word_1_291' title='bbox 420 4403 531 4492; x_wconf 91' lang='lat' dir='ltr'>campi</span> <span class='ocrx_word' id='word_1_292' title='bbox 557 4401 642 4473; x_wconf 83' lang='lat' dir='ltr'>dieti</span> <span class='ocrx_word' id='word_1_293' title='bbox 668 4423 769 4498; x_wconf 73' lang='lat' dir='ltr'>apzoy</span> <span class='ocrx_word' id='word_1_294' title='bbox 795 4401 997 4492; x_wconf 89' lang='lat' dir='ltr'>praediales,</span> <span class='ocrx_word' id='word_1_295' title='bbox 1024 4402 1067 4474; x_wconf 88' lang='lat' dir='ltr'>de</span> <span class='ocrx_word' id='word_1_296' title='bbox 1087 4402 1212 4493; x_wconf 87' lang='lat' dir='ltr'>quibus</span> <span class='ocrx_word' id='word_1_297' title='bbox 1230 4401 1378 4473; x_wconf 88' lang='lat' dir='ltr'>solvitur</span> <span class='ocrx_word' id='word_1_298' title='bbox 1395 4401 1529 4472; x_wconf 88' lang='lat' dir='ltr'>decima</span> <span class='ocrx_word' id='word_1_299' title='bbox 1545 4399 1772 4490; x_wconf 89' lang='lat' dir='ltr'>manipularis</span> 
     </span>
     <span class='ocr_line' id='line_1_31' title="bbox 218 4521 1773 4614; baseline -0.001 -20"><span class='ocrx_word' id='word_1_300' title='bbox 218 4524 430 4595; x_wconf 87' lang='lat' dir='ltr'>monasterio</span> <span class='ocrx_word' id='word_1_301' title='bbox 466 4523 650 4614; x_wconf 85' lang='lat' dir='ltr'>hospitalis</span> <span class='ocrx_word' id='word_1_302' title='bbox 686 4525 833 4596; x_wconf 88' lang='lat' dir='ltr'>Sanctae</span> <span class='ocrx_word' id='word_1_303' title='bbox 850 4522 1001 4613; x_wconf 66' lang='lat' dir='ltr'>⁸Crucis3</span> <span class='ocrx_word' id='word_1_304' title='bbox 1038 4524 1137 4602; x_wconf 88' lang='lat' dir='ltr'>valor</span> <span class='ocrx_word' id='word_1_305' title='bbox 1164 4525 1239 4596; x_wconf 89' lang='lat' dir='ltr'>eius</span> <span class='ocrx_word' id='word_1_306' title='bbox 1266 4523 1310 4595; x_wconf 91' lang='lat' dir='ltr'>ad</span> <span class='ocrx_word' id='word_1_307' title='bbox 1336 4529 1488 4614; x_wconf 81' lang='lat' dir='ltr'>¹quatuor</span> <span class='ocrx_word' id='word_1_308' title='bbox 1514 4543 1658 4593; x_wconf 89' lang='lat' dir='ltr'>marcas.</span> <span class='ocrx_word' id='word_1_309' title='bbox 1684 4521 1773 4593; x_wconf 91' lang='lat' dir='ltr'>Item</span> 
     </span>
     <span class='ocr_line' id='line_1_32' title="bbox 215 4631 1858 4744; baseline -0.002 -27"><span class='ocrx_word' id='word_1_310' title='bbox 215 4653 267 4717; x_wconf 87' lang='lat' dir='ltr'>est</span> <span class='ocrx_word' id='word_1_311' title='bbox 301 4646 354 4716; x_wconf 90' lang='lat' dir='ltr'>ibi</span> <span class='ocrx_word' id='word_1_312' title='bbox 387 4631 570 4736; x_wconf 91' lang='lat' dir='ltr'>praedium</span> <span class='ocrx_word' id='word_1_313' title='bbox 606 4645 778 4736; x_wconf 88' lang='lat' dir='ltr'>militare,</span> <span class='ocrx_word' id='word_1_314' title='bbox 805 4645 848 4717; x_wconf 93' lang='lat' dir='ltr'>de</span> <span class='ocrx_word' id='word_1_315' title='bbox 885 4646 981 4720; x_wconf 90' lang='lat' dir='ltr'>cuius</span> <span class='ocrx_word' id='word_1_316' title='bbox 1008 4646 1102 4738; x_wconf 82' lang='lat' dir='ltr'>agris</span> <span class='ocrx_word' id='word_1_317' title='bbox 1132 4646 1285 4737; x_wconf 88' lang='lat' dir='ltr'>antiquis</span> <span class='ocrx_word' id='word_1_318' title='bbox 1314 4645 1552 4736; x_wconf 86' lang='lat' dir='ltr'>praedialibns</span> <span class='ocrx_word' id='word_1_319' title='bbox 1579 4643 1772 4716; x_wconf 89' lang='lat' dir='ltr'>decimatur</span> <span class='ocrx_word' id='word_1_320' title='bbox 1854 4739 1858 4744; x_wconf 14' lang='grc' dir='ltr'>ι</span> 
     </span>
     <span class='ocr_line' id='line_1_33' title="bbox 217 4765 1365 4858; baseline 0.001 -21"><span class='ocrx_word' id='word_1_321' title='bbox 217 4789 278 4858; x_wconf 93' lang='lat' dir='ltr'>pro</span> <span class='ocrx_word' id='word_1_322' title='bbox 306 4768 454 4839; x_wconf 88' lang='lat' dir='ltr'>ecclesia</span> <span class='ocrx_word' id='word_1_323' title='bbox 479 4767 516 4838; x_wconf 94' lang='lat' dir='ltr'>in</span> <span class='ocrx_word' id='word_1_324' title='bbox 544 4765 688 4858; x_wconf 86' lang='lat' dir='ltr'>Gdow,</span> <span class='ocrx_word' id='word_1_325' title='bbox 715 4773 751 4840; x_wconf 92' lang='lat' dir='ltr'>et</span> <span class='ocrx_word' id='word_1_326' title='bbox 777 4767 875 4840; x_wconf 84' lang='lat' dir='ltr'>valor</span> <span class='ocrx_word' id='word_1_327' title='bbox 901 4769 975 4840; x_wconf 91' lang='lat' dir='ltr'>eius</span> <span class='ocrx_word' id='word_1_328' title='bbox 1002 4769 1047 4840; x_wconf 88' lang='lat' dir='ltr'>ad</span> <span class='ocrx_word' id='word_1_329' title='bbox 1074 4766 1179 4840; x_wconf 90' lang='lat' dir='ltr'>unam</span> <span class='ocrx_word' id='word_1_330' title='bbox 1205 4788 1365 4840; x_wconf 85' lang='lat' dir='ltr'>marcam.</span> 
     </span>
    </p>

    <p class='ocr_par' dir='ltr' id='par_1_8' title="bbox 216 4869 1772 5114">
     <span class='ocr_line' id='line_1_34' title="bbox 320 4869 1772 4980; baseline 0 -22"><span class='ocrx_word' id='word_1_331' title='bbox 320 4889 506 4979; x_wconf 71' lang='lat' dir='ltr'>wunsam,</span> <span class='ocrx_word' id='word_1_332' title='bbox 533 4889 616 4960; x_wconf 87' lang='lat' dir='ltr'>villa</span> <span class='ocrx_word' id='word_1_333' title='bbox 643 4889 707 4962; x_wconf 90' lang='lat' dir='ltr'>sub</span> <span class='ocrx_word' id='word_1_334' title='bbox 734 4889 900 4979; x_wconf 91' lang='lat' dir='ltr'>parochia</span> <span class='ocrx_word' id='word_1_335' title='bbox 927 4869 1093 4962; x_wconf 88' lang='lat' dir='ltr'>ecclesiae</span> <span class='ocrx_word' id='word_1_336' title='bbox 1120 4890 1164 4961; x_wconf 93' lang='lat' dir='ltr'>de</span> <span class='ocrx_word' id='word_1_337' title='bbox 1191 4888 1327 4961; x_wconf 86' lang='lat' dir='ltr'>Gdow</span> <span class='ocrx_word' id='word_1_338' title='bbox 1354 4890 1431 4980; x_wconf 68' lang='lat' dir='ltr'>sita,</span> <span class='ocrx_word' id='word_1_339' title='bbox 1458 4890 1556 4961; x_wconf 90' lang='lat' dir='ltr'>cuius</span> <span class='ocrx_word' id='word_1_340' title='bbox 1574 4889 1772 4979; x_wconf 81' lang='lat' dir='ltr'>proprietas</span> 
     </span>
     <span class='ocr_line' id='line_1_35' title="bbox 216 5008 1771 5114; baseline -0.001 -33"><span class='ocrx_word' id='word_1_341' title='bbox 216 5010 251 5081; x_wconf 84' lang='lat' dir='ltr'>et</span> <span class='ocrx_word' id='word_1_342' title='bbox 276 5010 465 5088; x_wconf 85' lang='lat' dir='ltr'>dominium</span> <span class='ocrx_word' id='word_1_343' title='bbox 493 5009 539 5082; x_wconf 86' lang='lat' dir='ltr'>ad</span> <span class='ocrx_word' id='word_1_344' title='bbox 566 5009 778 5082; x_wconf 89' lang='lat' dir='ltr'>Stanislaum</span> <span class='ocrx_word' id='word_1_345' title='bbox 805 5017 841 5114; x_wconf 87' lang='lat' dir='ltr'>et</span> <span class='ocrx_word' id='word_1_346' title='bbox 864 5009 1060 5083; x_wconf 89' lang='lat' dir='ltr'>Johanuem</span> <span class='ocrx_word' id='word_1_347' title='bbox 1078 5011 1459 5084; x_wconf 85' lang='lat' dir='ltr'>Marsalkowiczi</span> <span class='ocrx_word' id='word_1_348' title='bbox 1486 5010 1529 5082; x_wconf 87' lang='lat' dir='ltr'>de</span> <span class='ocrx_word' id='word_1_349' title='bbox 1547 5011 1654 5082; x_wconf 91' lang='lat' dir='ltr'>armis</span> <span class='ocrx_word' id='word_1_350' title='bbox 1672 5008 1771 5080; x_wconf 89' lang='lat' dir='ltr'>Plo-</span> 
     </span>
    </p>

    <p class='ocr_par' dir='ltr' id='par_1_9' title="bbox 76 5130 1809 5464">
     <span class='ocr_line' id='line_1_36' title="bbox 76 5130 1771 5224; baseline -0.003 -18"><span class='ocrx_word' id='word_1_351' title='bbox 76 5203 77 5206; x_wconf 63' lang='lat'>,</span> <span class='ocrx_word' id='word_1_352' title='bbox 215 5152 405 5222; x_wconf 86' lang='lat' dir='ltr'>myenye</span> <span class='ocrx_word' id='word_1_353' title='bbox 430 5131 592 5221; x_wconf 81' lang='lat' dir='ltr'>pertinet.</span> <span class='ocrx_word' id='word_1_354' title='bbox 627 5133 668 5204; x_wconf 94' lang='lat' dir='ltr'>ln</span> <span class='ocrx_word' id='word_1_355' title='bbox 696 5153 765 5224; x_wconf 91' lang='lat' dir='ltr'>qua</span> <span class='ocrx_word' id='word_1_356' title='bbox 791 5138 874 5206; x_wconf 90' lang='lat' dir='ltr'>sunt</span> <span class='ocrx_word' id='word_1_357' title='bbox 899 5133 992 5205; x_wconf 91' lang='lat' dir='ltr'>lanei</span> <span class='ocrx_word' id='word_1_358' title='bbox 1020 5130 1273 5224; x_wconf 83' lang='lat' dir='ltr'>emethonales‚</span> <span class='ocrx_word' id='word_1_359' title='bbox 1300 5139 1337 5204; x_wconf 90' lang='lat' dir='ltr'>et</span> <span class='ocrx_word' id='word_1_360' title='bbox 1363 5133 1407 5204; x_wconf 92' lang='lat' dir='ltr'>de</span> <span class='ocrx_word' id='word_1_361' title='bbox 1434 5133 1594 5205; x_wconf 92' lang='lat' dir='ltr'>omnibus</span> <span class='ocrx_word' id='word_1_362' title='bbox 1622 5131 1771 5203; x_wconf 82' lang='lat' dir='ltr'>solvitur</span> 
     </span>
     <span class='ocr_line' id='line_1_37' title="bbox 216 5252 1772 5345; baseline -0.001 -21"><span class='ocrx_word' id='word_1_363' title='bbox 216 5259 251 5325; x_wconf 87' lang='lat' dir='ltr'>et</span> <span class='ocrx_word' id='word_1_364' title='bbox 276 5252 484 5326; x_wconf 86' lang='lat' dir='ltr'>conducitur</span> <span class='ocrx_word' id='word_1_365' title='bbox 510 5253 649 5325; x_wconf 88' lang='lat' dir='ltr'>nonnisi</span> <span class='ocrx_word' id='word_1_366' title='bbox 676 5274 767 5326; x_wconf 92' lang='lat' dir='ltr'>anno</span> <span class='ocrx_word' id='word_1_367' title='bbox 794 5255 899 5326; x_wconf 89' lang='lat' dir='ltr'>tertio</span> <span class='ocrx_word' id='word_1_368' title='bbox 927 5255 1060 5327; x_wconf 89' lang='lat' dir='ltr'>decima</span> <span class='ocrx_word' id='word_1_369' title='bbox 1088 5256 1314 5345; x_wconf 89' lang='lat' dir='ltr'>manipularis</span> <span class='ocrx_word' id='word_1_370' title='bbox 1340 5261 1377 5326; x_wconf 91' lang='lat' dir='ltr'>et</span> <span class='ocrx_word' id='word_1_371' title='bbox 1402 5253 1588 5343; x_wconf 73' lang='lat' dir='ltr'>campalis,</span> <span class='ocrx_word' id='word_1_372' title='bbox 1615 5273 1679 5343; x_wconf 91' lang='lat' dir='ltr'>pro</span> <span class='ocrx_word' id='word_1_373' title='bbox 1697 5274 1772 5324; x_wconf 92' lang='lat' dir='ltr'>mo·</span> 
     </span>
     <span class='ocr_line' id='line_1_38' title="bbox 216 5374 1809 5464; baseline 0.002 -19"><span class='ocrx_word' id='word_1_374' title='bbox 216 5375 370 5446; x_wconf 87' lang='lat' dir='ltr'>nasterio</span> <span class='ocrx_word' id='word_1_375' title='bbox 406 5374 606 5464; x_wconf 88' lang='lat' dir='ltr'>hospitalis,</span> <span class='ocrx_word' id='word_1_376' title='bbox 633 5381 669 5447; x_wconf 89' lang='lat' dir='ltr'>et</span> <span class='ocrx_word' id='word_1_377' title='bbox 705 5376 805 5447; x_wconf 88' lang='lat' dir='ltr'>valor</span> <span class='ocrx_word' id='word_1_378' title='bbox 826 5377 914 5447; x_wconf 88' lang='lat' dir='ltr'>eins</span> <span class='ocrx_word' id='word_1_379' title='bbox 941 5379 1146 5448; x_wconf 88' lang='lat' dir='ltr'>aestimatur</span> <span class='ocrx_word' id='word_1_380' title='bbox 1172 5376 1216 5447; x_wconf 87' lang='lat' dir='ltr'>ad</span> <span class='ocrx_word' id='word_1_381' title='bbox 1243 5376 1390 5454; x_wconf 88' lang='lat' dir='ltr'>mediam</span> <span class='ocrx_word' id='word_1_382' title='bbox 1416 5396 1586 5446; x_wconf 86' lang='lat' dir='ltr'>marcam·</span> <span class='ocrx_word' id='word_1_383' title='bbox 1605 5374 1709 5445; x_wconf 86' lang='lat' dir='ltr'>¹Item</span> <span class='ocrx_word' id='word_1_384' title='bbox 1735 5374 1776 5455; x_wconf 85' lang='lat' dir='ltr'>in</span> <span class='ocrx_word' id='word_1_385' title='bbox 1806 5445 1809 5448; x_wconf 78' lang='grc'>,</span> 
     </span>
    </p>

    <p class='ocr_par' dir='ltr' id='par_1_10' title="bbox 76 5481 1771 5600">
     <span class='ocr_line' id='line_1_39' title="bbox 76 5481 1771 5600; baseline -0.001 -34"><span class='ocrx_word' id='word_1_386' title='bbox 76 5505 77 5596; x_wconf 63' lang='lat' dir='ltr'>J</span> <span class='ocrx_word' id='word_1_387' title='bbox 217 5495 335 5568; x_wconf 90' lang='lat' dir='ltr'>eadem</span> <span class='ocrx_word' id='word_1_388' title='bbox 362 5495 448 5566; x_wconf 78' lang='lat' dir='ltr'>silla</span> <span class='ocrx_word' id='word_1_389' title='bbox 473 5501 555 5568; x_wconf 88' lang='lat' dir='ltr'>sunt</span> <span class='ocrx_word' id='word_1_390' title='bbox 580 5502 654 5568; x_wconf 82' lang='lat' dir='ltr'>tres</span> <span class='ocrx_word' id='word_1_391' title='bbox 674 5498 786 5600; x_wconf 82' lang='lat' dir='ltr'>campi</span> <span class='ocrx_word' id='word_1_392' title='bbox 813 5497 898 5569; x_wconf 89' lang='lat' dir='ltr'>alias</span> <span class='ocrx_word' id='word_1_393' title='bbox 925 5520 1034 5592; x_wconf 60' lang='lat' dir='ltr'>marry,</span> <span class='ocrx_word' id='word_1_394' title='bbox 1048 5481 1138 5568; x_wconf 61' lang='lat' dir='ltr'>‘dicti</span> <span class='ocrx_word' id='word_1_395' title='bbox 1155 5497 1383 5568; x_wconf 87' lang='lat' dir='ltr'>Kaczkow</span> <span class='ocrx_word' id='word_1_396' title='bbox 1409 5495 1615 5585; x_wconf 87' lang='lat' dir='ltr'>praediales,</span> <span class='ocrx_word' id='word_1_397' title='bbox 1633 5495 1677 5566; x_wconf 92' lang='lat' dir='ltr'>de</span> <span class='ocrx_word' id='word_1_398' title='bbox 1695 5495 1771 5585; x_wconf 88' lang='lat' dir='ltr'>qui-</span> 
     </span>
    </p>

    <p class='ocr_par' dir='ltr' id='par_1_11' title="bbox 76 5603 1771 5718">
     <span class='ocr_line' id='line_1_40' title="bbox 76 5603 1771 5718; baseline -0.002 -29"><span class='ocrx_word' id='word_1_399' title='bbox 76 5659 77 5666; x_wconf 44' lang='lat'>1</span> <span class='ocrx_word' id='word_1_400' title='bbox 216 5617 278 5690; x_wconf 89' lang='lat' dir='ltr'>bus</span> <span class='ocrx_word' id='word_1_401' title='bbox 316 5617 466 5718; x_wconf 79' lang='lat' dir='ltr'>solvitur</span> <span class='ocrx_word' id='word_1_402' title='bbox 500 5603 634 5690; x_wconf 88' lang='lat' dir='ltr'>decima</span> <span class='ocrx_word' id='word_1_403' title='bbox 670 5619 896 5710; x_wconf 90' lang='lat' dir='ltr'>manipularis</span> <span class='ocrx_word' id='word_1_404' title='bbox 921 5619 1141 5690; x_wconf 66' lang='lat' dir='ltr'>&#39;monasterio</span> <span class='ocrx_word' id='word_1_405' title='bbox 1176 5618 1361 5709; x_wconf 90' lang='lat' dir='ltr'>hospitalis</span> <span class='ocrx_word' id='word_1_406' title='bbox 1397 5618 1544 5688; x_wconf 87' lang='lat' dir='ltr'>Sanctae</span> <span class='ocrx_word' id='word_1_407' title='bbox 1578 5617 1700 5689; x_wconf 82' lang='lat' dir='ltr'>Crucis</span> <span class='ocrx_word' id='word_1_408' title='bbox 1735 5617 1771 5688; x_wconf 92' lang='lat' dir='ltr'>in</span> 
     </span>
    </p>

    <p class='ocr_par' dir='ltr' id='par_1_12' title="bbox 76 5720 1509 5832">
     <span class='ocr_line' id='line_1_41' title="bbox 76 5720 1509 5832; baseline -0.001 -22"><span class='ocrx_word' id='word_1_409' title='bbox 76 5759 77 5762; x_wconf 68' lang='grc'>’</span> <span class='ocrx_word' id='word_1_410' title='bbox 218 5735 452 5812; x_wconf 81' lang='lat' dir='ltr'>Gracovia.</span> <span class='ocrx_word' id='word_1_411' title='bbox 479 5720 580 5811; x_wconf 38' lang='lat' dir='ltr'>Item*</span> <span class='ocrx_word' id='word_1_412' title='bbox 594 5741 742 5812; x_wconf 87' lang='lat' dir='ltr'>taberna</span> <span class='ocrx_word' id='word_1_413' title='bbox 768 5762 838 5812; x_wconf 91' lang='lat' dir='ltr'>uua</span> <span class='ocrx_word' id='word_1_414' title='bbox 865 5741 998 5812; x_wconf 89' lang='lat' dir='ltr'>habens</span> <span class='ocrx_word' id='word_1_415' title='bbox 1026 5761 1139 5832; x_wconf 86' lang='lat' dir='ltr'>agros.</span> <span class='ocrx_word' id='word_1_416' title='bbox 1166 5740 1255 5812; x_wconf 84' lang='lat' dir='ltr'>Item</span> <span class='ocrx_word' id='word_1_417' title='bbox 1281 5739 1509 5812; x_wconf 88' lang='lat' dir='ltr'>hortulaniae.</span> 
     </span>
    </p>
   </div>
   <div class='ocr_carea' id='block_1_3' title="bbox 0 0 2250 6592">
    <p class='ocr_par' dir='ltr' id='par_1_13' title="bbox 0 0 2250 6592">
     <span class='ocr_line' id='line_1_42' title="bbox 0 0 2250 6592; baseline 0 0"><span class='ocrx_word' id='word_1_418' title='bbox 0 0 2250 6592; x_wconf 95' lang='lat' dir='ltr'> </span> 
     </span>
    </p>
   </div>
  </div>
 </body>
</html>
