4492 6592
461 759 507 829 16

457 963 642 1052 hortulani,
668 963 752 1033 item
778 962 1009 1034 molendinum
1036 961 1168 1034 habens
1194 983 1308 1052 agros,
1339 961 1447 1032 soluit
1476 961 1593 1034 decem
1624 983 1768 1034 marcas.
1803 963 1891 1034 Item
1922 983 2008 1034 nau·

456 1085 527 1155 lum
554 1084 590 1155 iu
616 1083 755 1154 flumme
782 1081 910 1172 Nida,
938 1083 1029 1172 quod
1057 1082 1163 1154 solvit
1188 1088 1339 1172 quatuor
1365 1093 1510 1172 marcas,
1536 1089 1574 1153 et
1597 1083 1706 1155 hahet
1731 1084 1767 1155 in
1794 1083 1935 1156 flumine
1953 1084 2009 1156 ius

456 1202 619 1294 piscandi.
646 1204 735 1274 Item
762 1202 951 1292 praedium,
978 1203 1021 1275 de
1049 1203 1148 1275 onius
1175 1203 1269 1293 angs
1296 1203 1445 1275 solvitur
1471 1203 1606 1274 decima
1630 1204 1797 1275 eeclesiae
1822 1205 1858 1275 in
1885 1203 2006 1275 Wro-

456 1345 677 1415 czyrzysz
703 1323 904 1414 parochiali.
931 1324 1018 1395 Item
1046 1344 1166 1396 omnes
1192 1324 1267 1414 agri
1294 1323 1398 1395 villae
1416 1323 1556 1402 solvimt
1572 1329 1609 1394 et
1625 1323 1824 1396 conducunt
1840 1325 2008 1396 decimam

455 1445 705 1536 manipularem
732 1450 769 1516 et
795 1445 994 1536 canapnlem
1021 1466 1085 1535 pro
1113 1445 1258 1515 ecclesIa
1284 1450 1322 1515 et
1348 1445 1496 1534 plebano
1522 1445 1559 1514 in
1585 1443 1949 1537 Wroczyrzisch
1972 1451 2009 1516 et

455 1565 554 1638 valor
581 1567 655 1638 eius
683 1567 889 1638 aestimatur
924 1566 969 1637 ad
996 1565 1191 1657 quindecIm
1217 1585 1363 1651 marcas.
1398 1565 1558 1636 Gonfinat
1584 1585 1661 1638 cum
1687 1557 1915 1655 Yedleza,
1933 1565 2008 1636 Pa-

454 1685 696 1776 wlowicze,
720 1692 869 1778 utraque
896 1687 1130 1778 Zagayow‚
1149 1685 1617 1778 Sandziwoyowycze‚
1637 1686 1769 1758 Thur.
1795 1687 1926 1778 Empta
1942 1708 2007 1777 pro

434 1807 664 1879 monasterio
701 1808 745 1880 ab
781 1809 943 1898 episcopo
979 1807 1195 1878 Lubuczensi
1229 1807 1409 1896 Iohanne,
1435 1827 1499 1896 per
1534 1806 1744 1878 Stanislaum
1770 1809 2007 1899 praepositum

457 1927 770 2021 Myechoriensem,
796 1949 860 2019 pro
887 1929 1060 2012 sexcentis
1087 1929 1214 2000 marcis
1240 1928 1390 2001 latorum
1416 1947 1628 2018 grossorum.

561 2048 892 2140 Mronanowrezn,
919 2050 1004 2122 villa
1030 2050 1094 2120 sub
1121 2049 1288 2139 parochIa
1305 2048 1349 2120 de
1367 2047 1789 2140 Wyanczslawicze
1816 2042 1893 2138 sita,
1911 2048 2009 2120 cuius

455 2170 651 2260 proprietas
678 2170 722 2242 ad
749 2172 997 2243 monasterium
1024 2170 1294 2260 Myechoviense
1321 2169 1482 2260 pertinet.
1508 2170 1549 2240 In
1577 2157 1646 2260 qua
1671 2174 1754 2241 sunt
1779 2169 1905 2260 viginti
1922 2189 2007 2260 qua-

455 2295 537 2361 tuor
573 2291 665 2362 lanei
701 2291 953 2382 cmethonales,
980 2297 1016 2362 et
1042 2291 1189 2382 quilibet
1213 2290 1332 2362 »solvit
1357 2288 1619 2380 quatuordecIm
1645 2294 1777 2363 scottos
1803 2309 1868 2381 pro
1894 2309 2008 2379 censu,

455 2411 538 2492 item
575 2431 641 2483 ova
674 2412 839 2502 triginta,
874 2413 959 2484 item
994 2413 1107 2503 gallos
1142 2415 1312 2501 quatuor,
1338 2411 1423 2483 Item
1449 2431 1568 2483 caseos
1595 2409 1702 2500 duos3
1735 2411 1820 2482 item
1846 2411 2011 2483 laborant

454 2525 660 2626 increpacio,
684 2532 767 2603 item
787 2531 972 2627 pometum
989 2538 1173 2622 utramque
1190 2532 1361 2622 laborant,
1379 2551 1444 2622 pro
1462 2551 1546 2602 vere
1563 2536 1601 2602 et
1617 2532 1750 2623 hyeme,
1768 2532 1853 2603 item
1870 2553 2008 2629 oeszycp

453 2649 612 2740 solvunt3
640 2651 723 2724 item
749 2654 917 2726 tabernae
944 2653 1032 2726 duae
1058 2653 1228 2726 habentes
1254 2673 1358 2744 agros
1384 2658 1421 2725 et
1437 2658 1548 2744 prata,
1575 2673 1645 2725 una
1663 2653 1769 2726 soluit
1786 2674 1847 2725 sex
1864 2673 2008 2744 marcas,

453 2771 564 2844 altera
588 2777 671 2866 octo·
696 2793 839 2846 marcas.
866 2775 955 2845 Item
982 2775 1200 2846 hortulaniae
1226 2780 1369 2865 septem,
1397 2775 1574 2864 quaelibet
1599 2775 1705 2848 solvit
1731 2793 1792 2846 sex
1811 2779 1952 2863 scottos,
1971 2779 2007 2846 et

454 2893 593 2966 laborat
627 2915 733 2966 unum
768 2894 859 2966 diem
900 2896 936 2966 in
972 2897 1173 2986 septImaua.
1210 2897 1298 2968 Item
1333 2896 1531 2968 molendina
1565 2895 1634 2968 duo
1670 2897 1706 2967 in
1739 2896 1879 2967 flumine
1904 2895 2007 2966 Dlu·

453 3017 582 3108 hnya,
610 3037 699 3108 quae
726 3017 865 3088 solvunt
890 3037 954 3107 pro
981 3039 1096 3108 censu,
1117 3018 1268 3109 quinque
1293 3037 1430 3089 marcas
1447 3039 1563 3108 unum
1582 3017 1677 3089 aliud
1695 3023 1846 3108 quatuor
1863 3037 2007 3089 marcas.

452 3136 541 3210 Item
567 3137 749 3228 praedium
776 3138 983 3228 coenobiale,
1011 3138 1104 3229 quod
1130 3139 1217 3210 nulli
1243 3139 1348 3211 soluit
1373 3139 1550 3228 decimam,
1577 3139 1639 3211 sed
1665 3160 1740 3210 eam
1767 3159 1888 3229 prose
1904 3137 2008 3228 tollit,

457 3265 615 3350 coempta
641 3259 801 3331 scoltetia
836 3259 1041 3331 ordinatum.
1080 3260 1168 3332 Item
1203 3281 1323 3332 omnes
1349 3261 1425 3351 agri
1451 3259 1555 3332 villae
1582 3261 1723 3332 solvunt
1748 3267 1786 3332 et
1811 3259 2007 3332 conducunt

453 3379 619 3451 decimam
646 3380 895 3470 manipularem
923 3385 959 3451 et
984 3381 1194 3472 canapalem,
1221 3401 1287 3471 pro
1313 3381 1513 3472 praebenda
1538 3380 1769 3471 cracoviensi,
1796 3401 1885 3472 quae
1901 3399 2004 3452 roca-

454 3505 514 3599 tur
540 3499 780 3591 Ozechowsha,
808 3507 844 3572 et
870 3501 969 3573 valor
995 3503 1068 3574 eius
1096 3503 1301 3574 aestimatur
1332 3502 1377 3574 ad
1403 3500 1639 3593 qnadraginta
1664 3523 1808 3575 marcas.
1848 3501 2009 3574 manuae

454 3641 530 3693 cum
557 3617 971 3715 Maszlomchza'...
1607 3679 1610 3684 .

560 3798 693 3835 ......
720 3743 804 3816 villa
831 3750 911 3816 ante
948 3743 1133 3835 Rudam,
1160 3744 1287 3817 donata
1313 3745 1525 3816 monasterio
1560 3760 1624 3836 per
1650 3745 1868 3817 Tutorem
1895 3734 2009 3816 Theu-

452 3867 613 3956 touicum,
641 3866 841 3950 alienatae
866 3865 1077 3938 monasterio
1097 3920 1104 3935 .
1123 3919 1158 3934 ..

555 3987 740 4078 Uuruow,
767 3987 850 4059 villa
885 3988 1016 4060 habens
1054 3987 1089 4057 in
1117 4007 1154 4058 se
1180 3986 1360 4081 ecclesiam
1387 3982 1629 4077 parochialem,
1649 3962 1775 4059 Sancto
1794 3987 1893 4059 victo
1910 3965 2007 4060 dica·

454 4113 536 4198 tam,
564 4107 679 4199 lapide
707 4109 785 4181 albo
811 4109 1025 4198 fabricatam,
1053 4108 1153 4179 cuins
1179 4109 1377 4198 proprietas
1395 4107 1440 4179 ad
1467 4109 1715 4180 monasterinm
1733 4108 2002 4200 Mpechoriense
2069 4151 2075 4159 -

453 4230 614 4334 pertinet.
641 4231 681 4300 ln
710 4251 778 4320 qua
805 4237 887 4302 sunt
913 4230 1004 4300 lanei
1031 4229 1276 4318 emethonales,
1304 4234 1340 4299 et
1366 4229 1512 4318 quilibet
1538 4230 1644 4301 solet
1669 4249 1733 4320 per
1758 4236 1837 4302 octo
1865 4233 2006 4319 scottos,

451 4351 535 4422 item
563 4371 630 4422 ova
656 4351 811 4440 triginta,
840 4351 923 4421 Item
949 4349 1059 4440 gallos
1088 4355 1247 4439 quatuor,
1273 4350 1357 4420 item
1383 4369 1504 4421 casem
1531 4350 1626 4422 duos.
1652 4351 1743 4422 Item
1768 4351 1907 4422 laborat
1931 4351 2008 4441 qui-

453 4471 541 4542 libet
577 4493 682 4542 unum
717 4470 806 4545 dlem
844 4471 879 4542 in
916 4470 1108 4561 septimana
1142 4471 1285 4561 proprio
1321 4491 1426 4543 curru
1458 4477 1520 4543 aut
1546 4477 1673 4544 aratro.
1713 4473 1803 4544 Item
1821 4462 2008 4568 pomulam

370 4621 379 4648 ι
456 4597 640 4682 utramque
667 4591 839 4684 laborant,
866 4613 930 4683 pro
957 4613 1040 4665 vere
1067 4597 1103 4664 et
1128 4592 1260 4683 hyeme.
1286 4593 1375 4664 Item
1401 4613 1539 4688 oaszyqi
1565 4594 1671 4665 solvit
1688 4594 1834 4684 quilibet
1851 4614 1915 4684 pro
1934 4615 2007 4666 mo·

454 4713 617 4784 hastario.
643 4712 731 4784 Item
758 4714 906 4786 taberna
931 4735 1000 4786 una
1026 4715 1158 4786 habens
1185 4735 1298 4805 agros,
1326 4720 1363 4785 et
1389 4715 1495 4786 solvit
1518 4734 1581 4805 pro
1608 4735 1713 4787 censu
1728 4766 1896 4785 .......
1913 4716 2003 4787 Item

452 4833 671 4906 hortulaniae
698 4835 867 4926 quinque,
894 4840 929 4906 et
956 4835 1131 4926 quaelibet
1157 4835 1261 4907 solvit
1287 4855 1394 4906 annm
1419 4835 1590 4908 fertonem
1617 4837 1838 4926 monasterio,
1856 4841 1893 4908 et
1910 4837 2007 4908 labo·

450 4961 508 5028 rat
543 4977 649 5028 unum
686 4955 777 5028 diem
812 4957 848 5027 in
885 4957 1085 5048 septimana.
1125 4958 1213 5030 Item
1240 4957 1473 5029 molendinum
1509 4978 1578 5030 non
1605 4963 1677 5048 est,
1704 4959 1766 5031 sed
1792 4959 1925 5048 piscina
1950 4963 2006 5029 est

449 5079 654 5152 monasterii
690 5078 791 5152 bona.
830 5080 917 5152 Item
953 5079 1133 5170 praedium
1159 5078 1360 5151 coenobiale
1386 5084 1441 5150 est
1467 5079 1517 5150 ibi
1542 5080 1689 5169 bouum,
1716 5079 1760 5151 de
1781 5080 1886 5151 cuius
1912 5079 2007 5169 agris

453 5201 701 5274 monasterium
739 5199 1007 5294 Myechoviense
1034 5201 1128 5274 tollit
1153 5202 1330 5273 decimam.
1374 5201 1463 5272 Item
1490 5221 1610 5273 omnes
1636 5201 1713 5292 agri
1739 5200 1844 5273 villae
1870 5201 2010 5273 solrrmt

453 5327 489 5393 et
517 5321 714 5396 conducunt
740 5321 906 5396 deotmam
933 5323 1183 5414 manipularem
1211 5327 1247 5394 et
1272 5322 1488 5413 canapalem,
1515 5343 1579 5413 pro
1606 5324 1817 5395 monasterio
1843 5323 2009 5414 Myecho·

450 5444 571 5535 riensi,
599 5451 635 5516 et
662 5445 760 5517 valor
785 5447 860 5518 eius
888 5445 1093 5518 aestimatur
1121 5446 1165 5518 ad
1193 5445 1343 5517 sedecim
1370 5452 1514 5516 marcas.
1541 5443 1702 5516 Continet
1723 5465 1800 5516 cum
1817 5443 1858 5515 M
1866 5442 2010 5515 arcai-

450 5565 663 5654 nowicze,
689 5565 982 5657 Pogwisdow,
1009 5565 1337 5658 Gharsznicza,
1364 5566 1663 5658 Swoycziaui.

552 5684 736 5779 cronon,
773 5689 856 5761 villa
890 5689 1023 5763 habens
1059 5690 1094 5760 in
1130 5711 1168 5763 se
1205 5690 1384 5763 ecclesiam
1420 5689 1654 5782 parochialem
1681 5687 1849 5781 ligneam,
1875 5685 2003 5760 Sancto
