4492 6592
491 919 566 988 340

489 1123 549 1194 alii
575 1121 663 1212 plus,
691 1123 750 1196 alii
777 1125 899 1198 udnus.
926 1127 1029 1198 Item.
1043 1127 1189 1218 quilibet
1216 1127 1351 1198 cmetlro
1379 1127 1470 1200 infra
1496 1149 1643 1208 messem
1671 1129 1821 1201 medium
1839 1129 1931 1200 mem
1944 1129 2041 1202 'labo

489 1248 545 1314 rat
571 1244 605 1315 in
634 1245 789 1334 qualibet
825 1248 1038 1338 septimana,
1065 1253 1166 1319 extra
1201 1269 1347 1320 messem
1375 1271 1458 1321 vero
1485 1271 1554 1322 non
1581 1251 1711 1322 iaciunt
1736 1251 1872 1342 aliquos
1899 1251 2043 1324 labores.

489 1363 576 1434 Item
604 1367 740 1438 ratIone
767 1389 905 1462 osszqep
932 1369 1037 1440 solvit
1063 1369 1210 1458 quilibet
1236 1391 1432 1442 mensuram
1460 1393 1564 1443 unam
1591 1372 1759 1462 siliginis,
1784 1378 1823 1444 ct
1847 1372 1937 1443 duas
1964 1393 2042 1445 aue

489 1505 554 1556 nae
582 1507 763 1590 mensurae
799 1488 994 1578 consertae,
1022 1494 1057 1560 et
1076 1495 1234 1579 quatuor
1267 1512 1418 1579 grossos.
1453 1491 1540 1563 Item
1568 1514 1636 1563 non
1664 1493 1752 1564 dant
1776 1493 1907 1582 gallos,
1935 1514 2044 1586 neque

489 1621 573 1697 ova,
591 1627 703 1698 neque
731 1630 859 1680 caseos.
887 1609 973 1680 Item
1001 1611 1133 1682 ducunt
1159 1633 1278 1705 omnes
1306 1618 1379 1684 tres
1406 1620 1530 1685 currus
1555 1614 1747 1704 lignorum,
1774 1635 1838 1704 pro
1864 1615 2043 1686 braxanda

489 1730 637 1800 cervisia
663 1751 727 1819 pro
754 1733 975 1801 monasterio.
1004 1731 1089 1803 Item
1119 1712 1238 1802 omnes
1266 1735 1342 1823 agri
1370 1733 1472 1805 villae
1499 1735 1639 1807 solvunt
1664 1741 1701 1806 et
1727 1735 1926 1806 conducunt
1952 1737 2043 1808 deci·

488 1870 578 1920 mam
607 1852 856 1940 manipularem
884 1859 920 1923 et
947 1853 1157 1942 canapalem,
1183 1875 1322 1926 mensae
1340 1856 1529 1945 episcopali
1547 1855 1780 1946 Gracoriensi,
1797 1863 1834 1927 et
1852 1857 2044 1928 valarsius

415 2053 420 2062 ¹
488 1971 693 2044 aestimatur
720 1974 763 2045 ad
791 1982 864 2045 tres
891 1995 1035 2062 marcas,
1063 1974 1248 2064 aliquando
1275 1976 1321 2046 ad
1348 1983 1507 2066 quatuor.
1535 1977 1621 2048 Item
1648 1979 1826 2068 tabernae,
1852 1978 1938 2049 item
1962 1981 2042 2050 bor-

488 2092 651 2182 tulaniae,
679 2097 760 2170 item
788 2096 966 2186 praedium
994 2097 1042 2166 ibi
1070 2116 1138 2166 non
1165 2103 1228 2199 est,
1256 2098 1339 2168 item
1367 2119 1437 2168 non
1464 2105 1520 2170 est
1546 2100 1715 2171 scoltetia.
1742 2098 1902 2170 Gontim

593 2211 863 2306 Gonnowrczu,
882 2215 973 2288 'villa
999 2217 1063 2287 snb
1090 2217 1256 2306 parochia
1283 2216 1326 2289 de
1353 2217 1626 2309 Podgrodzo
1652 2221 1736 2308 slta,
1762 2221 1861 2292 cuius
1888 2221 2044 2312 proprie-

488 2337 544 2403 tas
572 2333 615 2404 ad
643 2335 922 2406 sanctimoniales
949 2335 1185 2426 Antiquae
1222 2337 1430 2408 Sandecz
1465 2341 1627 2428 pertinet
1671 2339 1711 2409 In
1739 2361 1809 2429 qua
1833 2345 1917 2411 sunt
1942 2341 2044 2428 lanei,

387 2461 391 2468 '
488 2458 524 2524 et
551 2455 697 2544 quilibet
723 2455 827 2528 solvit
854 2457 941 2528 duos
967 2478 1109 2546 grossos
1136 2479 1200 2548 pro
1228 2477 1343 2548 cerrsu,
1370 2461 1452 2531 item
1480 2481 1586 2536 unum
1611 2461 1771 2550 gallum,
1787 2462 1872 2532 item
1899 2462 2044 2553 qulnde-

487 2575 774 2666 cimova,iteu1
811 2599 915 2650 unum
951 2597 1098 2650 caseum.
1138 2579 1227 2650 Item
1254 2580 1290 2649 in
1317 2580 1472 2670 qualibet
1497 2583 1711 2672 septimana,
1738 2583 1884 2672 singulis
1911 2575 2043 2670 diebus,

420 2727 423 2736 ·
488 2696 634 2785 quilibet
669 2697 815 2770 mediam
844 2699 935 2770 diem
963 2700 1117 2790 laborat,
1144 2707 1305 2791 exempta
1331 2702 1388 2772 die
1403 2701 1500 2791 Ioni,
1527 2705 1669 2793 proprio
1695 2722 1801 2774 curru
1827 2711 1890 2774 aut
1916 2709 2044 2776 aratro.

487 2816 574 2890 Item
602 2839 677 2908 per·
690 2825 802 2891 totum
830 2823 912 2892 unni
938 2825 1075 2910 tempus
1103 2821 1234 2893 ducunt
1260 2823 1355 2913 ligna
1381 2845 1445 2913 pro
1464 2825 1617 2913 praedio.
1642 2825 1730 2894 Item
1749 2825 1887 2896 ratione
1903 2847 2042 2919 aaszyep

445 3011 447 3021 ,
486 2939 591 3012 solvit
605 2941 764 3031 quilibet
790 2961 892 3014 unam
920 2963 1116 3014 mensuram
1143 2945 1291 3033 sIIIgInis
1317 2950 1354 3015 et
1380 2945 1467 3016 duas
1485 2966 1616 3016 avenae
1634 2946 1817 3035 confertas,
1836 2951 1873 3016 et
1890 2953 2042 3038 quatuor

414 3043 418 3046 ⁸
486 3081 639 3152 grossos
664 3061 750 3132 Item
777 3069 831 3132 est
858 3063 1036 3152 praedium
1064 3064 1281 3153 coenobiale,
1309 3065 1353 3136 de
1379 3065 1477 3136 cuius
1499 3067 1594 3156 agris
1620 3067 1706 3137 nulli
1733 3067 1839 3138 solvit
1864 3067 2042 3140 decimam.

486 3179 573 3258 Item
600 3183 747 3254 taberna
773 3189 830 3254 est
854 3205 932 3273 una,
959 3185 1090 3290 babens
1117 3185 1257 3257 bortum
1284 3207 1400 3276 unum,
1426 3192 1462 3257 et
1489 3187 1594 3258 soluit
1619 3187 1768 3258 meddam
1795 3207 1948 3258 marcam
1978 3209 2039 3277 pro

460 3322 601 3410 ¹ceusu
629 3303 715 3374 Item
743 3305 943 3376 cmethones
969 3305 1129 3377 laborant
1149 3305 1333 3399 pometum
1360 3328 1424 3397 pro
1450 3328 1534 3380 uere
1559 3315 1597 3380 et
1622 3315 1766 3379 aestate.
1806 3309 1893 3380 Item
1922 3329 2039 3379 omnes

416 3501 418 3510 ,
488 3424 563 3512 agri
592 3426 811 3497 emetbonum
832 3426 986 3500 solvunt
1012 3434 1048 3498 et
1075 3429 1274 3500 conducunt
1307 3413 1473 3500 decimam
1501 3430 1749 3520 manipularem
1775 3435 1813 3500 et
1838 3431 2040 3520 carrapalem
2142 3423 2144 3434 '

486 3557 550 3632 pro
577 3545 737 3634 episcopo
765 3545 994 3636 Gracovieusi,
1021 3553 1057 3618 et
1085 3549 1182 3620 valor
1207 3549 1282 3618 eius
1309 3550 1513 3621 aestImetur
1539 3551 1584 3621 ad
1602 3605 1610 3620 .
1629 3600 1637 3620 .
1656 3605 1664 3620 .
1682 3571 1818 3634 marcas
1836 3605 1844 3622 .
1862 3605 1898 3621 ..
1925 3550 2038 3622 Gonti-

487 3671 548 3736 nat
576 3687 653 3736 cum
672 3719 680 3736 .
699 3721 733 3736 ..

591 3787 836 3879 Snuunzrun,
863 3790 946 3861 villa
973 3791 1037 3862 sub
1064 3792 1231 3880 parochia
1257 3791 1300 3861 de
1327 3792 1618 3882 Podgrodze,
1645 3793 1743 3864 cuius
1770 3774 1970 3884 proprieIus
1995 3793 2037 3864 ad

488 3910 765 3981 sanctImoniales
793 3911 1026 4001 Antiquae
1053 3913 1255 3983 Sandeca
1281 3901 1443 4002 pertinet.
1470 3915 1509 3984 In
1538 3935 1606 4005 qua
1633 3921 1714 4001 sunt
1739 3923 1814 3986 tres
1840 3915 1934 3985 lanei
1952 3935 2038 3989 cmo·

485 4031 654 4121 thonaleS,
682 4053 827 4122 quorum
856 4053 943 4104 uuus
971 4033 1074 4106 solvit
1101 4035 1219 4106 decem
1245 4057 1397 4124 grossos,
1424 4037 1513 4107 alius
1539 4036 1719 4108 duodecim
1745 4039 2037 4126 grossescamus

423 4183 427 4188 ·
486 4157 564 4222 octo
590 4175 740 4243 grossos.
767 4155 853 4225 Item
881 4160 936 4228 cst
962 4155 1011 4226 ibi
1038 4176 1108 4227 una
1135 4157 1344 4246 hortulanis,
1371 4178 1460 4248 quae
1479 4159 1584 4231 solrit
1602 4177 1666 4248 pro
1684 4179 1789 4230 censu
1806 4179 1868 4229 sex
1887 4179 2037 4248 grossos.

486 4273 575 4344 Item
613 4275 812 4346 cmethones
847 4275 1009 4347 laborant
1037 4275 1222 4370 pomulam
1249 4296 1312 4367 pro
1342 4299 1422 4349 vere
1447 4284 1485 4349 et
1511 4285 1665 4366 aestate3
1692 4280 1780 4351 alios
1806 4279 1946 4350 labores
1974 4299 2038 4348 uon

484 4392 624 4466 faciunt.
659 4395 746 4468 Item
774 4397 910 4469 ratione
937 4420 1032 4491 ossep
1059 4398 1164 4470 solvit
1190 4400 1335 4488 quilibet
1362 4414 1465 4470 uuum
1491 4421 1687 4472 mensuram
1713 4401 1861 4490 siliginis
1889 4405 1938 4482 et,
1953 4401 2037 4471 duas

418 4587 422 4593 .
485 4535 615 4610 avenae
642 4516 834 4608 consertas,
861 4524 897 4590 et
926 4525 1075 4609 quatuor
1100 4527 1261 4609 grossos3
1296 4522 1378 4592 itam
1405 4543 1474 4592 non
1501 4521 1587 4593 dant
1613 4541 1750 4612 caseos,
1778 4542 1889 4611 neque
1916 4522 2055 4611 gallos,

486 4659 596 4727 neque
624 4658 698 4710 ova.
726 4639 813 4710 Item
841 4639 1020 4729 praedium
1049 4662 1117 4712 non
1140 4648 1203 4713 est.
1230 4643 1319 4714 Item
1333 4644 1498 4715 scoltetia
1515 4650 1579 4733 est,
1597 4650 1634 4715 ct
1650 4645 1757 4716 habet
1775 4663 1881 4714 unum
1900 4643 2035 4713 laneum

485 4758 641 4849 liberum,
667 4765 704 4830 et
730 4765 866 4832 sextum
894 4761 1073 4833 denarium
1100 4762 1144 4833 de
1170 4784 1286 4834 censu.
1312 4765 1399 4835 Item
1426 4765 1574 4836 taberna
1592 4819 1600 4834 .
1619 4820 1626 4834 .
1645 4819 1653 4834 .
1672 4819 1679 4834 .
1698 4765 1785 4836 Item
1813 4783 1935 4834 omnes
1962 4765 2036 4853 agri

485 4881 704 4952 cmetbunum
729 4881 881 4952 solvunt
916 4889 952 4954 et
983 4883 1180 4954 conducunt
1205 4885 1371 4956 decImam
1408 4873 1655 4975 manipularem
1682 4893 1719 4957 et
1745 4885 1948 4974 canapalem
1975 4904 2036 4974 pro

485 5003 647 5092 cpIscopo
683 4999 923 5092 Oracomensi,
951 5010 987 5074 et
1014 5004 1112 5076 valor
1139 5006 1216 5076 eius
1242 5007 1446 5078 aestImatur
1474 5007 1519 5077 ad
1537 5061 1677 5076 ......
1695 5025 1840 5077 marcas.
1876 5005 2037 5076 Confluat

485 5145 562 5195 uum
583 5179 590 5192 .
610 5178 645 5194 ..

590 5243 798 5334 Mosruar,
826 5245 910 5316 uilla
946 5247 1010 5316 sub
1043 5248 1209 5335 paruulus
1234 5247 1278 5318 de
1304 5247 1577 5338 Podgrodze
1604 5250 1690 5337 sita,
1717 5249 1815 5319 ouius
1840 5249 2038 5338 proprietas

485 5365 529 5435 ad
548 5365 827 5469 sanctimoniales
846 5364 1080 5456 Antiquae
1099 5367 1303 5438 Sandccz
1331 5370 1492 5459 pertinet.
1519 5369 1558 5439 ln
1578 5389 1648 5460 qua
1665 5370 1917 5464 suntquinque
1935 5369 2035 5457 lanei,

362 5571 364 5580 Α
484 5491 520 5557 et
546 5487 677 5575 primus
705 5505 769 5577 pro
796 5507 901 5558 censu
928 5488 1032 5559 solvit
1059 5495 1140 5560 octo
1166 5496 1306 5579 scottos,
1334 5490 1506 5562 secundus
1533 5489 1713 5562 duodecim
1739 5510 1890 5580 grossos,
1908 5492 2032 5562 tertius

459 5611 562 5710 *octo
589 5627 739 5698 grossos
766 5614 911 5698 quartus
930 5664 937 5678 .
957 5663 963 5678 .
983 5663 1009 5698 .,
1036 5611 1179 5702 quintus
1198 5665 1205 5680 .
1224 5667 1231 5680 .
1250 5666 1283 5681 ..
1310 5633 1469 5701 grossos,
1505 5614 1588 5683 item
1615 5631 1720 5682 unum
1739 5612 1885 5702 -gallum,
1914 5613 2035 5701 viginti
2075 5655 2082 5671 =

374 5761 375 5769 κ
486 5746 561 5814 ora,
588 5723 675 5799 duos
701 5748 830 5800 caseos.
857 5729 945 5801 Item
972 5741 1040 5801 non
1069 5737 1150 5802 sunt
1175 5733 1352 5822 tabernae,
1379 5753 1490 5823 neque
1517 5733 1744 5804 hortulaniae.
1771 5733 1857 5803 Item
1875 5733 2035 5803 laborant

342 5847 349 5854 '
483 5844 663 5944 powubara
701 5868 766 5936 pro
806 5868 888 5920 uere
924 5856 959 5920 et
994 5857 1138 5922 aestate.
1180 5853 1270 5924 Item
1304 5855 1440 5924 ratione
1476 5873 1572 5948 osaep
1609 5855 1714 5926 soluit
1748 5853 1895 5943 quilibet
1929 5871 2031 5924 unam
