4492 6592
1710 759 1781 834 117

167 1041 172 1052 ,
227 959 375 1034 Martini
414 963 594 1054 advocati,
622 985 710 1054 quac
747 964 852 1037 soluit
886 967 1096 1040 monasterio
1122 987 1183 1038 sex
1208 987 1359 1055 grossos.
1398 965 1488 1038 Item
1514 967 1637 1058 quinto
1660 967 1783 1040 domus

228 1087 283 1152 est
310 1082 439 1154 Jacobi
465 1084 632 1187 Ponalr,
658 1105 746 1174 quae
773 1085 878 1158 solvit
899 1087 1110 1158 monasterio
1128 1087 1411 1176 viginti'scottos
1436 1087 1524 1158 Item
1543 1093 1643 1158 sexta
1660 1087 1783 1159 domus

228 1210 282 1274 est
309 1203 449 1276 Nicolci
475 1203 589 1295 Zyla
616 1205 755 1294 sutoris
782 1203 825 1276 de
852 1205 1052 1298 quasolvit
1078 1207 1289 1280 monasterio
1317 1207 1441 1296 viginti
1460 1213 1602 1278 scottos.
1628 1206 1783 1297 Septima

227 1324 353 1396 domus
380 1331 436 1396 cst
463 1323 612 1414 praefati
637 1324 761 1396 Jacobi
787 1325 953 1416 ranan,
980 1327 1086 1398 situm
1113 1328 1245 1399 hebens
1271 1328 1308 1398 iu
1333 1348 1372 1399 se
1398 1328 1662 1420 brasentorium,
1684 1330 1783 1400 iuxta

120 1521 122 1528 y
227 1441 369 1514 domum
398 1443 546 1534 praelati
573 1444 710 1516 Nicolai
735 1445 849 1534 Zyla
874 1446 1043 1534 positum,
1069 1447 1131 1518 ubi
1157 1445 1287 1518 mediat
1321 1466 1431 1536 parva
1456 1446 1589 1537 platea,
1617 1469 1686 1538 qua
1711 1449 1783 1518 itur

229 1561 271 1634 de
298 1560 572 1658 Strcdomin
607 1563 651 1636 ad
679 1563 970 1654 Wyoszkam,
998 1585 1086 1654 quae
1122 1566 1228 1638 solvit
1254 1567 1465 1638 monasterio
1491 1568 1616 1656 viginti
1643 1574 1783 1638 scottos.

87 1785 88 1789 Ἴ
166 1751 170 1762 ,
228 1681 277 1752 Et
303 1703 433 1756 consus
468 1683 647 1774 praelatus
672 1684 715 1754 de
742 1691 875 1773 septem
902 1685 1061 1756 domibus
1087 1685 1277 1774 praedictis
1293 1685 1387 1756 neit
1411 1687 1448 1757 in
1475 1707 1610 1759 summa
1633 1694 1784 1777 quatuor
1863 1751 1867 1761 .

227 1823 368 1874 marcus
396 1811 432 1876 et
457 1809 608 1894 quatuor
633 1824 783 1894 grosono,
811 1825 915 1894 super
941 1805 1043 1876 horto
1070 1812 1187 1876 autem
1212 1806 1409 1876 huiusmodi
1434 1807 1543 1879 hebet
1567 1807 1714 1880 ecclesia
1739 1808 1783 1879 de

228 1921 436 2014 Rupella
463 1925 681 2014 privilegium
708 1923 936 2014 Hedvigis
962 1925 1128 1998 Poloniee
1154 1926 1312 2014 reginae,
1339 1947 1429 2016 quae
1454 1927 1651 1999 huiuamodi
1677 1929 1784 2018 privi-

229 2044 330 2134 legio,
350 2046 492 2116 hortum
520 2043 718 2116 huiusmodi
735 2045 899 2116 ecclcsiae
919 2047 953 2116 in
972 2045 1171 2136 Rupella
1196 2067 1261 2136 per
1277 2045 1487 2118 stanislaum
1506 2048 1635 2120 dictum
1654 2046 1785 2140 Ozaya
1831 2027 1834 2032 ¹

228 2165 440 2238 servitorem
468 2165 689 2238 (lusimiri
725 2163 922 2237 Secundi
958 2167 1039 2238 olim
1076 2166 1241 2238 Polouiae
1268 2169 1378 2257 regis,
1413 2189 1530 2238 coram
1560 2169 1680 2240 eadem
1707 2168 1786 2238 He-

229 2283 363 2374 dvigi
391 2287 513 2376 regino
539 2289 753 2377 resignatum
783 2288 997 2380 appropriat,
1024 2289 1153 2360 liberat
1177 2294 1346 2378 perpetuo
1372 2295 1410 2360 et
1435 2290 1604 2362 inscribit
1868 2281 1873 2286 ’

336 2403 604 2480 molendinum
633 2411 670 2480 ln
700 2405 1015 2501 forwnrlry,·sub
1032 2409 1207 2498 parochia
1234 2408 1401 2480 ecclesiae
1418 2409 1462 2480 de
1479 2409 1722 2500 Rumpella
1748 2411 1784 2481 in

228 2523 334 2598 fluuio
364 2523 529 2616 Wylga'
553 2529 667 2618 situm,
694 2529 791 2600 cuins
819 2529 1016 2618 proprietas
1051 2529 1096 2600 nd
1123 2529 1359 2618 episcopatum
1386 2527 1649 2603 Gracoviensem
1676 2531 1804 2625 perti-l

87 2688 88 2705 η
229 2651 307 2734 net,
337 2645 433 2736 quod
469 2647 606 2736 quidem
628 2628 867 2720 'molendinum
894 2647 1019 2720 Petrus
1046 2647 1312 2738 Herszberg
1337 2655 1511 2720 mercator
1536 2648 1785 2738 cracoviensis,

87 2777 88 2864 ξ
230 2765 323 2855 opud
360 2766 529 2838 Niklos
561 2768 891 2858 molendinatorem,
923 2789 1013 2840 enno
1041 2768 1181 2840 Domini
1211 2770 1327 2857 1441,
1354 2790 1418 2858 pro
1445 2771 1633 2859 nonaginta
1659 2771 1786 2840 marcis

87 2889 88 2970 ζ
228 2905 403 2975 coconem,
430 2894 467 2958 et
492 2888 528 2958 in
555 2907 660 2962 censu
687 2909 800 2962 annuo
828 2890 978 2979 quinque
1006 2909 1199 2960 marcarum
1226 2888 1419 2978 praelatum
1438 2889 1673 2960 molendinum
1690 2891 1783 2960 dicto

229 3004 317 3076 Nik
330 3007 400 3078 los
428 3008 570 3098 antiquo
597 3009 866 3080 molendinatori
892 3009 1024 3098 locans,
1051 3009 1216 3080 ecclesiae
1242 3009 1286 3080 de
1313 3008 1514 3098 Rupellc
1539 3009 1626 3080 illud
1652 3011 1689 3080 in
1715 3009 1785 3080 ele-

87 3171 88 3178 1
228 3146 434 3218 emosyncm
461 3134 663 3218 perpetuom
691 3130 842 3202 donavit.
870 3129 1101 3201 solvebantur
1128 3130 1247 3218 itaque
1272 3129 1439 3227 ecclesiae
1457 3129 1500 3200 de
1517 3129 1716 3219 Rupella
1742 3149 1785 3200 ex
1920 3197 1924 3203 .

229 3245 396 3336 proefuto
431 3247 627 3321 molendino
662 3251 762 3322 annis
789 3249 934 3353 siugpdis
962 3257 1109 3340 quatuor
1135 3269 1291 3338 macae,
1317 3250 1440 3338 quinta
1464 3269 1549 3320 vero
1575 3269 1694 3320 marca
1719 3249 1787 3319 sol·

87 3403 88 3406 ¹
231 3367 387 3457 vehatur
422 3368 582 3458 episcopo
610 3367 851 3458 cracoviensi3
886 3389 1006 3440 verum
1033 3369 1212 3440 dolionnes
1238 3367 1413 3438 Skallra
1438 3369 1591 3440 existens
1617 3368 1786 3458 plebanus

231 3487 266 3558 in
303 3487 509 3578 Rupella
548 3487 706 3562 vendidit
742 3490 990 3591 proprietatem
1030 3489 1219 3561 molendini
1258 3488 1407 3578 praefati
1442 3487 1588 3560 Nicolao
1622 3487 1787 3580 Ozcyx-

87 3707 88 3722 ,
232 3609 320 3698 lrye
334 3607 474 3679 ndorf
496 3609 564 3680 civi
591 3607 811 3682 Gracoviensi
839 3631 902 3700 pro
929 3611 1118 3699 nonaginta
1144 3609 1288 3698 marcis,
1315 3614 1352 3680 et
1377 3611 1422 3681 ab
1449 3609 1510 3680 illo
1535 3615 1691 3698 tempore
1717 3629 1787 3678 unu

87 3731 88 3786 l
233 3729 478 3802 tantummodo
505 3749 622 3802 murco
648 3730 796 3802 solvitur
822 3751 886 3822 pro
912 3730 1000 3802 leste
1026 3730 1146 3802 Sancti
1172 3729 1319 3802 Martini
1345 3731 1509 3802 ecclesiae
1527 3729 1788 3820 de-Rupella

87 3905 88 3922 1
234 3871 276 3922 ex
303 3849 505 3922 molendino
533 3849 699 3941 praelato.

343 3970 562 4062 Onsmrnm,
589 3971 751 4062 oppidum
788 3973 823 4042 in
851 3993 919 4062 quo
946 3977 1001 4043 est
1026 3971 1149 4042 domus
1182 3990 1259 4040 cum
1286 3990 1370 4040 crea
1396 3970 1433 4040 in
1459 3970 1593 4060 platea,
1620 3989 1689 4060 quo
1714 3970 1786 4040 itur

87 4177 88 4194 ἶ
178 4177 186 4184 q
236 4091 280 4162 ad
307 4091 490 4163 ecclesiam
527 4091 646 4164 Sancti
680 4091 801 4162 Jacobi
829 4113 870 4168 ex
898 4113 985 4181 una,
1012 4098 1049 4164 ct
1075 4091 1213 4162 domurn
1240 4090 1601 4180 Yercltlrowslry
1626 4090 1786 4180 partibus

87 4289 88 4330 ἦ
237 4231 278 4282 ex
305 4211 440 4300 altera,
468 4212 532 4282 sub
567 4213 732 4300 parochio
758 4213 911 4282 eiusdem
946 4211 1112 4314 ecclesiae
1146 4210 1266 4282 Sancti
1291 4209 1415 4282 Jacobi
1442 4211 1520 4280 sita
1560 4210 1601 4280 lu
1628 4226 1696 4300 qua
1722 4229 1786 4299 pro

87 4340 88 4376 l
238 4351 330 4401 nunc
357 4338 514 4402 moratur
540 4331 563 4402 J
573 4333 777 4404 ohannes
804 4332 1060 4421 carpentarius,
1088 4332 1147 4421 qui
1174 4352 1238 4419 pro
1264 4351 1379 4402 ennuo
1406 4350 1512 4401 ceusu
1537 4330 1643 4402 solvit
1668 4349 1787 4401 mona-
1838 4386 1841 4396 .

231 4452 348 4522 sterio
376 4450 419 4521 de
445 4451 660 4541 Rupella,
687 4452 865 4542 profesto
892 4453 1010 4524 Sancti
1045 4451 1246 4544 Michaelis,
1272 4472 1334 4522 sex
1369 4471 1518 4540 grossos.
1552 4451 1640 4522 Item
1667 4451 1702 4520 in
1729 4471 1788 4520 eo-

87 4585 88 4602 *
239 4571 318 4644 dem
345 4573 473 4662 oppido
500 4571 736 4644 Oasimiriensi
763 4573 1018 4662 snb-parochio
1040 4573 1207 4644 ccclesiae
1224 4571 1343 4643 Sancti
1361 4570 1527 4642 Stanislai
1544 4571 1588 4642 de
1606 4571 1788 4662 Rupelln,

239 4693 274 4764 in
302 4693 420 4782 platea
455 4699 492 4764 et
523 4695 557 4766 io
594 4700 694 4782 parte
730 4695 889 4783 sinistra,
916 4695 1030 4766 eundo
1056 4714 1077 4764 n
1104 4693 1314 4766 monasterio
1341 4690 1488 4764 Sanctae
1515 4691 1725 4764 Ontherinoe
1751 4691 1787 4762 in

87 4840 88 4892 i
240 4812 303 4883 Ru
314 4812 494 4903 mpello,
522 4819 576 4884 est
603 4813 724 4886 domus
750 4815 882 4886 habens
909 4815 1037 4886 bonurn
1063 4815 1204 4886 hortum
1231 4814 1300 4886 sibi
1326 4833 1513 4902 annexum,
1539 4813 1588 4884 in‘
1603 4833 1672 4902 qua
1696 4832 1788 4883 nunc

87 4945 88 5032 i
127 4987 130 4996 .
241 4937 399 5004 moratur
434 4932 610 5004 Martinus
643 4933 932 5025 Kocninsky,
967 4936 1099 5007 hebens
1136 4936 1274 5007 domum
1309 4933 1592 5005 Helizabeth
1619 4937 1719 5022 porte
1744 4952 1787 5002 ex

241 5073 319 5136 nna,
346 5058 384 5122 et
410 5053 558 5141 plateam
586 5074 737 5143 parvam,
765 5077 833 5144 quo
860 5057 931 5126 itur
957 5055 1002 5126 ad
1027 5061 1163 5145 portem
1189 5054 1394 5127 Sknwinska
1419 5053 1578 5143 partibus
1605 5073 1648 5123 ex
1666 5052 1787 5142 altera,

242 5193 329 5262 quae
357 5193 422 5261 pro
449 5193 562 5244 annuo
598 5193 702 5246 censu
738 5175 843 5246 solvit
869 5177 1079 5247 monasterio
1106 5196 1210 5246 unam
1237 5193 1455 5264 sexagenum.
1490 5173 1576 5242 Item
1604 5174 1640 5242 in
1666 5171 1788 5243 codem

243 5292 381 5382 oppido
406 5291 659 5383 Gasimiriensi,
686 5295 784 5366 iuxta
820 5295 930 5367 lacum
959 5295 991 5367 S.
1018 5295 1201 5385 Stanislai,
1228 5301 1283 5366 est
1308 5292 1430 5364 domus
1455 5292 1547 5364 bona
1572 5291 1688 5380 lignea
1711 5311 1787 5362 cum

243 5412 345 5484 horto
373 5419 410 5482 et
436 5414 607 5503 pomerio,
635 5435 736 5504 quam
763 5415 928 5486 ecclesiae
964 5415 1006 5485 de
1033 5413 1236 5504 Rupella·
1258 5413 1401 5485 donavit
1427 5413 1463 5481 in
1489 5416 1691 5500 perpetuom
1718 5412 1788 5483 sle-

245 5552 442 5624 emosyuam
470 5532 647 5623 Thyllro
674 5536 867 5625 oppidanus
894 5535 1157 5622 casimiriensis,
1184 5540 1221 5604 et
1247 5533 1500 5620 braseatorium
1526 5533 1599 5602 illic
1624 5533 1785 5623 habebut,

245 5653 311 5740 sica
335 5653 403 5726 sub
429 5654 594 5742 parochia
620 5654 663 5726 de
690 5655 896 5746 Rupella.
932 5655 1019 5726 Item
1045 5655 1081 5725 in
1108 5653 1266 5744 praelato
1291 5653 1419 5751 oppido
1444 5652 1681 5724 casimirieusi
1707 5660 1789 5724 sunt
