4492 6592
102 921 118 970 l—

1693 699 1757 804 ¹os

212 903 342 998 maidae
368 904 579 994 invacamns,
607 874 840 984 consumendo
867 925 954 996 opus
981 905 1082 978 nobis
1108 907 1228 996 gravis
1251 911 1289 976 et
1306 914 1394 994 pene
1421 906 1551 996 impert
1569 880 1784 976 basone-1

113 1031 116 1040 ’
184 1022 262 1114 ris,
288 1045 364 1096 cum
393 1011 542 1115 plurima
569 1025 612 1098 ad
640 1027 809 1097 historiae
836 1026 1019 1098 veritatem
1055 1026 1323 1117 depromendam
1350 1027 1557 1116 necessaria,
1585 1025 1758 1098 oblivione

212 1154 243 1216 ct
266 1135 695 1237 vetustata'quadamque
722 1147 1024 1252 caligineoobrata
1049 1153 1139 1236 sunt,
1166 1154 1202 1218 et
1224 1148 1486 1238 privilegiorum
1504 1169 1546 1220 ac
1562 1149 1757 1220 litterarum

172 1278 176 1286 '
211 1275 265 1340 aut
288 1267 492 1362 perditione
521 1275 582 1340 aut
610 1269 790 1340 exustione
824 1274 999 1359 corrupta.
1045 1268 1113 1340 Sed
1140 1275 1179 1340 ut
1205 1269 1250 1339 ad
1276 1269 1313 1340 id
1340 1258 1615 1359 redeam,'u1ide
1640 1275 1757 1340 trans·
1862 1253 1865 1258 ’
2056 1368 2060 1376 Ι

210 1409 342 1479 cresum
369 1411 456 1478 sum,
482 1389 680 1462 Plocaeusis
707 1388 862 1480 pontifex
891 1389 1063 1462 Vithus
1089 1394 1126 1477 et
1151 1379 1380 1462 De'rslaas
1405 1390 1515 1462 frater
1538 1411 1622 1462 suus
1648 1390 1757 1477 miles,
1890 1453 1897 1463 ,
1985 1407 2001 1422 ·

208 1511 377 1600 palatinas
405 1509 695 1599 Saudomiriensis
732 1511 913 1602 locupletis
940 1511 1142 1600 patrimonii
1170 1511 1242 1599 sai,
1278 1512 1373 1601 quod
1398 1533 1441 1584 err
1468 1510 1617 1602 paterna
1643 1517 1755 1582 morte

207 1631 262 1720 eis,
287 1632 440 1720 genitrix
467 1633 558 1704 enim
586 1632 699 1702 adhuc
725 1632 874 1722 vivebat,
903 1633 938 1706 in
965 1639 1062 1703 terra
1089 1630 1364 1704 Sandomirieasi
1390 1639 1426 1704 et
1452 1633 1602 1706 dioecesi
1629 1631 1755 1704 00000-

207 1753 316 1834 viensi
339 1753 540 1844 obvenerat,
580 1753 746 1843 relicturi,
775 1751 952 1824 Christum
979 1752 1166 1846 haeredem
1192 1753 1228 1826 iu
1256 1753 1385 1843 vilugio
1407 1775 1476 1825 sao
1503 1760 1650 1844 paterno
1677 1753 1757 1824 Bu·

207 1873 301 1964 siro,
328 1874 470 1945 uberem
497 1874 633 1978 glebam
660 1875 812 1964 habenti,
839 1874 930 1964 quod
957 1874 1127 1946 hactenus
1152 1875 1188 1945 in
1215 1875 1399 1965 oppidum,
1426 1880 1569 1965 propter
1593 1873 1756 1965 frequen·

206 1995 286 2065 tiam
314 1992 381 2066 fori
409 1997 565 2068 videmus
592 1996 781 2085 redactum,
807 1983 1055 2067 monasterium
1073 1995 1386 2068 sanctimonialium
1415 1997 1548 2068 ordinis
1574 2015 1757 2086 praemon-

149 2174 150 2183 ,
206 2117 388 2186 stratensis
416 2137 506 2188 anno
524 2117 664 2188 Domini
686 2117 795 2205 1100,
823 2136 914 2188 anno
935 2136 1018 2188 vcro
1037 2115 1261 2205 pontificatus
1280 2137 1332 2187 aar
1324 2115 1548 2188 Ploczensis
1567 2116 1757 2204 andecimo,

147 2325 150 2331 Ι
205 2235 480 2336 pontificantem
499 2237 582 2310 sede
601 2236 823 2310 cracoviensi
849 2237 1050 2309 Falcone
1079 2257 1190 2328 quem
1207 2237 1332 2327 vulgus
1349 2238 1545 2328 polonicum
1572 2236 1756 2308 Pelkam
1840 2227 1847 2234 ’
1883 2239 1887 2244 ’

205 2360 368 2449 nominat,
396 2361 455 2450 qui
482 2357 690 2437 Gedeoni
717 2363 933 2432 successerat
917 2356 1122 2447 t,fandant
1149 2363 1186 2432 et
1210 2357 1491 2430 sanctimoniales
1518 2357 1601 2428 illuc
1626 2363 1663 2428 et
1688 2320 1758 2427 lr'a-

205 2485 285 2570 tres,
312 2501 400 2570 quos
427 2481 470 2552 de
498 2480 698 2579 Witbow
733 2485 968 2570 sumpserant,
994 2485 1031 2550 et
1058 2480 1204 2567 quoram
1230 2479 1416 2568 primarias
1442 2477 1665 2575 praepositas
1690 2477 1758 2548 init

120 2587 121 2594 '
204 2601 313 2674 frater
339 2600 362 2672 J
373 2602 593 2692 ohannes,
620 2572 855 2692 introducunt,
882 2621 1006 2672 novam
1033 2599 1213 2674 ecclesiam
1231 2618 1274 2670 ex
1297 2598 1431 2690 quadro
1457 2599 1572 2690 lapide
1601 2599 1666 2670 sub
1684 2599 1757 2676 die-

206 2723 266 2794 bus
294 2724 391 2813 meis,
432 2745 522 2796 auno
550 2723 711 2796 videlicet
736 2723 875 2794 Domini
907 2723 1023 2810 1470,
1059 2741 1137 2792 cum
1161 2726 1243 2792 arta
1268 2720 1410 2798 nimiam
1438 2725 1475 2790 et
1499 2720 1640 2792 humilis
1666 2718 1758 2790 foret

164 2872 167 2879 ·
211 2844 346 2935 diruta,
374 2846 409 2915 in
437 2846 671 2935 augustiorem
699 2843 844 2916 formam
872 2843 936 2914 sub
962 2849 1117 2932 tempore
1144 2841 1373 2913 Johannis
1407 2841 1597 2931 praepositi
1632 2841 1760 2912 nobilis

206 2965 376 3038 dedomo
411 2949 668 3056 Koslarogi
708 2971 744 3037 et
784 2965 941 3036 Annae
982 2963 1181 3036 abbatissae
1209 2962 1419 3034 Buscheasis
1452 2962 1595 3034 redacta
1621 2967 1694 3050 est,
1720 2967 1757 3032 et

206 3087 399 3183 clausuram
427 3094 463 3158 et
490 3087 655 3158 ambitum
684 3087 885 3157 monasterii
911 3084 1091 3157 fabricant.
1128 3083 1193 3156 Oai
1212 3085 1255 3180 'ia'
1283 3084 1398 3156 dotem
1425 3081 1618 3173 praefatam
1644 3083 1758 3172 dupli·

206 3229 275 3279 cem
303 3208 422 3280 villam
459 3207 615 3282 Baske
651 3229 726 3279 cum
755 3207 833 3278 aliis
860 3207 970 3296 villis,
1011 3207 1093 3278 item
1129 3225 1207 3277 cum
1242 3205 1385 3280 decimis
1420 3204 1694 3293 manipularibus
1721 3203 1758 3274 in

207 3329 295 3400 villis
324 3328 647 3422 Sczeworzysz
675 3334 711 3400 et
737 3328 957 3418 Szirniky
998 3347 1137 3398 mensae
1163 3327 1380 3416 episcopalis,
1406 3348 1429 3398 a
1454 3311 1659 3398 Falcone
1686 3325 1758 3414 cpi-

206 3471 308 3541 scopo
337 3457 374 3522 et
400 3451 560 3541 capitulo,
588 3449 807 3528 Gracovieasi
845 3450 1003 3538 precario
1039 3449 1254 3538 impetratis,
1294 3449 1377 3520 item
1405 3468 1524 3519 omnes
1561 3452 1760 3536 proventus,

207 3571 355 3644 decimas
383 3580 420 3644 et
446 3561 607 3656 redditus
632 3571 798 3644 ecclesiae
825 3570 1035 3662 parochialis
1063 3571 1096 3642 ia
1127 3569 1282 3678 Basko
1310 3569 1523 3658 consignant,
1565 3589 1668 3658 quam
1695 3588 1760 3656 per
1803 3630 1806 3636 .
1937 3659 1944 3667 θ

206 3691 453 3766 Falconem
489 3693 683 3784 praefatum
722 3694 920 3783 episcopum
948 3691 1211 3764 cracoviensem
1248 3691 1507 3781 procuraverit,
1546 3688 1759 3760 monasterio
1883 3729 1889 3734 -

206 3815 361 3906 praefato
389 3817 425 3886 in
453 3814 607 3888 Busho
633 3835 743 3887 novae
769 3811 982 3886 fraudationis
1010 3811 1225 3902 incorporari
1252 3817 1290 3882 et
1315 3797 1418 3882 uniri.
1443 3810 1614 3882 Processu
1641 3815 1756 3880 autem

205 3940 390 4028 temporis,
427 3943 530 4008 aucta
565 3944 620 4007 est
654 3936 840 4026 largitione
877 3935 1023 4006 aliorum
1059 3951 1241 4024 procerum
1269 3931 1434 4003 Poloaiae
1472 3931 1536 4002 dos
1572 3930 1759 4002 Buszensis

206 4059 428 4148 monasterii3
463 4058 688 4130 Derslaas
725 4059 816 4128 enim
853 4056 1026 4146 palatinas
1053 4053 1344 4126 Sandomiriensis
1380 4049 1424 4124 de
1451 4073 1514 4123 sao
1549 4051 1759 4142 patrimonio

207 4182 351 4254 contulit
389 4182 453 4252 has
489 4179 622 4269 villas,
650 4179 819 4250 videlicet:
848 4177 1078 4265 Nessana,
1118 4175 1407 4247 Katharsziu
1448 4148 1759 4264 et'„Pyotrow,

206 4303 388 4376 anzko
416 4323 492 4374 cam
510 4301 693 4390 iumentis,
730 4299 1027 4388 Thucnampi,
1063 4297 1361 4386 Berdecowo,
1388 4295 1631 4384 Rechovvo,
1667 4293 1759 4384 Wy-

207 4426 412 4513 szaicza,
447 4421 784 4514 Korzeuyowo,
820 4419 1121 4512 Praemilowo
1150 4438 1228 4490 cum
1255 4418 1348 4490 omni
1375 4418 1452 4488 iure
1479 4417 1695 4506 proprietate
1722 4421 1759 4485 et
1843 4496 1849 4502 ‚

207 4547 378 4635 dominio;
414 4546 472 4637 qni
499 4545 596 4616 caius
622 4542 728 4616 buerit
753 4543 892 4633 generis
908 4541 976 4622 ,vel
1003 4540 1216 4630 nobilitatis,
1252 4538 1494 4628 investigando
1522 4536 1642 4626 didici,
1669 4536 1760 4627 quod

206 4669 269 4742 fuit
294 4669 339 4740 de
367 4687 495 4758 genere
522 4665 710 4755 lanima,
739 4669 825 4755 gaas
852 4663 954 4735 villas
981 4663 1084 4734 etiam
1113 4663 1149 4732 ia
1176 4663 1267 4734 hanc
1292 4661 1384 4732 diem
1412 4661 1546 4750 integre
1573 4680 1642 4730 non
1661 4663 1760 4729 tenet

208 4788 667 4875 Baszensemonasterium.
694 4786 779 4857 Item
810 4783 1046 4856 Slawosch
1074 4784 1173 4855 miles
1191 4783 1308 4854 villam
1327 4788 1364 4854 et
1382 4781 1759 4870 haereditatemsuam,

207 4911 439 5003 parochialem
467 4910 646 4981 ecclesiam
673 4909 708 4980 in
736 4929 773 4978 se
799 4908 994 4996 habeatem,
1023 4905 1202 4980 videlicet:
1231 4903 1554 4993 Slawoschow,
1581 4923 1623 4972 ex
1650 4901 1761 4990 ipsias
1862 4931 1864 4934 ·
1998 4952 2006 4968 1

207 5034 409 5124 cogrromiae
437 5033 702 5118 denominatam,
730 5049 837 5119 supra
863 5027 1216 5100 Scarhimiriam
1253 5027 1364 5112 sitam
1391 5025 1527 5114 glebam
1554 5019 1758 5099 foecundam
1888 5089 1892 5098 ,
1929 5039 1935 5061 ⁴

208 5158 401 5243 habentem,
430 5153 658 5242 integraliter,
685 5151 771 5222 nihil
799 5151 865 5222 sibi
894 5148 1114 5236 reservando,
1143 5169 1212 5218 una
1229 5168 1308 5218 cum
1334 5146 1618 5236 inrepatronatus
1644 5142 1759 5213 dictae
1897 5133 1903 5146 ⁸

207 5280 391 5366 ccclesiae,
427 5296 518 5346 auno
544 5275 682 5346 Domini
716 5274 813 5344 1210
850 5272 1012 5358 donavit;
1053 5270 1151 5341 cuius
1186 5269 1383 5341 donationis
1417 5266 1537 5336 littera
1562 5265 1597 5334 iu
1625 5263 1757 5355 syuodo

207 5399 429 5490 provinciali,
456 5417 572 5468 coram
599 5396 805 5468 Hearico
843 5393 1102 5482 archiepiscopo
1130 5389 1327 5461 Gnezneasi
1355 5394 1391 5458 et
1417 5388 1628 5477 coepiscopis
1655 5384 1758 5456 Polo-

208 5523 302 5596 aicae
321 5521 499 5610 ecclesiae,
518 5521 553 5592 in
573 5518 855 5610 Borzychovv
883 5515 1066 5601 celebrata,
1090 5515 1240 5584 habetur
1257 5509 1476 5600 originaliter
1493 5511 1529 5580 ia
1548 5510 1760 5580 monasterio
1794 5574 1796 5581 .
1847 5595 1850 5599 ⁵

207 5645 408 5734 Bacchanal,
436 5642 500 5714 sub
519 5641 632 5732 sigillo
660 5639 809 5732 praefati
835 5637 1100 5726 Slawoszii,
1126 5635 1338 5726 geminatam
1355 5653 1493 5704 crucem
1511 5653 1575 5704 suo
1593 5632 1629 5703 in
1643 5630 1759 5721 sigillo
1878 5619 1882 5624 ’
