4492 6592
94 934 111 982 ι

94 1036 111 1107 d

94 1179 108 1230 ι

94 1286 108 1354 t

93 1428 107 1499 *i

93 1547 105 1596 ι

93 1671 104 1721 ι

93 1793 104 1841 ι

93 1915 102 1962 ι

93 2037 101 2084 ι

1753 735 1775 806 9

102 969 107 1044 ζ
223 967 297 1020 cum
324 965 390 1018 sua
407 946 627 1038 proprietate
654 946 806 1036 pertinet
832 943 876 1014 ad
895 943 1142 1017 monesterium
1169 939 1457 1032 Myechowieuae.
1501 941 1590 1014 Item
1607 941 1776 1032 plebanus

222 1068 385 1141 ecclesiae
414 1067 593 1159 praefatae
619 1068 727 1138 habet
753 1085 856 1156 agros
883 1064 1044 1156 proprios
1070 1064 1197 1153 largos,
1223 1083 1288 1152 pro
1315 1083 1378 1134 suo
1404 1062 1563 1153 praedio,
1590 1062 1777 1154 dequibus

220 1209 285 1262 non
303 1190 412 1261 soluit
430 1190 533 1269 aliem
552 1189 720 1260 decimam
738 1186 996 1277 manipularem.
1022 1186 1112 1257 Item
1128 1186 1394 1274 iuspatrouatus
1411 1185 1589 1275 praefatae
1609 1186 1775 1258 ecclesiae
1810 1282 1820 1298 l

220 1313 354 1400 integre
382 1311 537 1401 pertinet
563 1309 609 1382 ed
632 1309 867 1400 praepositum
894 1313 930 1379 et
948 1305 1197 1379 monasterium
1222 1303 1500 1396 Myechovieuse.
1539 1308 1629 1379 Item
1656 1329 1775 1382 omues

115 1411 116 1416 ’
221 1432 294 1522 agri
320 1436 458 1522 septem
475 1424 768 1504 'homulauiarurn
796 1427 898 1500 villae
925 1427 1120 1520 praefatae,
1156 1424 1297 1497 solvunt
1322 1431 1359 1496 θῖ
1385 1429 1581 1503 ⁰⁰1¹tl¹¹0¹¹11f
1606 1435 1775 1510 decimam

220 1552 471 1642 manipularem
506 1573 571 1643 pro
607 1551 752 1623 ecclesia
788 1547 824 1622 i'n
852 1549 1026 1640 chelm,
1062 1553 1098 1620 et
1133 1547 1233 1617 valor
1268 1546 1343 1616 etus
1378 1551 1585 1626 aestimatur
1618 1557 1680 1646 ad,
1694 1566 1774 1642 octo

220 1693 360 1744 marcas.
403 1674 492 1745 Item
511 1695 579 1745 non
599 1673 736 1744 solvunt
761 1671 937 1744 hortulani
955 1691 1119 1764 avenam,
1146 1697 1258 1768 neque
1275 1688 1358 1762 ova,
1386 1696 1498 1768 neque
1515 1651 1635 1770 gallos,
1662 1685 1774 1773 neque

220 1813 354 1884 caseos,
393 1793 457 1866 sed
484 1794 629 1886 quilibet
663 1813 767 1864 unum
806 1792 897 1866 diem
924 1795 1086 1884 pedester
1121 1798 1157 1870 iu
1185 1802 1379 1891 septImana
1404 1801 1550 1872 laborat.
1589 1801 1678 1873 Item
1704 1825 1773 1876 nou

220 1919 271 1987 est
287 1915 338 1987 ibi
361 1915 564 2006 praedium,
591 1935 703 2005 neque
729 1913 973 2006 molendinum,
1000 1939 1112 2008 neque
1138 1921 1295 1993 taberna.
1334 1920 1495 1994 Continet
1519 1941 1598 1992 cum
1623 1902 1774 1996 Steni-

220 2036 461 2127 slawicze,
507 2035 853 2126 Mosczcnioza,
898 2035 1242 2128 Thargowieka
1291 2043 1432 2115 Donata
1465 2043 1774 2151 monasterioper

93 2159 100 2206 l
219 2157 435 2229 Michera
462 2157 614 2228 militem.

92 2280 99 2327 l.

92 2527 96 2572 l

320 2275 600 2367 Mosozuurcm,
627 2277 711 2348 villa
738 2276 803 2348 sub
826 2277 992 2366 parochia
1018 2278 1061 2350 de
1088 2280 1242 2383 Chelm
1269 2285 1355 2372 sita,
1383 2284 1480 2356 cuius
1506 2283 1702 2374 proprietas
1728 2285 1774 2356 ad

220 2399 469 2470 monasterium
496 2397 765 2489 Myechovieuse
792 2398 954 2488 pertinet.
1001 2401 1041 2471 In
1069 2423 1138 2492 qua
1164 2409 1245 2474 suut
1271 2425 1333 2476 sex
1360 2425 1437 2476 cum
1463 2404 1577 2477 medio
1602 2405 1711 2496 lanei,
1737 2409 1774 2478 et

220 2520 364 2610 quilibet
402 2519 506 2614 solvit
541 2539 665 2592 novem
697 2523 828 2592 scottos
854 2541 918 2610 pro
946 2539 1060 2593 censu.
1100 2524 1188 2596 Item
1220 2545 1290 2596 nou
1315 2525 1446 2596 faciunt
1471 2525 1607 2615 aliquos
1633 2526 1772 2599 labores

222 2639 492 2731 septimanatim,
511 2640 573 2712 sed
590 2661 654 2730 pro
673 2645 807 2712 aestate
825 2644 862 2712 et
875 2641 997 2730 hyeme
1016 2642 1103 2715 duos
1122 2643 1198 2715 dies
1212 2643 1395 2738 peccabam
1411 2645 1588 2734 laborant,
1606 2650 1643 2716 et
1654 2644 1772 2736 fruges

92 2791 94 2799 ⁸
217 2763 368 2833 insertas
404 2765 557 2851 metunt,
594 2761 762 2852 colligunt
797 2764 832 2832 et
866 2761 902 2832 in
938 2762 1102 2834 horreum
1137 2764 1323 2853 inducunt3
1358 2766 1444 2836 item
1480 2785 1547 2837 ova
1581 2785 1651 2837 nou
1678 2765 1771 2856 dant,

217 2882 296 2953 item
322 2882 439 2974 gallos
465 2902 533 2953 non
561 2882 718 2970 solvunt,
752 2883 835 2953 itero
863 2901 981 2954 caseos
1008 2903 1077 2956 non
1105 2884 1209 2975 dant,
1243 2886 1328 2956 Item
1355 2905 1491 2981 caazpcp
1526 2905 1597 2956 uon
1623 2885 1770 2958 solvunt.

217 3005 303 3076 Item
340 3008 397 3076 eet
432 3003 481 3075 ibi
516 3021 586 3075 una
620 3005 767 3075 taberna
801 3003 933 3075 habens
970 3024 1091 3095 agros,
1114 3010 1165 3077 ret
1190 3006 1295 3079 solvit
1323 3006 1474 3098 quinque
1500 3025 1644 3078 marcas.
1682 3007 1771 3078 Itern

187 3111 190 3124 '
218 3125 418 3198 cmethones
445 3124 583 3197 foenum
611 3130 647 3196 et
665 3129 802 3214 pratum
827 3123 1025 3198 coenobiale
1043 3125 1247 3200 falcastrare
1273 3133 1446 3200 tenentur.
1485 3127 1574 3198 Item
1592 3127 1771 3217 praedium

218 3267 283 3318 non
302 3251 360 3318 eat
379 3245 436 3316 ibi.
476 3245 564 3318 Item
583 3251 637 3318 est
654 3245 704 3317 ibi
720 3243 963 3335 molendinum,
991 3246 1083 3337 quod
1101 3247 1206 3320 solvit
1232 3254 1313 3322 octo
1340 3253 1480 3339 scottos,
1507 3249 1640 3320 habene
1658 3267 1770 3339 agros.

216 3368 301 3439 Item
330 3364 414 3440 eunt
441 3367 489 3440 ibi
508 3367 597 3463 duae
623 3365 842 3439 hortulauiae
869 3366 1037 3440 hahentes
1065 3389 1178 3459 agros.
1216 3370 1305 3441 Item
1323 3390 1442 3442 omnes
1468 3370 1545 3460 agri
1571 3369 1675 3441 villae
1702 3370 1771 3441 sol·

216 3494 300 3559 vuut
332 3493 371 3559 et
406 3487 602 3560 conducunt
629 3487 801 3559 'decimam
828 3487 1078 3578 manipularem
1114 3494 1151 3560 et
1175 3492 1377 3580 canapalem
1411 3511 1476 3581 pro
1503 3490 1636 3562 vicaria
1670 3509 1772 3580 prae-

216 3607 350 3680 bendae
378 3607 633 3696 Oramviensis,
661 3629 749 3698 quae
767 3613 911 3680 vocatur
937 3608 1200 3700 Lyasezowska,
1226 3616 1264 3684 et
1280 3611 1380 3683 valor
1406 3611 1481 3684 eius
1497 3611 1702 3684 aestImatur
1727 3609 1773 3681 ad

218 3728 399 3800 duodecim
417 3749 560 3807 marcas.
601 3727 1772 3822 GoufinatcumStanislawicze,Lapszicze,Gedzicze,

217 3849 495 3941 Syedlyccz,
523 3849 687 3922 Chelm.

322 3969 605 4060 TanoowusrrA,
631 3971 715 4042 villa
741 3970 805 4042 sub
832 3971 998 4060 parochia
1024 3969 1067 4042 de
1086 3969 1242 4043 Chelm
1269 3972 1352 4061 sita,
1380 3973 1478 4042 cuius
1505 3972 1701 4061 proprietas
1728 3971 1774 4042 ad

218 4091 465 4163 monasterium
491 4091 760 4182 Myechovieuse
786 4092 947 4182 pertinet.
988 4091 1028 4162 In
1048 4113 1116 4182 qua
1135 4097 1217 4164 sunt
1242 4092 1528 4164 tredecimlanei
1555 4111 1631 4162 cum
1649 4091 1772 4180 medio,
1876 4121 1882 4130 =

219 4217 255 4283 et
280 4213 430 4304 quilibet
466 4211 570 4284 solvit
595 4234 700 4305 unam
727 4233 896 4302 marcam,
931 4211 1016 4284 item
1043 4213 1192 4304 triginta
1217 4235 1291 4303 ova
1317 4214 1402 4284 item
1428 4211 1515 4284 duos
1540 4211 1661 4302 gallos,
1687 4212 1773 4282 item

218 4333 304 4406 duos
333 4355 467 4424 caseos;
493 4335 576 4406 item
595 4335 756 4407 laborare
783 4339 924 4405 tenetur
950 4333 1097 4425 quilibet
1124 4340 1274 4426 quatuor
1301 4335 1374 4406 dies
1401 4333 1437 4404 in
1456 4333 1666 4426 septimana,
1692 4353 1774 4422 pro-

92 4487 93 4490 *
218 4456 294 4546 prio
322 4477 426 4527 curro
453 4460 514 4527 aut
539 4461 672 4544 aratr0;
699 4455 782 4527 item
800 4456 936 4568 ratIoue
964 4477 1100 4550 csazyepa
1128 4456 1234 4528 solvit
1259 4476 1365 4528 unam
1391 4475 1587 4526 mensuram
1615 4453 1774 4544 ailfginis,

219 4575 304 4648 duas
331 4597 460 4648 avenae
478 4595 659 4647 mensuras
686 4575 876 4666 confertas,
905 4581 1055 4666 quatuor
1072 4597 1222 4666 ¹grossos
1250 4581 1286 4647 et
1306 4597 1367 4647 sex
1386 4575 1557 4646 denarios.
1596 4573 1686 4644 Item
1704 4594 1773 4644 non

117 4769 119 4774 ,
220 4703 301 4768 sunt
327 4698 495 4768 tabernae
529 4697 566 4767 in
592 4697 712 4768 eadem
741 4696 832 4772 villa
877 4696 964 4768 Item
1000 4703 1082 4770 aunt
1108 4703 1182 4769 tres
1208 4697 1428 4769 hortulauiae
1463 4695 1632 4788 habentes
1659 4713 1773 4784 agros,

221 4823 256 4888 et
281 4817 458 4908 quaeh'bet
484 4839 589 4890 unum
615 4817 785 4890 fertonem
813 4817 935 4908 solvit,
971 4823 1007 4890 et
1033 4839 1139 4890 uuum
1175 4817 1266 4890 diem
1301 4815 1464 4908 pedester
1498 4817 1643 4888 laborat
1683 4813 1775 4884 Item

99 4929 104 4944 “
221 4937 401 5028 praedium
430 4943 484 5011 est
511 4938 560 5012 ibi
588 4938 787 5012 coenobiale
814 4938 956 5029 honum,
984 4937 1026 5010 de
1045 4921 1112 5030 quc
1140 4939 1226 5010 nulli
1253 4938 1411 5028 decimat,
1437 4937 1498 5008 sed
1525 4933 1774 5008 monasterium

219 5081 281 5150 pro
301 5059 524 5132 sedecimam
550 5059 652 5132 tollit.
693 5060 780 5131 Item
808 5059 883 5150 agri
903 5059 1006 5132 villae
1034 5059 1131 5133 varie
1148 5059 1289 5132 solvunt
1315 5059 1482 5130 decimam
1509 5055 1773 5145 manipularem:

219 5202 298 5254 nam
318 5181 361 5253 de
379 5201 441 5254 sex
457 5181 567 5254 laneis
594 5185 630 5253 et
645 5180 761 5253 medio
787 5181 888 5253 laneo
907 5185 1029 5253 etune
1047 5186 1173 5272 quarta
1191 5180 1339 5253 solvitur
1366 5185 1402 5251 et
1420 5177 1623 5251 conducitur
1640 5173 1775 5246 decima

221 5303 445 5394 manipularis
472 5307 508 5375 et
534 5303 723 5394 canapalis,
750 5323 814 5394 pro
841 5302 1051 5376 monasterio
1079 5301 1355 5393 Myechovieusi,
1391 5303 1427 5370 et
1443 5298 1542 5370 valor
1568 5296 1642 5368 eius
1669 5297 1775 5368 aesti-

91 5467 92 5476 ι
221 5431 336 5496 matur
363 5423 407 5496 ad
435 5424 552 5496 decem
578 5443 731 5513 mareas3
759 5423 802 5496 de
821 5423 900 5495 aliis
926 5443 1009 5494 vero
1037 5427 1186 5513 septem,
1213 5423 1326 5494 miuus
1353 5424 1497 5512 quarta,
1523 5417 1644 5508 laneis,
1670 5417 1775 5490 solvi·
1843 5458 1847 5464 -

91 5553 92 5584 ³
221 5549 276 5618 tur
313 5551 351 5618 et
377 5543 580 5646 conducitur
614 5565 680 5636 pro
715 5543 915 5635 praehenda
949 5539 1190 5633 GracovienaI,
1227 5563 1314 5634 quae
1342 5539 1538 5633 appellatur
1572 5537 1775 5630 Bozowska,

222 5673 257 5741 et
282 5667 383 5740 valor
410 5667 515 5740 etiarn
542 5667 618 5739 eius
643 5667 847 5742 aestimatur
874 5666 919 5739 ad
946 5663 1065 5738 decem
1090 5684 1234 5737 marcas.

323 5835 372 5880 Lib.
381 5835 478 5877 aeneae
491 5833 533 5879 111
1571 5813 1586 5859 2
