4492 6592
456 743 479 810 4

323 980 328 990 ’
453 949 489 1018 et
524 943 858 1016 administrationem
893 937 1129 1030 spiritualium
1164 944 1200 1010 et
1234 938 1480 1029 temporalium
1514 942 1652 1029 gerunt.
1698 937 1784 1009 Tam
1818 935 2007 1010 foecundos

455 1071 573 1138 autem
597 1071 634 1136 et
660 1064 785 1136 uberes
812 1061 919 1132 babet
953 1061 1204 1132 monasterium
1238 1059 1433 1151 praefatum
1459 1059 1728 1150 Myecboviense
1753 1058 1932 1148 redditus,
1967 1065 2008 1130 ut

454 1181 590 1260 centum
616 1185 743 1257 fratres
770 1184 865 1255 alere
901 1182 1046 1274 siugulis
1082 1183 1183 1254 anuis
1209 1181 1420 1255 sufficienter
1445 1186 1573 1272 posset,
1608 1166 1741 1254 autad
1767 1180 1881 1278 miuus
1907 1199 2007 1251 sexa-

453 1309 562 1400 ginta;
589 1306 650 1378 sed
676 1307 785 1377 multo
812 1305 1030 1377 rescisiorem
1057 1325 1238 1376 numerum
1256 1303 1405 1375 fratrum
1430 1302 1535 1375 fovet.
1562 1302 1629 1374 Est
1655 1304 1761 1374 etiam
1787 1303 2006 1393 praepositus

454 1429 732 1520 Myecboviensis
748 1426 905 1518 'quilibet
931 1427 1063 1498 honore
1090 1425 1219 1497 infulae
1245 1427 1447 1515 insignitus,
1474 1430 1608 1496 ettam
1635 1425 1680 1496 ad
1707 1423 1868 1514 infulam,
1905 1443 2008 1514 quam

456 1551 500 1622 ad
525 1551 685 1625 baculum
711 1569 776 1640 per
802 1551 1002 1638 episcopum
1030 1545 1295 1619 Gra'oovieusem
1321 1551 1554 1619 consecratur.
1584 1545 1664 1617 Mos
1691 1552 1807 1617 autem
1834 1545 2005 1635 pessimus

453 1673 490 1742 iu
516 1673 727 1743 monasterio
754 1669 911 1760 praefato
938 1690 960 1739 a
986 1668 1150 1740 diuturno
1176 1675 1333 1758 tempure
1360 1667 1595 1757 introductus,
1635 1668 1769 1739 animas
1796 1673 1833 1738 et
1858 1687 2005 1757 praepo

444 1789 514 1864 ‘siti
541 1798 578 1864 et
602 1791 751 1863 fratrum
777 1791 921 1864 foedans
953 1797 990 1862 et
1015 1811 1257 1881 corrumpens,
1293 1791 1398 1861 etiam
1433 1809 1543 1880 usque
1579 1789 1625 1860 ad
1651 1790 1741 1860 banc
1775 1787 1868 1860 diem
1902 1789 2007 1877 viget3

455 1914 583 2004 singuli
611 1915 702 1984 enim
728 1913 857 1984 fratres
883 1913 1135 2004 proprietates,
1161 1912 1286 2002 quibus
1302 1912 1339 1982 iu
1356 1911 1572 2002 professione
1597 1911 1888 1982 renuntiauerant
1913 1911 2005 1979 iure

455 2036 612 2126 iurando,
636 2040 818 2106 sectantur
843 2035 990 2125 publice,
1017 2039 1054 2105 et
1080 2034 1175 2124 cibis,
1203 2035 1262 2124 qui
1289 2033 1332 2104 de
1349 2032 1569 2105 conventuali
1596 2033 1725 2122 popina
1751 2033 1802 2102 eir
1830 2049 2008 2121 apponun-

455 2163 514 2228 tur
540 2177 662 2247 parum
690 2157 853 2247 contenti,
880 2155 1073 2245 singulares
1108 2157 1175 2227 sibi
1201 2155 1403 2245 praeparari
1438 2154 1603 2226 ordiuaut
1629 2154 1725 2225 cibos
1752 2160 1788 2224 et
1813 2152 1946 2224 fercula
1971 2153 2006 2220 ib

457 2279 607 2368 civitate,
635 2277 761 2368 quibus
787 2279 874 2348 bora
899 2277 1038 2366 prandii
1065 2284 1102 2348 et
1128 2297 1314 2348 coenarum
1339 2281 1528 2347 vescuntur
1554 2277 1590 2347 iu
1617 2275 1793 2347 refectorii
1819 2275 1912 2362 loco;
1939 2273 2007 2344 duo

456 2401 599 2488 insuper
625 2419 667 2469 ex
693 2397 871 2486 fratribus,
899 2397 1046 2469 vinarias
1073 2397 1185 2487 plebis
1212 2403 1250 2468 et
1275 2396 1461 2487 parochiae
1487 2402 1658 2486 gerentes,
1686 2396 1853 2486 speciales
1879 2395 2009 2465 babent

431 2520 630 2609 introitus3
657 2524 774 2590 custos
801 2519 916 2607 etiam,
943 2519 1198 2607 thesaurarius,
1223 2524 1499 2608 procuratorque
1525 2523 1562 2588 et
1587 2519 1717 2588 caeteri
1743 2516 1908 2588 officiales
1935 2535 2006 2584 mo

456 2640 766 2731 uasterii„babent
793 2640 957 2710 introitus
984 2639 1142 2728 privatos
1168 2639 1236 2710 sibi
1261 2643 1458 2728 usurpatos,
1485 2659 1573 2728 quos
1599 2640 1635 2709 iu
1653 2639 1810 2728 privatas
1837 2636 2008 2707 utilitates

456 2766 671 2851 convertunt,
699 2760 763 2832 sub
789 2761 856 2832 boc
873 2760 989 2830 colore
1016 2765 1053 2830 et
1079 2759 1204 2850 specie,
1231 2759 1362 2830 scelere
1389 2763 1425 2829 et
1450 2759 1529 2830 labe
1555 2760 1792 2849 proprietatis,
1819 2755 2007 2847 superiori·

456 2884 521 2954 bus
542 2882 584 2958 ¹id
610 2882 851 2970 tolerantibus,
879 2899 917 2950 se
944 2881 1136 2969 inquinant.
1396 2972 1398 2975 Ι

559 3002 769 3091 Mancuow,
797 3000 960 3090 oppidum
989 3002 1141 3092 quinque
1163 3001 1368 3072 milliaribus
1395 3000 1530 3071 distans
1556 3020 1578 3070 a
1604 2999 1850 3089 Gracoria,
1878 3000 2009 3070 babens

458 3123 641 3210 ecclesiam
675 3121 909 3230 parochialem
945 3127 981 3190 et
1017 3121 1252 3192 coenobialem
1288 3126 1459 3192 muratam
1496 3121 1532 3190 iu
1560 3141 1616 3210 se,
1649 3122 1747 3191 cuius
1783 3121 1894 3191 omnis
1929 3141 2010 3209 pro·
2090 3132 2093 3136 ·

456 3244 589 3333 prietus
616 3242 660 3313 ad
687 3242 935 3313 monasterium
962 3241 1231 3332 Myecboviense
1267 3243 1429 3332 pertinet.
1473 3241 1513 3312 Iu
1550 3243 1617 3312 boc
1652 3241 1779 3332 oppido
1806 3247 1888 3312 suut
1914 3241 2005 3312 lanei

457 3363 709 3454 oppidanorum
735 3369 772 3433 et
798 3363 944 3453 quilibet
971 3363 1076 3434 soluit
1102 3363 1146 3434 de
1172 3363 1272 3434 laneo
1298 3385 1363 3453 pro
1381 3383 1488 3434 ceusu
1515 3364 1727 3434 monasterio
1753 3383 1816 3452 per
1843 3367 2008 3452 quatuor·
2100 3450 2103 3454 .

457 3485 568 3556 decim
596 3490 727 3556 scottos
754 3505 959 3556 communes.
985 3483 1074 3555 Item
1100 3485 1244 3556 suntin
1270 3483 1392 3555 eodem
1419 3485 1547 3575 oppido
1565 3485 1788 3574 septuaginta
1813 3485 1946 3573 domus,
1973 3489 2009 3553 et
2129 3499 2132 3506 ·

458 3605 635 3696 quaelibet
661 3605 798 3676 ratione
824 3605 947 3676 domus
974 3609 1010 3676 et
1037 3625 1157 3694 areae,
1185 3604 1291 3677 solvit
1315 3606 1528 3677 monasterio
1555 3625 1662 3676 unum
1688 3625 1859 3695 grossum,
1886 3612 1923 3676 et
1950 3625 2007 3675 ra-

456 3728 553 3800 tione
576 3724 728 3822 protom
754 3747 860 3796 uuum
887 3745 1057 3816 grossum,
1083 3727 1206 3797 laneus
1226 3731 1342 3797 autem
1369 3726 1516 3816 quilibet
1542 3727 1648 3798 solvit
1672 3736 1861 3817 proceusu
1886 3747 2009 3796 mona-

457 3849 574 3920 sterio.
593 3903 601 3918 .
620 3903 654 3918 ..
682 3847 769 3919 Item
796 3847 889 3919 horti
918 3853 999 3919 sunt
1024 3847 1173 3919 sedecim
1199 3849 1236 3920 iu
1264 3847 1384 3920 eodem
1411 3848 1539 3938 oppido
1565 3855 1602 3919 et
1628 3848 1928 3945 quilibet‘solvit.
1948 3903 1955 3918 .
1975 3903 2009 3917 ..

456 3976 493 4040 et
520 3991 625 4042 uuum
652 3970 742 4041 dlem
770 3971 806 4040 iu
834 3970 1028 4060 septimana
1054 3970 1243 4041 laborare.
1262 4025 1269 4040 .
1288 4006 1322 4039 ¹..
1341 4006 1375 4040 .-.
1419 3969 1507 4041 Item
1535 3970 1578 4041 de
1605 3970 1760 4060 quolibet
1785 3971 1886 4040 laneo
1913 3969 2007 4041 civili

408 4141 413 4146 -
455 4092 592 4163 ratione
619 4111 753 4187 oaqep,
788 4097 930 4162 tenetur
957 4092 1104 4184 quilibet
1131 4092 1268 4164 solvere
1304 4111 1408 4163 uuam
1433 4113 1631 4162 mensuram
1662 4091 1811 4181 siliginis
1839 4097 1876 4163 et
1901 4113 2005 4162 unam

456 4233 596 4284 avenae.
621 4213 709 4282 Item
737 4233 855 4283 omues
883 4214 959 4302 agri
987 4213 1239 4302 oppidanorum
1258 4213 1399 4283 solvunt
1425 4219 1461 4283 et
1489 4213 1686 4284 conducunt
1703 4212 1872 4283 decimam
1898 4213 2008 4283 maui-

455 4334 613 4422 pularem
639 4353 704 4422 pro
731 4333 941 4404 monasterio
969 4332 1250 4424 Myechoviensi,
1276 4340 1313 4405 et
1339 4319 1438 4405 valor
1464 4335 1538 4406 elus
1566 4335 1769 4406 aestimatur
1797 4334 1841 4405 ad
1868 4341 2006 4404 centum

455 4453 603 4542 triginta
628 4473 771 4525 marcas.
798 4454 887 4525 Item
915 4453 1081 4524 decimam
1110 4454 1309 4544 canapalens
1336 4477 1404 4525 uun
1423 4455 1570 4527 solvunt.
1597 4455 1686 4526 Item
1704 4455 1903 4526 molendina
1929 4456 2007 4543 duo,

458 4574 501 4644 de
520 4575 645 4664 quibus
662 4581 831 4646 metretae
850 4575 1033 4647 solvuntur
1050 4577 1273 4667 monasterio,
1291 4578 1327 4646 in
1345 4576 1485 4648 flumine
1513 4575 1660 4667 Gzycb
1671 4597 1700 4647 a.
1727 4576 1876 4647 Macella
1894 4577 2006 4648 carni-

456 4694 558 4767 lioum
585 4695 709 4785 viginti
735 4715 812 4787 sex,
849 4701 885 4767 et
911 4695 1090 4786 quodlibet
1116 4697 1221 4769 soluit
1246 4699 1458 4769 monasterio
1492 4699 1618 4788 uiginti
1645 4683 1947 4789 unum‘grossum,
1973 4705 2008 4768 et

456 4817 499 4889 de
527 4837 609 4907 sepo
636 4837 742 4888 uuum
768 4815 927 4908 lapidem.
955 4817 1104 4889 Macella
1131 4825 1288 4891 sutorum
1315 4820 1459 4910 viginti,
1495 4827 1531 4890 et
1558 4821 1740 4911 quodlibet
1767 4821 1875 4892 solvit
1895 4874 2008 4890 .....

454 4938 544 5010 Item
571 4937 750 5028 praedium
777 4943 831 5009 est
858 4939 905 5009 ibi
933 4939 1101 5028 optimum
1137 4939 1180 5010 de
1208 4940 1304 5010 cuius
1331 4942 1425 5030 agris
1460 4941 1709 5011 monasterium
1736 4939 2007 5031 Myecbuvieuse

454 5061 548 5132 tollit
563 5059 751 5141 decimam.
777 5057 927 5130 Macella
954 5059 1135 5153 pistorum,
1162 5061 1341 5151 quodlibet
1359 5062 1464 5133 solvit
1489 5082 1553 5151 per
1569 5067 1642 5132 tres
1660 5082 1810 5152 grossos,
1838 5061 1882 5132 a'd
1901 5081 2007 5152 quae-

332 5181 364 5222 ·'
455 5181 542 5253 libet
568 5185 719 5273 quatuor
745 5187 912 5271 tempora.
939 5179 1099 5251 Ooufinat
1139 5201 1214 5252 cum
1255 5181 1561 5273 Zagora-irae,
1601 5182 1872 5273 Jaksuicze,
1909 5182 2041 5274 Sye-'

456 5301 634 5394 dlislra,
661 5302 824 5395 Wolya
850 5300 1099 5392 Kaliuska,
1126 5301 1364 5393 Zagorow,
1392 5302 1743 5393 Psztroszicze,
1770 5302 2009 5375 Gomarow.

456 5421 628 5494 Donatum
644 5423 859 5498 monasterio
886 5443 949 5514 per
967 5421 990 5494 J
999 5423 1142 5493 alrsza
1167 5422 1322 5492 militem.

560 5542 823 5644 Zsooszuczn,
858 5543 941 5617 villa
968 5543 1033 5616 sub
1060 5545 1227 5634 parocbia
1253 5543 1418 5615 ecclesiae
1445 5544 1489 5616 de
1516 5529 1750 5636 Myecbou
1785 5546 1870 5637 sita,
1911 5547 2007 5618 cuius

454 5663 651 5754 proprietas
687 5663 731 5734 ad
756 5666 1005 5739 monasterium
1040 5664 1311 5756 Myeclroviense
1347 5667 1508 5755 pertinet.
1552 5666 1592 5736 Iu
1619 5687 1688 5756 qua
1714 5673 1796 5738 suut
1826 5667 1946 5737 decem
1972 5673 2008 5737 at
