4492 6592
485 843 558 914 242

587 1045 755 1135 GnonuO,
783 1045 866 1116 villa
893 1045 958 1116 suh
981 1043 1148 1134 parochia
1175 1044 1341 1116 ecclesiae
1368 1043 1411 1114 de
1438 1042 1707 1134 Pyotrawiu
1735 1044 1811 1131 sita
1838 1043 1938 1114 cuius
1956 1065 2029 1133 pro

471 1169 614 1259 prietes
640 1173 677 1238 et
703 1167 892 1238 dominium
920 1165 964 1236 ad
991 1166 1237 1236 monasterium
1265 1163 1396 1235 Calvi
1430 1163 1606 1235 Montis
1632 1163 1780 1235 Sanctae
1808 1162 1931 1235 Crucis
1958 1186 2031 1255 per·

481 1291 579 1361 tinet.
606 1289 646 1359 ln
674 1308 742 1379 qua
769 1292 850 1358 sunt
876 1287 1032 1358 undecim
1070 1287 1162 1357 lanei
1190 1285 1424 1358 emethonales
1474 1293 1510 1356 et
1538 1279 1682 1376 quilibet
1708 1286 1812 1357 solvit
1838 1306 1903 1375 pro
1932 1306 2031 1357 censu

471 1429 544 1482 ,sex
571 1430 721 1501 grossos,
748 1411 831 1480 item
859 1429 925 1481 ova
953 1407 1157 1499 quindecim,
1182 1409 1267 1479 item
1294 1407 1423 1498 gallum
1450 1424 1581 1496 unom3·
1614 1407 1698 1479 item
1724 1429 1844 1479 caseos
1868 1428 1942 1478 non
1970 1408 2032 1477 sol-

471 1537 588 1620 .vunt;
624 1532 707 1602 item
735 1530 896 1602 laborant
931 1530 1022 1600 dienr
1049 1551 1155 1601 unum
1183 1530 1218 1599 in
1245 1529 1462 1601 hebdomada
1498 1529 1678 1619 pedestres
1714 1525 1759 1599 et¹
1776 1531 1813 1599 in
1841 1528 2032 1619 quindecim

483 1651 614 1740 diebus,
643 1671 745 1721 cuno
774 1657 834 1721 aut
861 1658 998 1739 aratro;
1038 1651 1119 1720 item
1148 1651 1320 1722 tabernae
1347 1651 1421 1721 t'res
1448 1651 1616 1721 habentes
1642 1671 1755 1740 agros,
1782 1649 1870 1721 duae
1899 1648 2033 1719 solvont

483 1793 676 1866 perunum
703 1770 891 1862 fertonem,
926 1773 1033 1843 tertia
1060 1771 1250 1851 octodecim
1278 1793 1437 1861 grossos3
1478 1773 1559 1842 item
1588 1772 1807 1842 hortulaniae
1848 1765 1918 1840 non
1948 1777 2033 1857 sunt,

484 1895 567 1966 item
594 1892 773 1984 praedium
800 1913 870 1964 nou
897 1899 959 1982 est,
987 1894 1070 1964 item
1097 1898 1152 1963 est
1179 1894 1227 1964 ibi
1254 1893 1349 1964 lacus
1374 1893 1487 1965 honus
1504 1893 1720 1981 monasterii3
1747 1893 1832 1962 item
1851 1888 2032 1984 poroobom

486 2036 555 2086 non
582 2014 753 2103 laborant,
780 2015 863 2085 item
891 2036 1027 2109 oaczyep
1055 2033 1122 2085 nou
1151 2014 1299 2086 solvunt
1334 2014 1421 2084 Item
1449 2013 1492 2084 de
1519 2003 1678 2085 omnibus
1705 2014 1800 2104 egris
1826 2011 1978 2114 solvitur
2002 2018 2033 2080 et

486 2136 691 2208 conducitur
718 2135 851 2206 decima
878 2136 1103 2226 manipularis
1131 2142 1168 2207 et
1194 2136 1369 2226 canapalis
1404 2157 1469 2224 pro
1496 2136 1705 2206 monasterio
1732 2134 1879 2206 Sanctae
1909 2132 2033 2220 Crucis,

485 2265 522 2328 et
548 2257 646 2329 valor
672 2257 746 2328 eius
773 2257 980 2328 aestimatur
1006 2257 1050 2328 ad
1078 2257 1165 2329 duas
1192 2277 1336 2329 marcas.
1381 2256 1540 2328 Continet
1566 2277 1643 2328 curu
1669 2255 1890 2347 Kamyen,
1932 2253 2032 2344 Lya-

486 2378 683 2450 sziszka.
1127 2393 1130 2399 ’

498 2549 502 2562 ,
590 2497 864 2589 Muunzwnnn,
892 2499 975 2570 villa
1002 2501 1066 2570 sub
1095 2500 1260 2590 parochia
1287 2500 1331 2570 de
1356 2497 1564 2590 Oppolye
1591 2500 1678 2590 sita,
1705 2501 1741 2569 in
1769 2519 1838 2588 qua
1864 2503 2032 2569 monaste·

485 2621 574 2695 rium
603 2619 750 2693 Sanctae
778 2619 898 2692 Crucis
926 2607 1071 2696 Calvi
1085 2620 1262 2692 Montis
1288 2621 1395 2692 hahet
1421 2628 1495 2692 tres
1520 2622 1701 2711 tabernas,
1738 2621 1910 2692 habentes
1937 2637 2030 2708 agros

487 2741 671 2832 speciales,
699 2747 735 2812 et
762 2741 867 2813 solvit
904 2741 1078 2831 quaelibet
1114 2763 1179 2831 pro
1205 2763 1311 2814 censu
1346 2763 1411 2832 pro
1438 2742 1649 2813 monasterio
1685 2741 1832 2812 mediam
1868 2759 2032 2826 marcam,

486 2863 568 2934 item
596 2883 664 2934 non
692 2861 825 2935 iaciunt
852 2863 986 2953 aliquos
1014 2863 1163 2956 labores,
1189 2863 1274 2934 item
1293 2864 1460 2934 decimam
1480 2863 1728 2953 manipularem
1748 2863 1890 2932 solvunt
1909 2862 1952 2931 de
1970 2861 2032 2929 suis

487 2984 581 3075 agris
609 3003 672 3073 pro
691 2985 902 3055 monasterio
921 2983 1067 3056 Sanctae
1087 2982 1219 3074 Crucis,
1246 2992 1282 3055 et
1299 2985 1451 3075 propriis
1478 2985 1638 3056 curribus
1656 2984 1861 3073 conducunt,
1890 2988 1927 3052 et
1945 2981 2032 3052 valor

487 3105 561 3175 eius
597 3105 803 3176 aestimatur
830 3105 874 3176 ad
902 3127 1003 3175 uuam
1033 3125 1193 3176 marcam.
1237 3106 1325 3176 ltem
1354 3128 1422 3177 non
1449 3112 1504 3177 est
1530 3105 1580 3176 ibi
1616 3105 1793 3195 praedium
1832 3101 2031 3174 coenobiale

486 3223 574 3296 Item
602 3225 789 3297 residuitas
817 3225 920 3297 villae
948 3227 1101 3316 pertinet
1128 3227 1172 3297 ad
1200 3224 1568 3317 Chrohrzensky
1603 3231 1640 3296 et
1674 3225 1963 3314 Michowshy
1995 3222 2031 3291 de

489 3345 594 3418 armis
621 3345 773 3436 Rama,
801 3353 838 3416 et
864 3347 977 3417 locata
1004 3353 1058 3417 est
1086 3348 1333 3436 cmetbonibus,
1361 3348 1420 3438 qui
1439 3347 1579 3418 solvunt
1596 3353 1632 3417 et
1650 3346 1846 3417 conducunt
1872 3346 2030 3416 decimam

488 3467 736 3557 manipularem
765 3474 801 3539 et
828 3467 1025 3557 canapalem
1062 3489 1126 3558 pro
1154 3468 1299 3540 ecclesia
1334 3467 1524 3559 parochiali
1554 3469 1587 3537 in
1621 3465 1836 3558 Oppolye.
1883 3463 2031 3537 Couhuat

489 3607 565 3660 cum
593 3585 801 3680 Oppolye
829 3588 965 3680 oppido.

592 3706 779 3800 Osszrnu,
820 3710 983 3800 oppidum
1012 3699 1056 3781 de
1082 3731 1191 3802 prope
1218 3709 1578 3800 Coprzywnioza
1613 3713 1737 3795 situm,
1772 3709 1918 3779 ‘habens
1942 3707 1976 3777 in
2000 3725 2030 3775 se

489 3829 669 3902 ecclesiam
697 3831 927 3920 parochialem
955 3831 1115 3923 ligneam,
1143 3831 1271 3903 Sancto
1289 3830 1463 3903 Stanislao
1489 3832 1635 3923 martyri
1655 3837 1691 3902 et
1709 3829 1864 3920 pontifici
1890 3828 2029 3919 glorioso

490 3951 647 4042 dicatam,
676 3957 711 4022 et
729 3973 791 4042 per
810 3951 954 4027 Paulum
974 3951 1279 4044 Szmilowslry
1307 3952 1456 4024 nobilem
1475 3954 1715 4044 presbyterum
1734 3953 1777 4023 de
1795 3951 1900 4021 domo
1919 3947 2029 4020 Osto-

432 4161 435 4167 ,
490 4093 560 4163 ya,
588 4072 821 4162 pulcherrimo
850 4093 954 4164 opere
980 4072 1195 4144 fabricatam.
1394 4057 1399 4070 ’
1614 4077 1618 4084 ’

599 4191 719 4278 Nota,
762 4193 853 4285 quod
881 4195 925 4265 ad
954 4196 1201 4267 monasterium
1230 4195 1377 4268 Sanctae
1404 4194 1525 4267 Crucis
1560 4195 1723 4288 oppidum
1759 4192 1964 4284 Osszyek
1995 4189 2029 4259 de

398 4341 402 4348 ·
491 4316 633 4406 antiquo
661 4317 871 4406 pertinebat
898 4317 959 4388 sed
987 4337 1050 4406 per
1068 4318 1243 4388 dominum
1271 4317 1294 4388 J
1303 4318 1491 4388 acobum
1519 4317 1679 4388 abbatem
1708 4315 1935 4387 Boleslao
1960 4311 2028 4383 Cra·

491 4435 653 4524 coniensi,
680 4433 950 4508 Sandomiriensi
970 4436 1059 4528 duci,
1086 4437 1260 4509 Pudico
1288 4439 1471 4528 appellato,
1499 4437 1869 4528 Cunegundique
1889 4433 2028 4507 ducissae

486 4557 633 4646 coniugi
670 4577 762 4647 suae,
799 4559 979 4630 occasione
1005 4558 1257 4650 libertaticum,
1275 4575 1394 4650 ¹quam
1431 4559 1521 4630 idem
1556 4559 1624 4630 dux
1651 4559 1862 4630 monasterio
1900 4557 2028 4630 Sanctae

494 4675 615 4748 Crucis
642 4677 854 4768 contulerat,
891 4680 1055 4750 donatum
1082 4688 1156 4773 est,
1192 4701 1233 4751 eo
1260 4688 1383 4772 pacto,
1424 4681 1516 4771 quod
1543 4680 1586 4751 de
1613 4682 1735 4772 zuppis
1762 4683 1796 4750 in
1825 4679 2028 4766 Bochnya

495 4799 650 4890 quolibet
677 4819 776 4889 anno,
804 4821 867 4891 pro
886 4803 1096 4874 monasterio
1124 4803 1175 4874 sal
1202 4824 1266 4893 pro
1286 4804 1438 4894 quinque
1465 4803 1590 4897 marcis
1618 4802 1754 4892 argenti
1781 4806 1951 4892 perpetuo
1967 4795 2027 4867 dari

492 4921 671 4994 debuerat.
699 4920 805 4993 Cuius
832 4922 951 4994 littera
979 4930 1032 4995 est
1059 4924 1141 4995 data
1169 4923 1492 4996 Saudomiriae
1519 4945 1609 4994 anno
1635 4923 1774 4995 Domini
1807 4925 1919 5013 1270;
1944 4937 2026 5012 quam
2128 4912 2129 4993 ζ

493 5042 715 5114 donationem
743 5049 996 5141 postmortem
1023 5045 1177 5116 eiusdem
1205 5046 1437 5135 Bolesla'i,
1465 5045 1615 5127 hesli-o
1642 5065 1749 5134 nepos
1776 5042 1943 5115 Pudici
1967 5039 2028 5110 Bo-
2128 5022 2130 5099 j:

493 5163 637 5235 leslai
675 5165 718 5236 de
745 5185 836 5237 anno
863 5165 1003 5238 Domini
1035 5167 1143 5238 1286.
1179 5175 1335 5258 tempore
1371 5168 1490 5238 Rath
1500 5167 1657 5258 yborii
1694 5167 1831 5237 abbatis
1867 5164 2027 5237 confirma·

494 5292 610 5376 verat,
647 5291 803 5378 tempore
832 5295 946 5380 autem
974 5289 1202 5380 procedente,
1239 5289 1369 5360 dictum
1399 5289 1449 5360 sal
1478 5289 1691 5378 dariusque
1719 5289 1762 5358 ad
1790 5287 2025 5358 coronationem

495 5403 737 5478 Vladislai
764 5407 964 5480 Secundi
992 5410 1084 5500 regis
1111 5408 1276 5481 Poloniae
1304 5410 1556 5481 contradictum
1585 5415 1648 5499 est,
1689 5408 1785 5479 cuius
1811 5416 1973 5497 ternpore,
1994 5398 2040 5470 ‘lt'

497 5545 587 5595 anno
614 5527 776 5600 videlicet
802 5529 941 5601 Domini
973 5531 1080 5622 1409,
1108 5530 1199 5602 idern
1227 5549 1288 5601 rer
1318 5525 1595 5602 vladislaus
1631 5529 1766 5618 redegit
1792 5536 1828 5598 et
1855 5521 2026 5599 immutarit

499 5663 665 5715 summam
693 5649 844 5739 quinque
872 5663 1064 5722 marcarum
1092 5653 1247 5743 argenti,
1282 5653 1318 5722 in
1347 5673 1511 5723 summam
1551 5653 1702 5741 quinque
1737 5669 1931 5720 marcarum
1955 5662 2025 5716 cou-
2067 5694 2070 5707 ‚
2126 5692 2127 5705 ,

499 5765 612 5836 munis
638 5769 824 5858 pecuniae,
851 5777 887 5840 et
914 5771 990 5840 dari
1018 5773 1170 5844 instituit
1198 5773 1268 5862 sal,
1304 5773 1395 5863 quod
1423 5772 1526 5844 hodie
1566 5774 1621 5844 vix
1650 5772 1752 5842 datur
1787 5769 1917 5841 valoris
1941 5765 2024 5838 trium
