4492 6592
458 737 505 816 ta

456 973 523 1022 non
559 950 645 1024 dant
679 967 835 1044 caecam,
871 947 954 1043 item
990 969 1058 1021 uon
1085 943 1216 1022 iaciunt
1234 939 1437 1045 optumam.
1478 941 1567 1022 Item
1603 966 1723 1022 omues
1747 941 1839 1020 lanei
1866 952 1903 1020 et
1929 941 2010 1038 agri
2155 987 2162 997 ·

455 1072 594 1144 solvunt
620 1077 656 1143 et
682 1071 880 1142 conducunt
906 1070 1071 1142 decimam
1099 1070 1348 1160 manipularem
1367 1075 1404 1141 et
1420 1070 1622 1160 canapalem
1640 1091 1704 1160 pro
1723 1070 2011 1142 archidiaconatu
2099 1141 2103 1146 ,

245 1281 253 1296 ,
380 1264 381 1267 ,
453 1190 1351 1282 (11000νί01111.(10011110011Κ11γ,11101111.
1463 1265 1468 1272 ,

557 1311 788 1403 Gauscnow,
823 1313 906 1384 villa
942 1313 1006 1384 sub
1041 1313 1211 1402 parochia
1246 1312 1289 1382 de
1325 1313 1531 1404 Antiqua
1557 1312 1767 1384 Braesko
1796 1313 1883 1403 sita,
1909 1313 2010 1384 cuius

453 1435 651 1526 proprietas
678 1455 741 1525 pro
768 1455 838 1504 una
865 1440 966 1524 parte
993 1434 1116 1504 maiori
1142 1434 1297 1523 pertinet
1324 1433 1368 1504 ad
1394 1435 1643 1506 monasterium
1670 1435 1707 1504 in
1725 1433 1941 1505 Brzesko.
1968 1433 2010 1504 lu

454 1575 521 1646 qua
548 1562 629 1628 suut
655 1575 777 1628 novem
805 1555 897 1626 lanei
924 1554 1169 1644 cmetbonaleS,
1196 1561 1233 1626 et
1259 1555 1406 1644 quilibet
1431 1555 1549 1626 soluit¹
1562 1551 1898 1645 mediam³marcam,
1925 1556 2009 1626 item

451 1677 598 1767 triginta
625 1698 699 1767 ova,
726 1677 810 1748 item
838 1677 925 1748 duos
951 1677 1072 1766 gallos,
1099 1676 1181 1746 item
1209 1675 1296 1747 duos
1320 1696 1452 1747 caseos.
1478 1675 1567 1746 Item
1592 1676 1766 1762 laborant,
1780 1697 1887 1748 uuum
1914 1675 2009 1748 diem

452 1799 488 1869 in
516 1799 719 1889 septimana
747 1799 829 1868 item
849 1795 1034 1892 peccabam
1061 1796 1233 1887 laborant,
1260 1797 1341 1867 item
1369 1819 1488 1892 oaepcp
1514 1797 1666 1869 solvunt.
1693 1797 1781 1868 Item
1799 1801 1854 1886 est
1871 1797 1921 1869 ibi
1938 1810 2011 1868 una

452 1920 599 1991 taberna
625 1919 835 1990 coenobialis
862 1919 993 1990 habens
1021 1917 1154 2008 amplos
1181 1938 1295 2008 agros,
1322 1924 1359 1989 ct
1385 1919 1491 1990 solvit
1515 1924 1589 1990 tres
1616 1938 1762 1990 marcas.
1801 1918 1890 2005 Item
1917 1917 2009 1990 duae

316 2118 318 2130 ¹
452 2040 671 2112 luortulaniae
706 2040 923 2112 coenobiales
959 2040 1063 2110 etiam
1099 2039 1269 2111 habentes
1303 2060 1427 2130 agros,
1453 2045 1489 2111 et
1523 2038 1673 2112 solvunt
1711 2039 1799 2110 Item
1826 2039 2009 2129 praedium

454 2161 652 2232 coenobiale
680 2182 748 2234 non
776 2167 831 2232 eei
857 2161 915 2232 ibi.
941 2160 1029 2232 Item
1056 2161 1168 2232 altera
1194 2181 1276 2250 pars
1304 2160 1407 2231 villae
1424 2160 1578 2250 pertinet
1595 2161 1640 2232 ad
1661 2160 1838 2234 Urbanum
1856 2160 2008 2250 Laplra,
2108 2213 2123 2232 ,
2171 2205 2173 2270 3

452 2282 512 2374 qui
538 2283 644 2354 habet
670 2282 718 2354 ihi
745 2281 832 2354 duos
858 2281 977 2354 laneas
1005 2281 1251 2353 cmetbonales.
1277 2281 1366 2352 Item
1393 2281 1440 2352 de'
1463 2282 1624 2353 omnibus
1649 2281 1759 2352 laneis
1779 2281 2007 2354 cmetbonali·
2171 2271 2173 2282 '

452 2404 535 2494 bus,
562 2403 716 2476 tabernis
752 2409 789 2475 et
823 2403 1051 2493 bortrrlaniis,
1078 2403 1228 2488 solvitur
1263 2408 1300 2473 et
1324 2400 1532 2474 conducitur
1557 2403 1691 2474 decima
1717 2403 1944 2493 manipularis
1970 2409 2009 2474 et
2092 2445 2095 2451 ,
2171 2389 2173 2442 ;

452 2523 627 2614 canapulis
654 2545 718 2614 pro
744 2524 1028 2596 archidiaconatu
1055 2521 1287 2614 cracoviensi,
1312 2529 1349 2597 et
1376 2523 1475 2594 valor
1500 2524 1575 2594 eius
1593 2524 1801 2595 aestimetur
1818 2525 1863 2594 ad
1882 2524 2009 2613 viginti
2068 2615 2071 2620 ,

450 2664 593 2714 marcae.
621 2645 740 2716 Tertia
767 2665 849 2746 pars
876 2645 977 2716 villae
1006 2645 1158 2734 pertinet
1183 2644 1228 2715 ad
1254 2643 1552 2735 Pyantblram,
1579 2645 1638 2733 qui
1665 2644 1880 2716 solummodo
1897 2645 2006 2717 habet

452 2766 500 2836 ibi
535 2765 734 2856 praedium,
769 2767 868 2838 cuius
903 2766 1037 2836 decium
1072 2785 1162 2854 vaga
1197 2771 1259 2836 est
1299 2763 1388 2836 Item
1423 2770 1479 2836 est
1513 2785 1597 2855 ager
1632 2765 1860 2837 cmetbonalis
1891 2765 2008 2837 dictus

451 2885 682 2978 Schadek,
710 2888 745 2958 in
773 2887 867 2977 agris
894 2885 1129 2976 praedIalibus
1155 2887 1313 2958 coenobii
1339 2886 1492 2976 locatus,
1519 2887 1579 2977 qui
1605 2887 1649 2957 de
1668 2907 1737 2958 aen
1763 2887 1887 2958 stadiis
1914 2887 2010 2958 deci-

452 3014 532 3082 mat·
550 3009 770 3098 monasterio,
797 3009 840 3079 de
867 3007 1017 3098 residuo,
1044 3007 1341 3079 archidiaconatui
1367 3005 1599 3079 Gracorieusi
1630 3005 1791 3079 00011011
1817 3029 1895 3080 cum
1921 3007 2009 3080 Ku-

311 3177 314 3191 ·
407 3146 411 3154 ’
453 3129 604 3219 chary,
631 3124 937 3200 Plawo'wicze.

586 3457 593 3468 .
708 3378 1506 3494 0001011001101001110111001110111
1541 3393 1744 3473 Brzeslro.

555 3613 869 3703 Lrnranowmzn,
896 3613 979 3686 villa
1000 3614 1069 3684 sub
1096 3604 1341 3714 parochiade
1357 3611 1483 3683 Nora
1510 3613 1779 3685 Brzeschko
1806 3615 1886 3705 sita,
1904 3616 2004 3686 cuius

336 3817 341 3824 ‚
451 3731 646 3826 proprietas
673 3734 718 3809 ad
745 3733 991 3806 monasterium
1020 3735 1054 3804 in
1082 3732 1289 3824 Antiqua
1316 3734 1550 3805 Brzeszlro
1578 3737 1741 3824 pertinet
1769 3736 1809 3808 Iu
1836 3758 1905 3827 qua
1924 3746 2007 3810 sunt

281 3911 289 3916 -
388 3923 395 3928 .
451 3863 599 3948 quatuor
625 3856 716 3927 lanei
743 3854 986 3944 auctionales,
1013 3855 1097 3926 item
1125 3854 1215 3926 dnae
1242 3855 1460 3926 hortulaniae
1486 3855 1656 3928 babentes
1683 3878 1797 3947 agros,
1815 3859 2005 3949 dequibus

452 3978 610 4049 omnibus
638 3977 784 4048 solvitur
812 3983 847 4046 et
873 3977 1078 4049 conducitur
1114 3976 1248 4047 decima
1274 3977 1499 4068 manipularis
1526 3983 1563 4047 ct
1589 3978 1766 4067 canapalis
1793 3983 2006 4052 monasterio

451 4101 485 4171 in
514 4099 719 4190 Antiqua
754 4098 1043 4188 Brzeschko,
1069 4103 1106 4169 et
1141 4098 1239 4170 valm
1275 4098 1350 4169 eius
1378 4098 1583 4170 aestimatur
1609 4099 1654 4170 ad
1682 4099 1833 4190 quinque
1861 4123 2005 4173 mareas.

450 4221 537 4293 Item
575 4227 629 4293 est
663 4221 712 4292 ibi
748 4221 927 4310 praedium
964 4219 1181 4308 coenobiale,
1208 4219 1251 4290 dc
1279 4241 1346 4308 quo
1374 4240 1442 4290 nou
1470 4219 1575 4290 solvit
1601 4220 1768 4292 decimam
1796 4222 1917 4313 alicui,
1943 4225 2006 4296 sed
2062 4227 2069 4231 ’

451 4365 526 4414 earu
548 4364 618 4432 pro
645 4321 683 4414 se
709 4342 803 4413 tollit
828 4347 865 4412 et
891 4342 926 4412 iu
953 4341 1116 4412 horreum
1145 4339 1287 4412 inducit.

553 4463 765 4553 Karthara,
793 4461 876 4534 villa
912 4461 977 4534 sub
1004 4461 1172 4552 parochia
1196 4460 1240 4532 de
1265 4459 1542 4533 Zambocnin
1569 4446 1657 4552 sita,
1685 4462 1783 4534 cuius
1809 4462 2005 4538 Stanislaus

308 4575 310 4580 ’
451 4583 890 4676 Sclridlowyeczsky
917 4582 959 4654 de
987 4583 1092 4654 armis
1118 4580 1441 4672 Odrowausch‚
1467 4589 1612 4673 propter
1637 4586 1933 4657 uxoremhaeres.
1960 4587 2001 4659 Iu

451 4727 520 4798 qua
547 4712 627 4778 sunt
653 4705 820 4778 tredecim
847 4705 938 4776 lanei
966 4703 1210 4794 cmetbonalea,
1237 4705 1344 4775 etde
1371 4705 1532 4780 omnibus
1562 4705 1711 4778 solvitur
1737 4713 1774 4778 et
1800 4708 2006 4780 conducitur

450 4827 584 4902 decima
619 4825 844 4917 manipularis
880 4831 916 4896 et
950 4825 1138 4914 canapalis.
1161 4845 1226 4917 pro
1252 4825 1464 4899 monasterio
1501 4826 1536 4896 in
1550 4826 1817 4926 ‘Brzeszkm
1844 4835 1881 4900 et
1906 4830 2006 4902 valor

449 4951 524 5022 eius
550 4949 756 5022 aestimatur
782 4947 826 5019 ad
853 4947 1018 5018 tredecIm
1047 4967 1190 5017 marcas.
1217 4946 1303 5018 Item
1330 4948 1497 5018 tabernae
1524 4947 1613 5020 duae
1638 4950 1807 5022 habentes
1834 4961 1949 5041 agros,
1966 4959 2005 5023 et

423 5074 588 5145 solvunt
615 5071 782 5142 dealmam
810 5067 1020 5140 monasterio
1049 5067 1084 5138 in
1108 5064 1326 5162 pontiliacum.
1352 5067 1440 5138 Item
1467 5069 1686 5153 hortulaniae
1704 5078 1855 5175 quatuor
1872 5073 2003 5144 habeu-

343 5270 353 5278 ,
447 5203 501 5266 tes
529 5215 643 5286 agros,
670 5199 706 5263 et
733 5191 873 5263 solvunt
899 5190 1065 5260 decimam
1094 5189 1322 5260 Brzeschensi
1357 5192 1567 5261 monasterio
1604 5193 1639 5262 iu
1663 5190 1879 5287 postumam.
1914 5195 2003 5266 Item
2035 5235 2042 5242 -

447 5316 627 5406 praedium
646 5321 700 5386 est
726 5313 774 5384 ibi
801 5331 907 5382 unum
935 5309 1095 5421 militare,
1122 5310 1166 5382 de
1194 5310 1291 5382 euius
1318 5311 1413 5400 agria
1440 5311 1587 5383 solvitur
1613 5313 1749 5386 decima
1775 5317 2000 5406 maquularis

449 5437 613 5508 ecclesiae
640 5434 831 5526 parochiali
858 5439 896 5504 et
921 5432 1068 5522 plebano
1095 5432 1130 5502 in
1159 5431 1444 5503 Zambocziu.
1471 5432 1710 5506 Molendinum
1737 5458 1806 5508 nou
1833 5444 1896 5508 est.

552 5556 880 5645 Prorusowrozn,
907 5554 990 5626 villa
1016 5553 1080 5624 sub
1108 5555 1275 5643 parochia
1300 5553 1343 5624 de
1370 5553 1658 5646 Nyegardow
1678 5558 1771 5647 'sita,
1797 5559 1895 5630 caius
1921 5581 2002 5650 pro·

447 5678 580 5771 prietes
606 5677 650 5748 ad
676 5676 827 5748 nobilem
854 5675 1128 5766 Spitkouem
1154 5675 1199 5755 de
1226 5674 1454 5748 Melsthin
1480 5677 1633 5749 nobilem
1659 5678 1703 5750 de
1721 5680 1831 5751 armis
1848 5680 2004 5753 Lalirra
