4492 6592
1679 709 1753 837 ets

184 961 402 1052 configuum
430 982 521 1036 anno
547 965 686 1036 Domini
717 967 763 1037 13
783 1021 790 1035 .
809 1021 816 1035 .
835 1020 845 1034 .
861 968 1058 1054 constituit,
1087 974 1124 1038 et
1150 967 1317 1056 templum
1344 967 1547 1056 fabricavit,
1574 949 1753 1043 duodecim
1779 979 1783 996 '

182 1103 334 1174 quoque
364 1084 492 1156 fratres
527 1085 674 1174 praefati
710 1087 853 1158 ordinis
878 1087 969 1177 stipe
995 1094 1033 1158 et
1058 1088 1278 1179 eleemosyna
1304 1089 1501 1160 mortalium
1529 1091 1755 1182 emendicata,
1794 1119 1800 1130 ’

180 1205 218 1274 in
249 1203 436 1292 profunda
460 1211 667 1294 paupertate
694 1208 867 1293 victuros,
894 1213 931 1277 et
958 1227 1030 1278 rem
1057 1207 1210 1278 divinam
1247 1209 1421 1298 horasque
1449 1210 1631 1282 canonicas
1658 1212 1753 1282 diur-
1790 1185 1793 1194 Δ

181 1346 249 1396 nas
289 1331 331 1395 et
369 1331 556 1398 nocturnas
591 1327 791 1415 expleturos
825 1347 911 1399 voce
945 1328 1018 1400 alta
1044 1333 1082 1400 et
1107 1349 1243 1400 sonora.
1283 1329 1372 1400 Erat
1399 1335 1513 1402 autern
1541 1332 1605 1402 sub
1632 1331 1754 1404 diebus

181 1448 325 1516 nostris
355 1447 391 1516 in
417 1445 575 1540 praefato
601 1449 813 1545 monasterio
840 1447 950 1520 frater
976 1448 1110 1519 ordinis
1137 1449 1291 1520 eiusdem
1320 1455 1356 1520 et
1382 1449 1458 1538 loci,
1486 1451 1599 1521 dictus
1618 1449 1755 1522 Geor-

180 1567 295 1656 gius
326 1566 372 1638 de
391 1622 398 1635 .
418 1621 425 1635 .
444 1623 451 1654 ,
470 1565 505 1637 in
534 1567 741 1639 sacerdotali
768 1569 889 1640 ordine
916 1571 1137 1656 constitutos,
1165 1571 1219 1640 vir
1244 1570 1438 1641 industrius
1465 1571 1563 1642 etad
1583 1577 1754 1660 quaerens

183 1688 270 1758 dnm
301 1689 440 1778 plumbi
466 1688 608 1759 metalla
642 1690 792 1760 naturali
825 1691 993 1761 instinctu
1027 1697 1124 1762 totus
1153 1692 1325 1779 intentus;
1352 1691 1409 1762 hic
1435 1691 1515 1762 dum
1544 1691 1587 1762 de
1614 1693 1755 1764 licentia

106 1831 109 1835 ’
184 1809 242 1879 sni
270 1809 480 1898 superioris,
508 1793 811 1898 adquaerendam
838 1810 971 1899 plumbi
997 1811 1164 1881 mineram
1177 1811 1219 1880 in
1240 1811 1415 1882 montibus
1434 1809 1755 1903 Elkuschiensibns,

184 1930 292 2000 annis
321 1929 483 2020 pluribus
509 1927 640 2000 ‹flutius
668 1931 871 2018 invocasset,
898 1937 936 2002 et
965 1923 1229 2022 investigationi
1255 1949 1340 2004 suae
1357 1949 1399 2003 ac
1417 1932 1492 2024 spei
1508 1931 1626 2004 felices
1645 1951 1754 2003 venae
1846 1935 1852 1946 '

186 2056 298 2140 atque
329 2034 456 2122 uberes
484 2052 632 2142 votivae,
658 2052 929 2155 respondissent,
955 2073 999 2126 ex
1026 2058 1114 2126 arte,
1129 2053 1198 2142 illa,
1222 2053 1382 2142 quaesitu
1400 2058 1436 2123 et
1454 2053 1572 2124 labore
1591 2053 1754 2123 diuturno

184 2173 377 2263 exercitio,
402 2173 536 2265 agitata
561 2171 693 2246 ditatus
719 2180 775 2245 est
799 2173 985 2264 plurimum
1013 2181 1049 2244 et
1076 2173 1253 2264 vulgarem
1282 2180 1387 2264 atque
1405 2193 1616 2244 communem
1638 2174 1756 2263 appel·

185 2294 362 2367 lationem
389 2293 535 2366 sonitus
562 2317 583 2364 a
610 2296 780 2367 communi
808 2296 935 2384 populo
962 2295 1059 2365 dives
1085 2296 1282 2382 monachus,
1310 2315 1386 2365 cum
1405 2300 1520 2366 tamen
1540 2295 1754 2384 professione

193 2416 385 2488 mendicus
411 2422 513 2504 esset,
541 2437 609 2488 non
638 2437 746 2504 secus,
773 2437 876 2505 quam
904 2396 1004 2487 albus
1030 2437 1156 2488 corvus
1174 2415 1423 2506 appellabatur.
1448 2416 1483 2486 Is
1501 2420 1616 2486 tamen
1636 2435 1754 2510 omnes

185 2537 363 2627 pecunias
389 2558 431 2608 ex
459 2537 657 2610 huiusmodi
683 2538 802 2607 labore
830 2539 1017 2626 quaesitas,
1043 2538 1078 2607 in
1107 2535 1282 2626 profectus
1310 2542 1346 2606 et
1364 2535 1528 2607 fabricam
1549 2536 1752 2606 monasterii

189 2659 227 2728 in
256 2657 481 2748 Elkusch,
509 2660 607 2730 etin
636 2646 861 2728 necessitates
888 2657 1033 2728 fratrum
1062 2660 1096 2728 in
1116 2657 1295 2746 praedicto
1315 2637 1526 2726 monasterio
1545 2655 1753 2744 degentium,

191 2779 255 2849 sed
295 2785 335 2850 et
371 2780 512 2868 borum,
541 2780 600 2868 qni
636 2780 671 2848 in
699 2777 931 2848 Gracovia
964 2778 1055 2867 apud
1092 2777 1254 2848 Sanctam
1282 2776 1503 2855 Oatberinam
1532 2775 1753 2861 consistebat,

189 2901 435 2989 convertebat,
462 2901 537 2971 eius
564 2921 700 2990 quoque
727 2899 922 2988 sumptibus
948 2899 1186 2988 etimpensis,
1206 2898 1351 2969 ecclesia
1369 2895 1571 2968 monasterii
1590 2895 1752 2986 praefati,
1842 2949 1849 2964 ,

189 3027 227 3092 et
253 3021 462 3094 monasterii
490 3021 688 3092 habitacula
713 3026 750 3091 et
776 3019 944 3109 officinae,
971 3019 1111 3090 fuerunt
1138 3018 1340 3089 notabiliter
1367 3017 1532 3107 insignita
1549 3021 1586 3087 et
1604 3016 1753 3086 adaucta

189 3141 226 3212 in
254 3141 334 3213 suis
360 3141 502 3213 fabricis
528 3148 566 3213 et
583 3141 788 3238 ¹structuris.

820 3338 1132 3358 m
1195 3339 1198 3346 *

852 3550 1103 3650 XANSOH.

270 3779 479 3876 ‚Tertinm
518 3779 799 3852 monasterium
839 3775 1015 3850 Fratrum
1054 3772 1311 3848 Eremitsrum
1351 3772 1454 3845 Beati
1484 3770 1687 3868 Augustini
1717 3769 1753 3842 in

160 3938 162 3943 ·
195 3902 350 3974 dioecesi
377 3901 598 3973 cracoviensi
625 3907 661 3972 et
686 3899 722 3970 in
750 3898 878 3989 oppido
905 3896 1046 3967 Xansch
1074 3894 1285 3982 consistam,
1313 3893 1405 3982 quod
1433 3891 1455 3963 J
1466 3892 1604 3962 aszlro
1622 3891 1755 3977 ,haeres

197 4023 241 4094 de
269 4022 501 4094 Melsthin
528 4021 738 4092 castellanus
766 4017 1023 4106 OracovicnsiS,
1051 4037 1129 4087 cum
1156 4015 1326 4106 genitrice
1353 4033 1417 4084 sua
1443 4011 1581 4083 nomine
1608 4009 1686 4081 Off
1691 4011 1753 4098 ka,

198 4164 291 4216 anno
328 4142 468 4214 Domini
499 4143 545 4212 14
565 4195 679 4211 .....
705 4139 880 4227 fundavit,
916 4145 953 4210 et
979 4137 1124 4228 pulchro
1160 4156 1259 4206 muro
1292 4133 1469 4205 ecclesiam
1506 4131 1692 4203 aedificans
1719 4135 1756 4201 et

198 4264 465 4346 testitudinem,
502 4263 608 4334 etiam
644 4261 798 4332 officinas
831 4258 1034 4331 monasterii
1061 4263 1097 4328 et
1125 4255 1323 4328 habitacula
1359 4274 1422 4344 pro
1450 4252 1561 4333 servis
1588 4251 1653 4322 Dei
1682 4251 1754 4320 suis

199 4385 395 4476 sumptibus
423 4392 460 4458 et
486 4384 650 4474 impensis
670 4381 891 4469 construxit,
928 4379 1246 4466 duodenariumqnc
1274 4391 1454 4448 numerum
1484 4373 1630 4444 fratrum
1658 4391 1754 4442 men-

199 4505 408 4595 dicantium,
443 4513 481 4578 et
506 4503 663 4594 regulam
695 4502 797 4573 Beati
825 4500 1013 4591 Augustini
1041 4520 1084 4570 ex
1112 4497 1326 4588 professione
1355 4494 1633 4582 observantium,
1671 4492 1755 4564 illuc

199 4626 404 4718 introduxit,
431 4628 491 4717 qni
509 4623 662 4715 'singulis
689 4623 810 4694 diebus
829 4627 865 4693 et
883 4642 957 4691 rem
976 4620 1128 4696 divinam
1155 4618 1344 4708 explerent,
1373 4622 1410 4687 et
1437 4617 1542 4686 boras
1571 4613 1754 4684 canonicas
1890 4624 1898 4634 '

200 4747 343 4820 diurnas
368 4756 406 4820 ct
431 4755 620 4820 nocturnas
648 4765 730 4816 voce
757 4763 885 4816 sonora
911 4741 1155 4828 decantarent;
1191 4738 1344 4830 illudque
1373 4737 1555 4824 calicibus,
1584 4735 1753 4821 crucibus,
1818 4761 1822 4780 =

202 4869 393 4958 ornatibus,
419 4869 536 4957 libris,
563 4866 710 4954 tabulis,
738 4864 953 4953 caeterisque
981 4861 1147 4932 clenodiis
1175 4860 1387 4948 exornavit,
1413 4857 1590 4944 indolem
1618 4874 1754 4944 quoque

193 4993 238 5064 ‘et
263 4990 510 5062 relevationem
547 4988 694 5058 fratrum
722 4993 759 5056 et
785 4983 986 5056 monasterii
1022 4982 1188 5072 praefati,
1226 4981 1359 5070 aliquos
1395 4999 1499 5070 agros
1526 4981 1563 5047 et
1589 4975 1754 5047 introitus

207 5109 349 5182 inferius
374 5108 622 5184 describendos
649 5106 801 5196 donavit,
830 5103 976 5177 contulit
1003 5109 1040 5174 ct
1066 5103 1253 5193 inscripsit.

307 5229 400 5329 Agri
428 5229 668 5323 superiores.
705 5227 900 5300 Succedens
935 5223 1071 5315 parenti
1108 5243 1171 5294 suo
1197 5222 1220 5294 J
1227 5221 1422 5292 aszkoni
1458 5218 1500 5290 de
1527 5215 1755 5287 Melsthin

207 5353 393 5425 castellano
420 5350 660 5440 Cracoviensi,
689 5348 857 5438 Spitko
883 5347 927 5418 de
953 5343 1181 5417 Melsthin
1209 5342 1383 5433 palatinus
1420 5336 1669 5424 cracoviensis,
1697 5336 1756 5424 qui

208 5491 280 5544 cum
307 5475 343 5545 in
371 5473 503 5564 praelio
531 5491 665 5562 magno,
694 5469 785 5560 quod
812 5466 1106 5558 Wythawdus
1134 5461 1401 5534 Alexander
1428 5459 1497 5529 dux
1524 5477 1669 5547 magnus
1697 5455 1755 5525 Li-

196 5593 367 5666 ·tbvaniae
394 5617 472 5666 cum
499 5593 725 5664 Tartarorum
753 5594 857 5680 gente
884 5595 1066 5660 eteorum
1104 5586 1190 5657 duce
1413 5579 1649 5666 commiserat,
1677 5597 1754 5646 cunr

91 5723 102 5742 ·
208 5713 363 5802 pluribus
390 5715 582 5806 insignibus
608 5712 799 5784 baronibus
816 5715 853 5780 et
871 5709 969 5800 regni
996 5707 1160 5780 Poloniae
1187 5705 1365 5794 militibus
1394 5701 1534 5774 fortiter
1561 5696 1755 5769 dimicando

307 5885 358 5925 Lib.
370 5884 513 5924 Ecbolimlll.
1551 5847 1588 5894 60
