4492 6592
1465 755 1550 768 ”
1668 783 1740 854 am

181 977 216 1042 et
245 970 354 1042 valor
383 973 426 1044 ad
453 973 569 1044 decern
596 995 739 1048 marcas.
767 975 855 1047 Item
881 977 980 1048 iuxta
1006 978 1123 1050 villam
1150 981 1187 1051 in
1213 981 1353 1052 flumine
1380 981 1515 1056 Visla
1541 987 1647 1058 habet
1669 1009 1743 1060 mo·

181 1093 390 1180 nasterium
410 1073 625 1166 obstaculum
645 1096 790 1174 bonum.
818 1095 977 1188 Confluat
1004 1119 1080 1170 cum
1097 1101 1201 1173 -villis
1219 1157 1333 1172 .....

284 1211 617 1304 Wuoscznwrczn,
645 1217 728 1287 villa
746 1218 810 1288 sub
828 1215 1005 1308 parochia
1020 1220 1186 1292 ecclesiae
1211 1222 1255 1292 de
1281 1222 1637 1314 Pyotrkowicze
1663 1232 1741 1319 sita,

179 1340 214 1404 et
240 1353 308 1424 per
338 1333 609 1406 Boleslaum
637 1335 854 1408 Pudicam
891 1339 1011 1410 ducem
1039 1347 1075 1411 et
1101 1341 1324 1414 monarcham
1351 1347 1452 1435 regni
1478 1345 1643 1419 Poloniae
1669 1371 1743 1421 mo-

178 1455 339 1526 nasterio
372 1455 489 1526 Sancti
516 1455 677 1528 Andreae
704 1459 842 1530 donata.
869 1459 909 1530 In
937 1468 1114 1550 quaeunt
1142 1462 1290 1534 sedecim
1317 1464 1410 1534 lanei
1436 1469 1680 1558 emethonales,
1706 1477 1743 1542 et

182 1576 334 1666 quilibet
362 1577 469 1648 solvit
496 1597 559 1666 pro
586 1599 691 1650 censu
715 1581 819 1650 unum
846 1579 1018 1652 fertonem
1035 1557 1184 1653 latorum
1203 1604 1415 1673 grossorum,
1442 1588 1525 1658 item
1553 1609 1628 1673 ova,
1655 1591 1742 1662 item

178 1697 291 1788 gallos
320 1696 413 1768 duos
440 1698 596 1786 solvunt3
634 1720 755 1770 caseos
781 1721 850 1772 non
877 1706 1043 1774 tenentur
1070 1703 1215 1774 solvere.
1258 1704 1346 1776 Item
1373 1728 1443 1778 non
1469 1716 1551 1779 sunt
1576 1711 1742 1782 tabernae

180 1817 338 1906 adquae,
378 1839 490 1908 neque
518 1819 745 1890 hortulaniae.
790 1821 1087 1904 tantumdem
1114 1823 1200 1894 villa
1233 1830 1288 1895 cst
1313 1827 1496 1915 praedium
1532 1831 1740 1921 coenobiale,

105 1999 106 2002 ,
184 1938 275 2028 quod
303 1937 396 2008 nulli
424 1927 529 2008 soluit
556 1939 739 2026 decimam,
768 1941 932 2012 sedeam
960 1962 1024 2031 pro
1052 1963 1088 2014 se
1115 1944 1217 2031 tollit,
1244 1946 1344 2015 etin
1372 1947 1534 2020 horreum
1561 1971 1660 2020 suum
1688 1938 1741 2022 iu·

181 2058 284 2128 ducit.
333 2059 426 2130 Item
454 2079 572 2130 omnes
599 2061 674 2150 agri
702 2061 935 2134 emethonales
962 2063 1101 2135 solvunt
1128 2064 1296 2136 decimam
1322 2067 1586 2158 manipularem,
1614 2077 1651 2140 et
1679 2091 1743 2161 per

182 2183 335 2267 quatuor
364 2180 504 2270 ierugas
533 2181 740 2270 canapalem,
768 2182 944 2254 custodiae
971 2182 1188 2274 Kielczensi,
1214 2191 1252 2256 et
1277 2191 1441 2258 tenentur
1468 2188 1561 2260 illam
1589 2192 1742 2281 propriis

184 2275 346 2370 curribus
376 2299 515 2373 ducere
539 2301 575 2373 iu
601 2301 764 2372 borreum
792 2323 813 2371 a
839 2301 1208 2390 custode—locandum,
1243 2313 1280 2376 et
1306 2307 1403 2378 valor
1434 2308 1510 2378 eius
1537 2311 1742 2382 aestimatur

182 2418 225 2490 ad
252 2419 461 2509 quindecim
481 2441 625 2492 marcas.
669 2422 756 2494 Item
785 2423 923 2494 labores
959 2424 1093 2514 aliquos
1129 2426 1373 2533 septimanales
1400 2449 1468 2500 non
1495 2420 1658 2517 iaciunt,
1678 2431 1742 2502 sed

182 2537 342 2634 iatrryny
363 2548 473 2630 arant,
502 2544 672 2613 seminant
689 2548 725 2614 et
744 2543 942 2652 disponunt.
970 2545 1059 2615 Item
1078 2545 1123 2616 ad
1140 2545 1321 2640 pomulam
1338 2564 1407 2619 non
1426 2555 1599 2622 tenentur.
1626 2550 1741 2622 Confi·

186 2665 246 2730 nat
275 2681 357 2732 cum
387 2661 479 2733 villis
505 2661 681 2756 Kygye,
708 2663 960 2754 Stawyani,
989 2662 1417 2740 Gotharthonicze.

126 3059 130 3070 ·
244 3024 440 3106 Ecclesia
474 3027 513 3104 ln
547 2995 843 3131 Zemmwyscz
876 3050 973 3108 cum
1005 3029 1199 3108 taberolo
1230 3036 1275 3110 at
1305 3031 1508 3110 theloneo
1541 3032 1694 3114 ibidem

316 3153 666 3266 conalatentibua,
700 3172 744 3244 et
776 3165 952 3246 decimis
985 3165 1036 3245 ad
1070 3167 1248 3247 eaodem
1284 3170 1604 3272 pertinentihua.

287 3383 476 3457 Translate
503 3385 753 3458 Boleslaus
779 3386 981 3458 Pndicus
1007 3389 1108 3478 regni
1136 3387 1301 3460 Poloniae
1327 3387 1398 3460 dux
1416 3394 1452 3460 et
1469 3391 1660 3461 monarcha
1676 3389 1742 3462 Za-

191 3505 409 3576 uichostensi
438 3507 649 3612 monasterio
676 3508 711 3576 in
740 3505 941 3596 Shalam,
968 3511 1004 3578 et
1029 3508 1155 3580 exinde
1173 3509 1217 3580 ad
1236 3508 1355 3580 Sancti
1373 3509 1535 3580 Andreae
1563 3510 1743 3581 basilicam

189 3625 222 3694 in
248 3624 553 3716 Gracouiam,
582 3627 697 3700 dotem
724 3629 876 3717 priorem
903 3649 993 3700 novo
1020 3629 1259 3718 supplemento
1286 3636 1462 3718 aucturus,
1489 3630 1606 3700 villam
1635 3629 1740 3701 duca-

189 3744 252 3814 lem
277 3746 609 3839 Zarnowyecz,
645 3770 688 3820 ex
722 3770 790 3839 qua
825 3748 988 3839 oppidum
1016 3750 1051 3819 iu
1079 3768 1245 3838 processu
1273 3750 1414 3820 ‘dianam
1450 3756 1548 3820 extat
1582 3750 1743 3837 locatum,
1873 3781 1880 3790 =

191 3885 261 3936 cum
287 3869 446 3940 tabernis
474 3867 601 3940 ibidem
630 3854 910 3958 consistentibus,
937 3869 1020 3940 item
1043 3889 1120 3939 cum
1148 3868 1404 3955 theloneo-loci
1431 3868 1583 3939 eiusdem
1603 3869 1742 3965 etsalia·

191 4007 261 4058 mm
299 3990 462 4062 villarum
499 3991 747 4079 pertinentium
775 3988 819 4060 ad
841 3988 1008 4086 eandem,
1045 3989 1081 4058 in
1109 3988 1223 4060 tribus
1259 3989 1380 4060 stratis
1406 4008 1469 4058 seu
1499 3989 1565 4058 viis
1592 3969 1751 4077 publicis
1791 4042 1794 4046 ι

191 4109 440 4199 recipiendum,
479 4111 640 4182 videlicet
667 4111 702 4180 in
731 4111 804 4198 via,
841 4129 928 4200 quae
956 4108 1052 4179 vadit
1078 4129 1142 4198 per
1177 4109 1347 4197 Lelow,
1383 4115 1418 4179 et
1443 4108 1536 4178 inter
1562 4106 1741 4197 Wysze-

173 4200 435 4316 ‘nyeszicze
463 4239 499 4303 et
525 4232 802 4318 Kroczicze,
829 4231 910 4301 item
939 4231 975 4300 in
1003 4231 1069 4319 via,
1097 4250 1186 4320 quae
1210 4229 1307 4300 vadit
1334 4245 1397 4318 per
1422 4227 1616 4319 praelatum
1642 4230 1741 4318 oppi-

193 4347 267 4419 dum
286 4351 613 4443 Zarnowyecz,
641 4353 723 4422 item
743 4353 849 4423 tertio
868 4353 903 4422 in
922 4353 987 4438 via,
1006 4372 1095 4441 qnae
1113 4371 1176 4440 per
1195 4350 1463 4433 Pstrolicze
1489 4348 1742 4420 etStrosza

195 4466 331 4542 duarum
361 4473 636 4562 provinciarum,
656 4485 658 4492 ’
677 4494 764 4562 quae
792 4477 874 4544 tunc
900 4471 1109 4562 Oppolye
1137 4471 1329 4562 vulgariter
1355 4470 1615 4560 appellabatur3
1654 4470 1740 4540 item

196 4593 228 4656 ct
251 4591 336 4664 alias
364 4593 465 4664 villas
492 4594 589 4664 iuxta
615 4593 799 4664 Skalam
834 4593 1063 4665 consistentes
1090 4593 1278 4664 donatione
1305 4573 1475 4681 perpetua
1501 4590 1626 4680 donat,
1654 4590 1741 4661 assi·
1770 4629 1777 4636 ·

195 4717 272 4796 goat
297 4721 334 4784 et
360 4714 530 4786 inscribit.
1310 4792 1312 4795 ,

292 4833 378 4906 Item
396 4835 432 4905 in
451 4834 598 4924 amplius
626 4833 911 4924 supplementum,
939 4834 1116 4906 ecclesiam
1145 4833 1380 4923 parochialem
1407 4832 1443 4902 in
1461 4831 1489 4900 Z
1496 4851 1743 4920 arnowyecz,

197 4961 376 5037 proventus
404 4961 440 5026 et
466 4955 617 5026 decimas
652 4955 851 5044 trequentes
887 4956 1088 5042 habentem,
1115 4961 1153 5024 et
1179 4955 1224 5025 ad
1251 4955 1306 5055 ins
1332 4958 1539 5043 patronatus
1565 4951 1742 5041 pertinen-

199 5073 261 5141 tem
286 5075 414 5177 ducale,
441 5096 518 5148 cum
545 5076 751 5147 sanctuariis
770 5082 806 5147 et
824 5077 1024 5147 camerariis
1052 5077 1134 5163 suis,
1161 5075 1356 5146 nominibus
1382 5094 1502 5144 eornm
1521 5092 1583 5160 per
1601 5090 1743 5160 expres·
1878 5076 1882 5086 '

201 5209 267 5264 sum
293 5193 490 5288 designatis,
518 5218 594 5270 cum
622 5198 780 5268 omnibus
807 5197 950 5268 dammis
976 5203 1013 5268 et
1040 5195 1261 5286 pertinentiis
1282 5195 1354 5265 suis
1381 5199 1418 5264 et
1443 5191 1567 5262 annuis
1594 5189 1740 5261 redditi·

201 5311 268 5416 bus,
293 5319 402 5390 cidem
430 5318 641 5390 monasterio
669 5317 786 5390 Sancti
816 5317 976 5388 Andreae
1002 5317 1163 5407 largitur,
1203 5317 1280 5385 unit
1306 5321 1343 5385 et
1369 5315 1578 5402 incorporat,
1604 5310 1739 5382 relictis

202 5435 295 5507 certis
320 5437 512 5510 redditibus
549 5445 585 5509 et
611 5439 813 5510 introitibus
851 5459 914 5528 pro
942 5437 1088 5509 ecclesia
1123 5435 1315 5526 parochiali
1350 5435 1386 5503 in
1413 5433 1757 5536 Zarnowyeeu,
1807 5469 1815 5484 ι

205 5569 240 5622 tx
266 5558 386 5646 quibus
422 5559 523 5656 illius
549 5559 718 5650 plebanus
745 5565 781 5630 et
807 5564 923 5630 rector
958 5580 1034 5630 cum
1062 5559 1134 5629 suis
1162 5556 1350 5642 ministriS,
1386 5557 1529 5643 possent
1564 5551 1742 5623 commode

121 5697 125 5706 ·
203 5673 387 5768 subsistere,
414 5685 450 5783 et
476 5701 583 5753 onera
608 5680 797 5769 parochiae
824 5679 984 5769 implere,
1026 5700 1112 5768 quas
1149 5676 1286 5768 quidem
1323 5674 1473 5745 decimas
1510 5672 1743 5763 manipulares

295 5839 440 5888 ummo
460 5798 513 5888 1110'
1539 5824 1572 5868 ⁴¹
1666 5877 1672 5884 .
