4492 6592
467 778 537 849 108
655 783 658 796 ¹

461 984 573 1056 omnis
599 981 758 1053 iubilatio
785 979 897 1050 landis
924 977 1062 1049 divinae
1089 977 1134 1048 ab
1161 977 1221 1048 illo
1247 975 1487 1046 translationis
1513 980 1689 1062 tempore,
1714 970 1889 1063 usquead
1914 989 2015 1060 prae

358 1128 364 1137 ·
400 1162 405 1172 .
458 1125 537 1177 sens
572 1109 708 1192 tempus
745 1107 798 1172 est
834 1100 1033 1170 intermissa
1068 1104 1104 1168 et
1141 1097 1318 1187 neglecta,
1345 1102 1381 1167 et
1412 1095 1642 1184 substantiam
1678 1093 1881 1164 monasterii
1915 1111 2016 1182 prae
2150 1159 2154 1172 ,

457 1225 521 1297 lati
549 1219 879 1294 Ymmramoviensis
916 1241 984 1310 qna
1020 1225 1056 1291 et
1091 1217 1371 1290 sanctimoniales
1407 1217 1635 1306 monachique
1670 1217 1824 1286 cumeis
1851 1215 2016 1304 degentes

458 1345 596 1417 abunde
627 1343 829 1431 alebantur,
849 1330 932 1412 ¹dno
970 1341 1025 1412 vel
1060 1348 1134 1411 tres
1161 1339 1320 1410 monachi
1347 1338 1416 1409 sibi
1441 1343 1631 1426 usurpant,
1657 1336 1821 1426 illamque
1847 1335 2017 1407 inutiliter

458 1466 677 1554 distrahunt,
706 1463 876 1534 devorant
911 1469 948 1532 et
975 1452 1234 1548 consummnnt3
1260 1460 1452 1531 verendum
1479 1464 1542 1548 est,
1569 1479 1612 1529 ne
1640 1458 1847 1548 quandoque
1874 1476 2018 1528 consur·
2151 1504 2155 1519 .

458 1592 520 1677 gat
545 1585 659 1673 Deus,
689 1589 726 1654 et
761 1584 937 1672 praesides
975 1589 1011 1653 et
1044 1583 1176 1653 ordinis
1211 1581 1567 1652 Praemoustratensis
1604 1586 1724 1668 patres
1761 1579 1924 1648 iniuriam
1952 1576 2017 1646 Dei
2152 1628 2156 1661 q

458 1706 717 1777 dissimulanter
745 1703 967 1793 negligentes⁷
994 1704 1126 1792 puniat.

562 1827 853 1914 marmoreas,
880 1823 964 1894 villa
991 1845 1092 1913 quam
1122 1823 1296 1913 qnondam
1322 1828 1460 1894 veteres
1494 1821 1752 1912 Dlnbnyam
1779 1841 1801 1890 a
1825 1819 1931 1891 fluvio
1959 1819 2019 1908 qui

453 1949 553 2020 ‘circa
580 1967 655 2017 eam
683 1945 838 2016 decurrit
865 1965 1042 2033 vocavere,
1069 1945 1202 2016 habens
1229 1944 1409 2014 ecclesiam
1435 1943 1585 2031 ligneam
1611 1943 1647 2012 in
1674 1965 1721 2031 se,
1740 1943 1837 2013 cuins
1856 1940 2019 2010 meliores

461 2067 616 2138 decimae
644 2073 679 2136 et
705 2071 893 2155 proventus
921 2065 1131 2135 monasterio
1150 2062 1427 2162 Ymramoviensi
1444 2062 1585 2133 luerunt
1602 2070 1639 2134 et
1656 2068 1738 2134 sunt
1755 2064 1883 2134 unitae.
1910 2060 2019 2132 Cuius

461 2188 670 2276 proprietas·
686 2187 729 2256 ad
757 2187 1004 2257 monasterium
1033 2185 1318 2255 Ymramoviense
1343 2185 1506 2274 pertinet.
1533 2184 1573 2253 In
1600 2203 1668 2274 qua
1696 2190 1778 2254 sunt
1804 2183 1871 2253 duo
1898 2203 2019 2252 mona·

462 2307 562 2376 sterii
597 2306 688 2376 lanei
726 2305 975 2394 emethonaleS,
1003 2311 1039 2375 et
1075 2305 1221 2394 quilibet
1247 2305 1352 2376 solvit
1378 2304 1422 2375 de
1449 2305 1550 2375 laneo
1577 2325 1684 2374 nnnm
1710 2304 1889 2375 fertonem.
1929 2303 2018 2372 Item

384 2517 390 2524 .
461 2427 637 2498 laborant.
650 2425 781 2496 arando
809 2431 950 2501 cunctos
977 2445 1080 2515 agros
1107 2423 1322 2515 praedialcs,
1350 2425 1514 2516 serendo,
1542 2425 1704 2497 metendo
1731 2432 1769 2496 et
1795 2425 2019 2497 conducendo

461 2553 497 2617 et
522 2554 692 2618 vocantur
718 2544 876 2642 iutrzyoi.
903 2547 990 2617 ltem
1018 2567 1156 2617 caseum
1182 2567 1298 2636 unum,
1325 2547 1436 2636 gallos
1463 2547 1565 2636 duos,
1591 2567 1659 2618 ova
1684 2548 1818 2637 viginti,
1845 2547 1930 2618 item
1951 2568 2019 2640 po-
2145 2524 2156 2626 ⁸⁵

460 2667 595 2738 mutam
620 2669 782 2738 laborant
815 2673 1016 2757 utramque,
1043 2687 1107 2756 pro
1139 2667 1263 2758 hyeme
1290 2667 1422 2738 seilicet
1448 2675 1484 2737 et
1511 2687 1602 2757 vere,
1629 2669 1712 2738 item
1730 2689 1848 2762 esspep
1866 2666 2017 2756 solvunt,
2153 2708 2156 2720 ·

461 2809 521 2860 sen
548 2790 673 2860 choros
702 2809 832 2859 avenae
860 2794 896 2857 et
923 2793 1072 2876 quatuor
1099 2789 1224 2858 choros
1250 2787 1398 2877 siliginis
1407 2803 1599 2858 mensurae
1618 2843 1625 2857 .
1645 2844 1652 2857 .
1671 2813 1698 2875 .;
1725 2790 1808 2858 item
1827 2787 2016 2875 ducturas3

460 2909 544 2978 item
570 2909 717 2979 taberna
742 2929 812 2977 nna
839 2927 942 2996 agros
969 2927 1037 2976 non
1065 2907 1197 2977 habens
1224 2914 1260 2978 et
1287 2908 1393 2978 solvit
1418 2928 1482 2997 pro
1509 2911 1801 2980 monasterio...
1827 2907 2017 2988 Itemhor-
2154 2976 2156 2985 Α

461 3029 571 3098 tulani
608 3029 777 3117 quinque,
812 3027 981 3096 habentes
1017 3027 1127 3097 solum
1163 3028 1304 3117 hortos,
1331 3047 1400 3098 non
1427 3028 1567 3099 solvunt
1593 3049 1752 3118 censum,
1778 3029 1842 3099 scd
1869 3029 2017 3118 quilibet
2156 3030 2157 3033 ’

460 3169 566 3218 unum
594 3148 683 3217 diem
710 3149 746 3215 in
773 3147 968 3235 septimana
994 3147 1158 3235 pedester
1183 3131 1444 3219 laborassem
1461 3154 1516 3219 est
1533 3149 1583 3219 ibi
1602 3148 1780 3238 praedium
1799 3149 2014 3235 coenobiale,

462 3267 505 3337 de
531 3269 629 3337 cuius
655 3267 748 3355 agris
776 3267 1022 3337 monasterium
1049 3287 1113 3356 pro
1142 3288 1179 3337 se
1205 3268 1299 3338 tollit
1326 3269 1501 3339 decimam.
1527 3269 1616 3339 Item
1634 3277 1689 3340 est
1706 3271 1756 3341 ibi
1774 3270 2011 3340 molendinum

372 3481 377 3486 ἡ
463 3387 724 3463 coenobialem
750 3387 889 3457 flumine
915 3387 1137 3477 Dlubnya
1155 3389 1198 3459 de
1217 3409 1285 3478 quo
1302 3391 1552 3460 monasterinm
1570 3390 1890 3461 Ymmramoviense
1909 3391 2015 3461 babet

463 3507 616 3577 notabile
652 3507 938 3597 emolumentum,
973 3509 1098 3578 tollens
1134 3509 1221 3579 duas
1255 3515 1423 3588 metretas
1459 3510 1611 3580 omnium
1646 3510 1803 3600 frugum,
1831 3505 1920 3601 qnae
1946 3511 2017 3580 illic

463 3627 647 3698 moluntur.
691 3625 779 3698 Item
815 3629 1013 3717 praebenda
1048 3627 1370 3700 Szeczechoviensis
1405 3631 1512 3700 habet
1543 3630 1593 3701 ibi
1630 3631 1782 3721 quinque
1809 3631 1945 3718 laneos,
1973 3630 2016 3701 de

395 3748 398 3754 ’
464 3749 587 3837 quibus
624 3769 687 3836 pro
723 3769 760 3819 se
797 3748 889 3818 tollit
914 3755 950 3819 et
976 3732 1145 3820 decimam
1171 3751 1422 3841 manipularem
1448 3756 1485 3822 et
1512 3771 1652 3822 censum
1678 3759 1715 3823 et
1741 3773 1860 3822 omues
1888 3753 2016 3822 obven-

461 3869 585 3940 tiones.
610 3869 698 3940 Item
726 3889 844 3940 omnes
871 3871 1069 3942 emethones
1096 3876 1134 3941 et
1160 3871 1337 3942 hortulani
1363 3872 1581 3943 coenobiales
1608 3873 1711 3943 villae
1738 3852 1920 3962 praefatae
1946 3873 2016 3943 sol-

461 3995 549 4060 sunt
582 3990 748 4060 decimam
783 3991 1036 4080 manipularem
1071 3997 1108 4062 et
1142 3993 1361 4082 canapalem,
1397 3999 1436 4063 et
1472 3993 1669 4064 conducunt
1704 4014 1768 4083 pro
1803 3993 2017 4064 monasterio

401 4205 403 4210 ,
463 4110 756 4201 Ymramoviensi,
792 4117 829 4181 et
863 4112 968 4182 valor·
997 4113 1071 4182 eius
1108 4114 1314 4184 aestimatur
1351 4114 1395 4184 ad
1430 4113 1517 4184 duas
1552 4133 1696 4185 marcas.
1738 4113 1899 4185 Gondnst
1935 4135 2013 4185 cum

463 4231 554 4302 villis
582 4231 898 4322 Srzyenyawa‚
927 4218 1085 4321 Ulin'a‚
1113 4232 1457 4324 Scziborzicze‚
1495 4235 1788 4325 Maliszicze,
1816 4234 2017 4307 Glanonl.

462 4352 550 4422 Item
592 4352 751 4422 scoltetia
790 4353 839 4421 ibi
878 4373 947 4422 non
983 4357 1045 4446 est.
1094 4352 1182 4423 Item
1218 4355 1254 4422 in
1296 4355 1416 4424 eadem
1453 4356 1536 4427 villa
1570 4363 1624 4426 est
1660 4357 1787 4428 nobilis
1823 4356 2017 4428 Stanislaus
2058 4413 2063 4426 .
2161 4345 2163 4352 ’

463 4471 777 4561 Srzyenyawa,
805 4473 935 4542 habens
963 4473 1130 4543 maiorem
1155 4479 1291 4562 partem
1319 4476 1491 4566 eiusdem,
1518 4477 1602 4546 item
1629 4497 1689 4547 ser
1716 4477 1836 4548 laneos
1863 4474 2035 4548 emetho·'

462 4591 569 4680 nales,
596 4592 678 4662 item
706 4593 931 4681 hortulanias,
958 4591 1042 4663 item
1068 4613 1174 4664 unum
1201 4594 1434 4665 molendinum
1461 4597 1497 4666 in
1523 4597 1661 4667 flumine
1688 4597 1912 4689 Dlubnya,
1931 4597 2017 4668 item

462 4731 565 4780 unam
588 4712 768 4782 tabernam
794 4713 979 4783 habentem
1006 4731 1125 4802 agros,
1152 4713 1195 4784 de
1222 4735 1369 4805 quorum
1396 4719 1547 4787 omnium
1575 4719 1670 4807 agris
1695 4718 1844 4789 solvitur
1871 4725 1907 4787 et
1935 4737 2017 4788 con-

234 4879 238 4886 ·
347 4841 351 4845 ’
462 4831 602 4902 ducitur
628 4832 761 4902 decima
787 4833 1014 4922 manipularis
1042 4841 1077 4904 et
1104 4835 1290 4924 becapolis,
1317 4857 1382 4925 pro
1409 4837 1556 4933 ecclesia
1584 4837 1778 4927 parochiali
1795 4844 1832 4908 et
1849 4838 1926 4908 eins
1944 4839 2018 4927 ple·
2154 4849 2159 4857 ’

363 4987 365 4992 v
461 4953 553 5024 bano
580 4952 699 5024 Sancti
728 4953 905 5023 Benedicti
932 4955 968 5024 in
996 4953 1360 5026 Ymramowicze.
1387 4957 1477 5028 Item
1495 4958 1640 5028 ccclesia
1657 4959 1867 5048 parochialis
1885 4957 2016 5029 ibidem

462 5073 580 5144 Sancti
607 5074 788 5145 Benedicti
814 5073 920 5145 habet
945 5095 1049 5164 agros
1076 5077 1246 5164 proprios,
1274 5076 1317 5147 de
1344 5077 1442 5148 cuius
1468 5078 1545 5148 inre
1561 5083 1768 5167 patronatus
1786 5079 1892 5168 longa
1910 5077 2017 5149 durat

463 5196 648 5286 contentio,
674 5195 768 5266 inter
793 5195 1029 5284 praepositum
1057 5193 1260 5267 monasterii
1286 5203 1322 5267 et
1347 5205 1554 5268 conventum
1581 5201 1625 5270 ab
1651 5217 1730 5290 nna,
1757 5207 1794 5270 et
1820 5199 2016 5290 praefatum
2087 5241 2093 5250 ·

464 5313 673 5386 Stanislaum
709 5315 1015 5406 Srzyenyawa
1049 5316 1194 5386 militem
1230 5319 1389 5405 partibus
1417 5319 1619 5410 abaham,
1654 5341 1862 5411 unoquoque
1888 5320 2018 5409 princi·

463 5435 641 5523 palitatem
670 5437 865 5507 collationis
893 5414 970 5507 sibi
986 5437 1201 5508 vendicante.
1237 5439 1376 5509 Donata
1402 5459 1465 5528 per
1490 5440 1675 5511 Inonem
1702 5423 1901 5531 episcopum
1930 5439 2016 5512 Ora-

235 5619 238 5628 .
319 5649 326 5664 ,
463 5556 657 5626 curiensem
685 5559 896 5628 monasterio
924 5557 1211 5630 Ymramoviensi.

568 5677 777 5768 Brentesio,
814 5679 896 5749 villa
931 5680 1062 5750 habens
1098 5679 1331 5769 parochialem
1359 5681 1546 5783 xecclesiam
1582 5681 1701 5751 Sancti
1739 5682 1877 5771 Aegidii
1904 5685 1940 5752 in
1968 5703 2016 5770 se,
2152 5768 2158 5778 .
