4492 6592
1666 780 1756 859 ΒΜ

186 988 281 1061 datis
309 987 581 1079 quadringentis
616 989 838 1081 septuaginta
864 990 1016 1081 quinque
1041 990 1186 1080 marms,
1221 995 1258 1061 et
1284 989 1406 1061 addita
1429 978 1572 1063 dimidia
1598 972 1683 1063 area
1707 992 1743 1063 in

183 1108 330 1181 civitate
351 1108 602 1199 Gracuriensm
627 1132 673 1187 ne
699 1094 836 1202 quoqne
862 1110 965 1183 modo
991 1110 1146 1185 venditio
1172 1112 1249 1203 ipsa
1275 1110 1426 1193 rescindi
1452 1118 1581 1201 posset,
1606 1110 1743 1183 meruit
1764 1102 1771 1111 ’

180 1229 219 1301 In
246 1250 321 1319 qua
349 1229 492 1321 quidem
520 1230 707 1303 medietate
733 1252 847 1321 meae,
872 1232 1121 1305 menaaterium
1148 1230 1475 1324 Goprzywuiraenee
1500 1232 1638 1305 domum
1666 1252 1743 1324 spe-
1896 1330 1903 1337 ἱ

181 1349 305 1423 Mem
334 1372 406 1444 pro
432 1372 497 1427 aua
521 1352 730 1431 neemiam
756 1352 949 1429 fabricarit

721 1620 764 1701 ln
797 1638 931 1726 regno
963 1621 1214 1726 linnqarlae.

287 1838 520 1929 Bnanurom
544 1862 607 1913 eeu
636 1841 807 1914 nram
832 1840 1006 1934 oppidem.

292 1952 480 2033 Trederim
506 1962 613 2035 villae
636 1963 673 2035 in
700 1961 891 2054 ilungaria

291 2081 517 2172 Notandum,
552 2084 636 2174 qnia
669 2105 750 2156 cnm
784 2086 1031 2157 monasterium
1066 2083 1394 2178 Goprzywnieaeuse
1430 2104 1453 2157 a
1477 2087 1654 2177 primaeva
1690 2086 1745 2157 sni
1834 2126 1835 2131 Ν

184 2202 407 2293 fundatione,
433 2204 613 2276 habuisset
638 2204 674 2277 in
702 2226 767 2279 sua
783 2206 1009 2297 proprietate
1035 2213 1073 2277 et
1097 2206 1251 2278 duminio
1270 2190 1433 2297 oppidum
1461 2206 1614 2280 notabile
1641 2207 1746 2279 Bar·

186 2324 352 2415 dnyow
379 2326 469 2397 alias
494 2326 729 2417 Bartbwa,
761 2346 837 2401 cum
865 2326 1031 2401 tredecim
1059 2328 1153 2400 uillis
1179 2328 1214 2399 in
1241 2346 1353 2420 regne
1376 2328 1587 2419 Hungarlae,
1612 2334 1649 2401 et
1673 2334 1772 2400 tam·

187 2446 369 2537 oppidum,
397 2466 500 2538 quam
519 2446 630 2537 villae,
656 2468 766 2539 osque
793 2448 838 2519 ad
864 2453 1024 2539 tempora
1051 2447 1285 2521 badonici
1296 2441 1513 2540 'ilungariae
1524 2443 1564 2520 'et
1581 2448 1746 2521 Peloriae

113 2556 118 2561 ’
187 2568 282 2657 regis
309 2569 349 2639 in
378 2568 523 2660 pacifica
539 2576 577 2641 et
594 2568 722 2641 adnati
749 2570 969 2662 possessione
996 2554 1183 2659 habuisset,
1211 2570 1397 2641 universos.
1418 2569 1561 2659 bnans,
1588 2568 1746 2642 redditus

188 2694 224 2759 et
248 2709 381 2769 census
408 2690 603 2781 percipiens
629 2690 858 2781 integraliter,
884 2698 920 2761 et
937 2692 1069 2782 absque
1094 2690 1340 2783 impedimento
1367 2690 1509 2781 aliquali
1535 2712 1578 2763 ex
1606 2690 1747 2781 eisdem,

188 2808 374 2898 praelatus
399 2816 515 2883 tamen
543 2810 810 2885 Ludovicus
845 2810 1003 2883 Caroli
1038 2812 1130 2883 filius
1157 2812 1358 2903 Hungariae
1385 2832 1446 2884 rex
1473 2818 1617 2903 regnum
1645 2811 1747 2883 Pole-

189 2929 278 3019 uiae,
306 2939 424 3003 morte
450 2931 671 3007 Gasimiri
699 2932 901 3005 Secundi
927 2933 1091 3005 avunctdl
1116 2934 1170 3005 sni
1196 2934 1353 3021 germani
1380 2932 1474 3025 regis
1501 2933 1666 3006 Poloniae
1693 2954 1746 3005 se-

189 3055 277 3141 cuta,
305 3052 474 3144 adeptus,
496 3052 621 3126 inisset
646 3075 668 3125 a
693 3055 869 3145 perversis
895 3054 1160 3145 instigatoribus
1187 3076 1382 3146 persuasus,
1411 3056 1657 3129 monasterium
1675 3053 1747 3128 Ke-

192 3175 474 3263 przywnicnenee
498 3175 543 3249 de
569 3175 730 3265 praelato
745 3174 875 3267 oppido
900 3169 1157 3267 Barduyow
1183 3183 1222 3249 et
1245 3176 1414 3249 tredecim
1439 3177 1544 3267 viliis,
1568 3177 1633 3249 sub
1659 3183 1747 3249 tem-
1874 3174 1884 3181 “

191 3314 274 3383 pere
293 3302 331 3366 et
351 3295 520 3387 regimine
546 3295 751 3368 cunradi
778 3287 917 3373 abbatis
933 3296 1282 3390 Cemzytrniczensis,
1301 3320 1376 3373 eum
1397 3297 1482 3369 illud
1500 3304 1582 3369 tnnc
1600 3296 1749 3388 amplius
1873 3275 1881 3286 ⁵
1982 3305 1986 3314 '

192 3414 629 3492 iniuribus'censervare
660 3416 847 3510 debuerat,
880 3401 1033 3509 ¹maligne
1061 3418 1242 3510 spoliavit,
1279 3418 1373 3491 nullo
1409 3420 1484 3491 iure
1519 3424 1580 3490 ant
1613 3418 1750 3491 institia

193 3538 406 3627 praemisse,
441 3539 511 3610 eed-
530 3540 719 3630 potentiam
746 3546 784 3613 et
810 3540 1024 3612 voluntatem
1059 3547 1166 3631 atque
1191 3531 1414 3613 ambitiosam
1442 3541 1575 3613 habens
1602 3558 1666 3632 pro
1693 3560 1762 3611 ra<

193 3658 306 3750 tione,
348 3661 547 3735 iustitiaet
573 3661 759 3753 aequitate.
802 3660 1010 3734 Menastarii
1034 3658 1161 3735 'auum
1197 3662 1345 3753 praelati
1372 3662 1480 3734 abbas
1506 3662 1749 3733 cunradus

193 3787 264 3853 um
287 3782 428 3873 grande
453 3783 602 3885 spolium
625 3783 830 3855 monasterii
865 3783 920 3855 eui
946 3782 1288 3875 t‘mprzyvnienenuis
1315 3800 1383 3854 ren
1410 3782 1543 3872 terens,
1579 3782 1750 3853 lindam

195 3902 238 3973 ad
263 3903 551 3977 liudericum
586 3924 704 3996 wem
732 3904 964 3995 pmeenaliter
990 3924 1029 3975 ee
1054 3902 1235 3995 fatigarit,
1275 3910 1312 3975 et
1338 3903 1481 3995 querela
1522 3918 1637 3974 eoram
1665 3918 1747 3995 rege

196 4022 237 4094 de
262 4025 379 4115 spolio
396 4026 598 4098 monasterii
620 4026 674 4098 sui
692 4025 859 4118 deposita,
886 4026 1010 4116 mtieit
1027 4025 1239 4116 suppliciter,
1267 4009 1420 4097 civitatis
1447 4022 1626 4116 praelatae
1645 4024 1747 4095 Bar·

197 4143 357 4247 dugaw
384 4153 421 4218 ct
445 4146 612 4219 tredecim
640 4147 801 4219 uillarum
835 4147 988 4219 ablatam
1014 4167 1078 4237 per
1103 4165 1220 4238 regem
1236 4124 1494 4237 substantiam,
1530 4145 1597 4217 sibi
1624 4152 1660 4217 et
1687 4161 1750 4218 suo

198 4268 410 4341 monasterio
437 4289 501 4359 per
527 4288 643 4360 regem
671 4266 871 4359 reformari,
906 4268 1101 4359 producens
1137 4290 1252 4342 eormn
1290 4290 1372 4361 rege
1403 4254 1602 4361 privilegia,
1638 4269 1750 4340 muni-

196 4394 312 4461 menta
339 4396 378 4461 et
402 4388 820 4479 bullas-etidentissimas
845 4408 966 4481 regum
993 4388 1213 4481 Hungariae,
1239 4392 1365 4483 quibus
1392 4390 1556 4482 oppidum
1582 4397 1620 4461 et
1648 4388 1749 4463 villae

109 4560 113 4569 ι
199 4509 377 4595 mactatae
412 4510 734 4604 (lepruywnicaensi
773 4510 986 4589 monasterie
1026 4510 1213 4584 donatione
1254 4516 1422 4605 perpetua
1456 4510 1750 4585 inscribebantur.

199 4625 271 4701 lter
297 4637 417 4705 anum
453 4630 737 4722 Ludevieus,
772 4632 846 4703 sive
872 4650 972 4722 vere,
1007 4634 1095 4738 sive-
1108 4639 1149 4704 nt
1175 4634 1286 4724 magis
1321 4634 1572 4725 praesumitur,
1609 4634 1689 4707 litte
1715 4640 1752 4705 et
1789 4705 1791 4715 ,

200 4750 411 4843 mmmmnee
438 4754 474 4826 in
501 4754 618 4825 animo
643 4752 747 4842 aliud,
774 4752 1011 4845 quaesiuere
1031 4758 1168 4845 gerente,
1194 4760 1232 4827 et
1258 4754 1378 4827 abbati
1404 4754 1619 4828 Ounrade
1647 4770 1752 4847 snper
1870 4836 1875 4841 ,
1918 4752 1942 4785 '¹

184 4870 263 4944 'sua
287 4874 418 4948 iniuria
443 4882 480 4948 et
507 4875 650 4967 querela
674 4874 824 4966 benges
850 4896 923 4967 pro·
941 4882 1097 4967 tempore
1126 4872 1346 4969 respondens,
1374 4877 1558 4969 privilegia
1584 4882 1620 4948 et
1642 4878 1753 4949 muni-

201 5002 316 5070 menta
342 4998 434 5088 a'pnd
461 5018 500 5068 se
526 4997 562 5068 in
588 4997 757 5068 thesauro
789 4996 888 5088 regie
924 4998 1141 5088 relinquere,
1178 5004 1321 5089 etpost
1347 5004 1515 5071 semestre
1541 5006 1681 5089 tempus
1706 4997 1751 5069 ad

202 5131 238 5186 se
263 5118 378 5190 redire
403 5120 510 5213 iubet,
549 5117 831 5203 reformationem
857 5125 894 5191 et
920 5118 1177 5192 restitutionem
1204 5112 1373 5193 bonoram
1399 5126 1436 5192 et
1462 5119 1616 5191 iustitiae
1643 5118 1752 5190 admi-

203 5236 438 5311 nistrationem
465 5224 661 5329 babituros}
680 5238 828 5311 interim
847 5246 974 5330 tamem
1001 5247 1037 5312 et
1056 5241 1258 5333 priusquam
1276 5246 1413 5333 tempus
1431 5246 1640 5313 marearum
1656 5235 1752 5325 labe-

203 5362 306 5450 retur,
346 5353 611 5435 hadericus
646 5360 848 5451 Hungariae
881 5368 919 5433 et
944 5361 1109 5435 Peleniae
1136 5384 1218 5454 rex,
1258 5363 1376 5435 carnis
1408 5362 1565 5435 debitum
1599 5362 1749 5453 salvem,

205 5496 338 5553 causam
365 5483 467 5574 spolii
494 5482 643 5574 praefati
678 5482 866 5555 indecisam
893 5484 1045 5575 reliquit
1085 5484 1142 5557 Ab
1167 5484 1227 5557 illo
1255 5504 1392 5577 quoque
1418 5490 1574 5576 tempore
1600 5482 1752 5575 Geprny·

205 5600 390 5675 wuiczense
416 5590 673 5694 monasterinm,
700 5625 769 5695 qne
794 5624 940 5696 regnum
958 5605 1127 5693 Pelopiae
1151 5606 1186 5678 in
1213 5606 1295 5678 dete
1312 5612 1349 5677 et
1368 5597 1597 5696 proventibus
1623 5598 1752 5677 nubum
1796 5681 1801 5691 ,
1942 5676 1944 5680 .

195 5718 351 5799 ’Μ
376 5724 501 5818 ditia,
529 5746 642 5819 uque
667 5726 828 5818 maedus,
855 5727 891 5799 in
919 5744 982 5800 sua
1008 5728 1159 5801 malin
1180 5728 1384 5820 partetnit·
1402 5732 1439 5799 et
1465 5733 1520 5801 est
1547 5726 1753 5802 mutilatum.
