4492 6592
1691 784 1761 857 161

203 997 456 1073 transflumen
484 995 683 1090 Vartba,
721 1017 842 1070 versus
879 995 1153 1070 Cracouiam
1190 994 1355 1086 sitarum,
1395 994 1470 1066 iure
1497 993 1688 1085 parochiali
1715 993 1759 1066 ad

204 1124 456 1195 monasterium
492 1121 709 1214 praedictum
746 1121 1012 1210 pertinentium,
1050 1121 1094 1191 ad
1121 1119 1353 1191 reverendum
1389 1117 1424 1187 in
1453 1116 1593 1190 Christo
1632 1123 1767 1206 patrem

206 1245 383 1315 dominum
413 1243 624 1315 Thomam
663 1243 860 1332 episcopum
898 1245 934 1312 et
960 1241 1139 1312 ecclesiam
1176 1261 1227 1312 ac·
1243 1240 1426 1312 dioecesim
1463 1260 1561 1309 suam
1597 1243 1766 1328 spectant,
1837 1295 1843 1308 .

203 1367 405 1456 pertinent,
442 1370 679 1455 perpetueque
706 1369 866 1454 spectare
893 1367 929 1432 ct
955 1363 1131 1452 pertinere
1158 1362 1294 1451 debent,
1321 1361 1426 1431 fluvio
1453 1359 1635 1431 Vartba
1655 1359 1765 1452 dioe-

205 1505 299 1557 ceses
327 1483 573 1557 Gneznensem
601 1491 638 1555 et
665 1483 929 1556 Oracoviensem
957 1484 993 1552 in
1020 1483 1097 1571 ipso
1123 1482 1200 1552 loco
1227 1483 1408 1551 limitaute.
1448 1481 1535 1550 item
1562 1481 1765 1570 pronuntia-

113 1695 115 1700 ,
202 1628 285 1695 mus,
312 1606 536 1677 decernimus
555 1612 591 1676 et
609 1605 830 1694 arbitramur,
857 1603 949 1693 quod
968 1601 1146 1692 praetatus
1164 1601 1329 1673 Nicolaus
1356 1601 1591 1672 Buthneri
1618 1622 1765 1706 praepo-

204 1729 289 1798 situs
315 1734 356 1798 et
385 1727 446 1826 sui¹
469 1746 685 1798 successores
712 1745 776 1816 pro
798 1730 956 1814 tempore
983 1724 1173 1795 existentes
1199 1721 1336 1812 iratres,
1363 1722 1611 1792 monasterium
1630 1729 1666 1792 et
1684 1743 1765 1792 cou-

204 1857 327 1920 ventus
347 1847 602 1920 Mstbovieusis
620 1845 777 1938 praelato
796 1843 1086 1917 reverendissimo
1113 1845 1251 1916 domino
1278 1843 1301 1915 J
1311 1844 1479 1915 olranni
1506 1844 1765 1933 archiepiscopo

204 1977 237 2040 et
263 1971 338 2040 suis
367 1971 639 2058 successoribus,
667 1974 877 2058 sanctaeque
904 1967 1070 2038 ecclesiae
1098 1963 1295 2037 Gneznensi
1327 1965 1480 2036 debitam
1508 1965 1766 2053 subiectionem,

205 2091 441 2163 obedientiam
469 2099 505 2162 et
533 2091 764 2162 reverentiam
796 2094 978 2179 praestare
1005 2093 1041 2158 et
1065 2086 1197 2177 facere,
1233 2107 1274 2158 ac
1300 2106 1364 2177 pro
1391 2085 1639 2174 iurisdictione,
1666 2085 1765 2156 insti·

203 2213 349 2302 tutione,
378 2219 545 2303 tanquam
574 2211 616 2283 ad
645 2232 743 2282 suum
772 2209 984 2282 ordinarium
1012 2201 1170 2301 tempore
1196 2229 1234 2279 se
1261 2207 1429 2279 offerente
1455 2207 1491 2276 iu
1519 2213 1623 2276 antea
1649 2225 1765 2276 recur-

208 2353 282 2404 rere
310 2339 511 2404 teneantur.
538 2333 626 2404 ltcm
653 2331 843 2421 definimus,
871 2331 1084 2402 arbitramur
1111 2337 1148 2401 et
1173 2330 1455 2420 pronuntiamus,
1492 2329 1701 2398 creationem
1729 2328 1764 2398 iu

96 2477 98 2512 c
206 2456 411 2526 canonicum
439 2455 604 2526 ecclesiae
631 2451 880 2542 cracoviensis,
908 2459 944 2524 et
970 2449 1225 2523 institutionem
1252 2451 1297 2522 ad
1323 2449 1602 2540 praeposituram
1628 2447 1765 2518 Mstho·

206 2578 358 2648 rieusem
397 2575 441 2648 de
468 2577 544 2666 ipso
581 2575 723 2648 Nicolao
759 2573 992 2646 Buthneri
1021 2573 1220 2663 praeposito
1256 2593 1320 2663 per
1346 2571 1428 2643 olim
1462 2569 1691 2643 reverendum
1728 2569 1763 2639 in

208 2697 348 2768 Christo
377 2703 513 2787 patrem
542 2696 716 2768 dominum
744 2695 989 2786 Sbigneum
1018 2695 1217 2786 episcopum
1243 2691 1507 2765 Gracoviensem
1533 2690 1662 2779 factas,
1689 2711 1765 2760 cas-

96 2845 98 2858 *
207 2819 350 2889 sandum
380 2826 419 2889 et
445 2817 687 2907 anullandum,
724 2835 967 2906 cassamusque
995 2822 1031 2888 ct
1059 2815 1262 2904 anullamus,
1290 2814 1401 2904 ipsum
1428 2813 1665 2904 praepositum
1693 2810 1765 2880 Ni-

206 2939 381 3011 colaum
420 2944 455 3011 et
481 2961 562 3011 suos
589 2959 804 3010 successores
832 2937 975 3008 almutio
1003 2943 1039 3008 et
1066 2937 1328 3026 superpellicio,
1365 2955 1406 3006 ac
1432 2935 1523 3006 stolo
1550 2935 1587 3004 in
1613 2933 1759 3003 ecclesia

206 3061 386 3150 praedicta
400 3059 621 3133 Cracoviensi
635 3061 671 3130 in
685 3059 839 3131 futurum
853 3059 905 3130 uti
919 3079 987 3130 non
1003 3059 1140 3148 debere,
1167 3059 1379 3147 litterasque·
1401 3057 1574 3126 citationis
1602 3059 1638 3125 et
1663 3054 1764 3123 insti-

207 3183 349 3253 tutionis
364 3182 563 3254 buiusmodi
583 3181 768 3253 cassandas
787 3188 824 3251 et
845 3181 1049 3252 anullandas
1068 3180 1284 3251 decernimus
1309 3199 1350 3249 ac
1372 3197 1559 3266 cassamus,
1576 3182 1613 3247 et
1626 3175 1760 3245 aurilla-

96 3303 97 3324 ἶ
210 3325 292 3394 muS,
312 3305 478 3394 ipsasque
492 3303 527 3374 in
543 3309 647 3375 antea
660 3302 787 3373 nullius
802 3321 878 3373 esso
896 3301 1055 3373 volumus
1073 3301 1212 3373 roboris
1230 3299 1284 3371 vel
1304 3300 1478 3370 momenti.
1504 3297 1591 3368 Item
1611 3316 1763 3386 pronun·-

96 3427 112 3482 3*
208 3425 340 3515 tiamus,
368 3424 562 3514 delinimus,
581 3425 792 3495 arbitramur
810 3429 847 3494 et
865 3423 1093 3513 decernimus,
1121 3422 1213 3513 quod
1237 3419 1395 3512 praelati,
1414 3419 1545 3490 Nicol
1558 3439 1637 3489 aus
1664 3437 1765 3506 prae-

96 3551 97 3556 ’
209 3546 358 3636 positus,
397 3544 526 3618 iratres
553 3549 588 3616 et
615 3551 805 3617 conventus
832 3545 1033 3616 monasterii
1065 3543 1313 3615 Mstboviensis
1349 3547 1537 3613 teneantur
1572 3539 1608 3608 in
1626 3538 1763 3628 oppido

212 3665 401 3738 Mstbow
438 3673 499 3738 aut
525 3667 701 3738 suburbiis
728 3667 802 3737 eius
829 3666 864 3736 in
892 3666 968 3738 loco
1002 3671 1125 3756 aperto
1152 3665 1288 3755 erigere
1314 3663 1514 3752 ecclesiam,
1546 3661 1620 3731 sive
1645 3664 1764 3729 orato-

210 3787 294 3858 rium
331 3787 426 3858 inira
461 3787 542 3858 hinc
568 3787 612 3861 ad
639 3807 745 3858 unum
773 3807 916 3876 annum,
944 3793 981 3857 et
1007 3786 1151 3858 candem
1187 3785 1311 3856 diebus
1346 3782 1528 3854 dominicis
1564 3786 1601 3850 et
1626 3777 1762 3849 festivis

211 3905 360 3978 officiare
397 3927 461 3997 per
487 3907 774 3998 praebendarium
809 3907 1005 3998 proprium,
1043 3925 1083 3976 ac
1109 3907 1219 3995 ipsam
1246 3925 1289 3975 ex
1317 3904 1434 3992 aliquo
1470 3921 1551 3971 casu
1577 3899 1764 3989 collapsam

212 4027 358 4100 reficere.
386 4027 538 4119 Singulis
567 4049 702 4119 quoque
729 4028 828 4099 annis
856 4047 877 4098 a
903 4027 1042 4098 domino
1070 4027 1232 4116 episcopo
1260 4023 1493 4111 Gracoviensi,
1521 4020 1675 4093 eiusdem
1708 4039 1763 4088 ec·
1804 4119 1810 4133 ι

97 4205 102 4221 .
213 4149 333 4221 clasiae
361 4155 400 4222 et
426 4151 570 4221 oratorii
607 4171 648 4220 ac
682 4149 859 4220 bominum
895 4147 1147 4220 transflumen
1182 4145 1366 4218 Vartba
1391 4145 1427 4214 in
1462 4142 1701 4214 iurisdictione
1726 4145 1764 4210 et

214 4271 359 4343 dioecesi
387 4269 609 4343 Gracoviensi
630 4270 878 4361 habitantium,
906 4271 942 4341 in
970 4289 1155 4360 personam
1181 4289 1279 4340 suam
1306 4272 1367 4338 aut
1392 4265 1537 4337 alterius
1564 4263 1762 4354 presbyteri
1815 4247 1827 4366 ‘¹

214 4393 418 4483 comendam,
446 4399 482 4464 et
508 4395 544 4464 in
572 4393 707 4464 casibus
735 4391 981 4463 auctoritatem
1007 4390 1186 4462 tenebitur
1210 4393 1332 4480 petere
1350 4393 1387 4459 et
1405 4387 1571 4459 obtinere.
1598 4385 1654 4455 Ad
1671 4383 1764 4474 quod

216 4511 407 4586 laciendum
434 4516 508 4604 ipse
535 4515 755 4604 praepositus
783 4519 819 4584 et
846 4519 1036 4585 conventus
1063 4512 1267 4584 monasterii
1284 4509 1546 4600 Msthoviensis,
1572 4529 1636 4598 pro
1663 4526 1701 4577 se
1728 4495 1794 4575 et'

218 4655 330 4706 eorum
359 4636 636 4722 successoribus,
672 4635 716 4706 ad
744 4641 823 4706 acta
849 4635 958 4725 ipsius
985 4633 1116 4706 domini
1144 4633 1297 4723 episcopi
1323 4631 1564 4704 Graeoviensis
1601 4634 1662 4699 aut
1688 4627 1764 4697 eius

217 4753 368 4828 officialis
394 4757 567 4847 generalis
586 4777 623 4828 se
644 4757 843 4844 inscribent,
871 4756 934 4827 sub
963 4757 1117 4827 censuris
1144 4753 1397 4843 ecclesiasticis,
1424 4773 1488 4842 per
1515 4752 1628 4841 ipsum
1655 4748 1765 4819 domi·
1825 4801 1831 4809 .

216 4897 290 4948 num
323 4879 523 4969 episcopum
543 4876 817 4967 cracoviensem,
846 4883 906 4948 aut
925 4899 1023 4949 suum
1052 4875 1233 4950 officialem
1259 4875 1458 4966 generalem
1483 4871 1645 4960 ferendis,
1673 4867 1765 4958 quod

218 4999 314 5068 etiam
342 5000 409 5071 sibi
446 5000 641 5090 praesentis
677 5006 817 5071 nostrae
854 4999 1149 5089 pronuntiationis
1185 4999 1305 5088 rigore
1341 4995 1560 5067 concedimus
1595 4997 1632 5062 et
1667 4989 1764 5059 adiu-

218 5117 373 5190 dicamus.
399 5120 487 5192 Item
515 5121 596 5211 quia
624 5121 862 5210 comperimus,
889 5119 1137 5191 monasterium
1165 5117 1404 5190 Mstboriense
1431 5109 1644 5186 notabilibus
1671 5109 1763 5180 deci-

219 5241 277 5310 mis
294 5242 565 5333 manipularibus
587 5249 624 5314 et
642 5241 878 5333 pecunialibus
897 5242 940 5312 ab
959 5241 1105 5312 ecclesia
1130 5238 1353 5311 Gracoriensi
1379 5237 1537 5309 dotatum
1565 5253 1650 5320 esse,
1678 5251 1763 5320 quo·
1827 5327 1832 5334 .

220 5361 305 5432 circa
331 5363 533 5453 delinimus,¹
548 5365 811 5454 pronuntiamus
838 5370 874 5434 et
901 5363 1128 5451 decernimus
1155 5361 1248 5451 quod
1265 5359 1486 5450 praepositus
1513 5361 1550 5426 et
1575 5359 1764 5424 conventus
1815 5393 1819 5402 ,

221 5477 461 5555 llstboriensis
478 5505 542 5574 pro
561 5490 731 5574 tempore,
758 5504 876 5554 omnes
904 5483 1186 5570 contributiones,
1214 5480 1386 5568 collectas,
1412 5477 1540 5566 tallias,
1565 5495 1629 5566 per
1647 5473 1792 5545 sedem,

225 5605 455 5696 apostolicam,
482 5613 544 5678 aut
570 5625 633 5695 per
659 5607 901 5676 auctoritatem
930 5604 1159 5690 ordinariam,
1194 5621 1259 5691 pro
1286 5600 1354 5671 fide
1380 5606 1417 5669 et
1442 5597 1588 5669 ecclesia
1613 5595 1679 5666 Dei
1706 5599 1767 5664 aut

221 5725 311 5812 regni
330 5725 506 5816 Poloniae‚
534 5728 749 5818 caeterisque
768 5724 1032 5798 necessitatibus
1050 5722 1198 5813 publicis
1216 5721 1464 5811 imponendas,
1492 5725 1554 5791 aut
1572 5715 1763 5807 impositas,

316 5893 527 5935 habandam.
990 5916 992 5920 -
1558 5872 1595 5919 21
