4492 6592
525 801 598 872 352

530 1027 711 1096 mensuras
729 1003 920 1094 confertas,
955 997 991 1077 'et
1010 1009 1160 1096 quatuor
1175 1026 1326 1096 grossos.
1364 1005 1452 1077 Item
1470 1003 1628 1076 scoltetia
1654 1009 1707 1076 est
1724 1005 1791 1094 ibi,
1815 1003 1954 1075 babens
1971 1027 2065 1077 anum

523 1127 657 1198 laneum
684 1125 841 1215 liberum,
867 1125 951 1198 item
978 1147 1083 1197 unum
1110 1125 1358 1216 molendinum,
1384 1127 1467 1198 item
1495 1146 1597 1196 unam
1624 1126 1824 1214 tabernam,
1853 1145 1944 1214 quae
1972 1126 2065 1200 solvit

522 1266 586 1337 pro
606 1245 751 1318 scolteto
771 1300 885 1317 .....
925 1245 1011 1320 Item
1030 1268 1150 1318 omnes
1177 1247 1253 1338 agri
1272 1245 1505 1319 cmcthonales
1531 1249 1567 1317 et
1584 1245 1722 1319 scolteti
1740 1245 1883 1317 solvunt
1909 1245 2064 1318 dealmam

522 1366 735 1457 pecuniolam
762 1387 827 1458 pro
844 1366 1005 1458 episcopo
1025 1365 1256 1458 Gracoviensi,
1283 1368 1327 1439 de
1346 1367 1500 1458 quolibet
1525 1367 1625 1438 laneo
1644 1387 1707 1468 per
1725 1365 1899 1438 fertonem
1927 1367 2064 1439 latorum

519 1507 728 1577 grossorum.
768 1485 927 1560 Gonfinat
953 1508 1029 1558 cum
1058 1541 1198 1558 ......
1283 1525 1307 1576 ,ι

627 1603 898 1698 Tnznsszrczn,
926 1607 1009 1680 villa
1035 1610 1099 1680 sub
1126 1608 1293 1700 parochia
1318 1608 1362 1680 de
1388 1609 1725 1708 Ugyanowicze
1753 1609 1841 1698 sita,
1870 1609 1969 1679 cuins
1994 1631 2064 1698 pro-

522 1729 654 1819 prietas
681 1728 727 1800 ad
754 1729 1033 1801 sanctimoniales
1060 1727 1316 1802 Sandeczenses
1342 1729 1504 1819 pertinet
1543 1728 1584 1799 ln
1603 1749 1673 1820 qua
1699 1735 1780 1800 snut
1807 1729 1962 1820 quinque
1987 1729 2064 1802 lanei

522 1849 768 1940 emetbonales,
794 1855 832 1922 et
849 1843 955 1922 solvit
981 1849 1128 1942 quilibet
1153 1871 1218 1940 pro
1236 1838 1343 1922 censa
1360 1871 1465 1920 unum
1490 1847 1675 1939 fertonem,
1701 1849 1784 1920 item
1802 1871 1913 1920 unum
1939 1850 2064 1941 gallam,

524 1969 611 2042 duos
639 1991 777 2060 caseos,
803 1970 927 2061 viginti
954 1991 1028 2042 ova.
1068 1970 1155 2043 Item
1181 1969 1343 2042 laborant
1362 1967 1548 2065 ponebam
1572 1990 1636 2060 pro
1663 1990 1745 2040 vere
1772 1974 1807 2041 et
1826 1969 1963 2061 hyeme.
1987 1971 2062 2041 Item

526 2090 672 2181 quilibet
707 2110 771 2181 pro
798 2109 901 2163 curru
929 2091 1101 2181 lignorum
1129 2090 1364 2163 solviturum
1390 2110 1560 2181 grossum.
1599 2089 1687 2161 Item
1714 2111 1779 2181 pro
1805 2112 1947 2187 oaszycp
1972 2092 2063 2177 soluit

532 2211 677 2302 quilibet
695 2233 797 2284 unam
817 2211 978 2303 siliginis,
996 2218 1032 2284 et
1050 2211 1136 2285 duas
1153 2232 1282 2284 avenae
1300 2232 1479 2283 mensuras
1497 2209 1686 2301 confertae,
1704 2216 1741 2282 et
1759 2217 1912 2301 quatuor
1929 2201 2062 2302 grossos

525 2331 614 2403 Item
650 2353 719 2408 nou
755 2329 810 2404 est
836 2333 885 2404 ibi
912 2331 1080 2423 scoltetia,
1107 2353 1219 2424 neque
1254 2333 1420 2422 taberna,
1455 2351 1567 2422 neque
1593 2331 1802 2403 hortularia
1844 2332 1933 2404 Item
1960 2355 2062 2405 omnes

524 2452 600 2541 agri
626 2451 729 2524 villae
764 2451 904 2548 solvunt
938 2460 974 2526 et
1000 2451 1197 2539 conducunt
1232 2451 1400 2525 decimam
1435 2451 1685 2544 manipularem
1720 2458 1758 2523 et
1783 2453 1983 2544 canapalem
2007 2475 2060 2545 pro

526 2573 686 2664 episcopo
719 2570 958 2664 cracoviensi,
989 2579 1026 2646 et
1060 2575 1159 2674 valor
1193 2574 1268 2646 eiua
1303 2574 1509 2646 aestimatur
1544 2573 1589 2645 ad
1616 2561 1767 2663 quinque
1802 2595 1948 2646 marcas.
1985 2575 2061 2646 Item

524 2715 593 2765 non
620 2699 675 2766 est
699 2693 749 2766 ibi
775 2693 964 2785 praedium,
990 2715 1102 2787 neque
1128 2694 1371 2767 molendInum.
1411 2693 1572 2767 Gondnat
1597 2715 1673 2765 cnm
1702 2748 1815 2764 .....

627 2811 863 2905 Wznrncm,
882 2815 975 2888 'villa
1001 2816 1065 2888 sub
1083 2815 1249 2906 parocbia
1275 2816 1441 2887 ecclesiae
1467 2815 1511 2886 de
1536 2813 1844 2908 Uyainowicze
1872 2817 1953 2906 sila,
1977 2818 2058 2887 cuins

522 2935 719 3027 proprietas
746 2941 783 3007 et
809 2935 997 3008 dominium
1025 2935 1070 3008 ad
1080 2929 1368 3009 'sanctimoniales
1394 2937 1556 3027 pertinet.
1595 2935 1636 3024 ln
1663 2955 1733 3026 qua
1758 2942 1843 3008 sunt
1868 2936 1959 3007 lanei
1981 2957 2058 3007 eme-

522 3055 700 3146 tbonales,
736 3055 931 3148 dequibus
967 3056 1221 3130 diversificatur
1255 3078 1395 3172 census,
1427 3055 1614 3143 secundum
1641 3056 1876 3148 quantitatem
1904 3078 2055 3147 agromm,

522 3179 605 3249 item
632 3178 717 3250 dant
743 3199 849 3251 unum
875 3179 1022 3270 gallum,
1048 3177 1175 3268 viginti
1201 3199 1286 3268 ova,
1322 3178 1410 3250 duos
1437 3199 1565 3250 caseos.
1596 3178 1685 3248 ltem
1712 3177 1876 3249 laborant
1894 3177 2058 3273 porcam

369 3293 376 3304 “
523 3319 587 3388 pro
614 3319 696 3370 vere
723 3305 758 3370 et
775 3301 907 3391 hyeme.
946 3299 1034 3371 Item
1062 3320 1126 3389 pro
1153 3319 1257 3371 curru
1282 3299 1456 3390 lignorum
1482 3319 1588 3370 unum
1614 3319 1782 3388 grossum.
1821 3299 1913 3370 Item
1940 3300 2054 3370 rollone
2092 3356 2098 3367 .

506 3429 664 3515 'osszycp
699 3421 803 3492 solvit
829 3420 976 3511 quilibet
1002 3441 1104 3492 unam
1131 3424 1327 3493 mensuram
1354 3420 1519 3510 siliginis,
1546 3418 1632 3490 duas
1659 3440 1790 3491 avenae
1817 3420 2001 3508 consertas,
2023 3424 2051 3490 et

525 3546 674 3631 quatuor
699 3561 850 3631 grossos.
890 3541 977 3613 Item
1005 3547 1060 3614 est
1086 3541 1136 3613 ibi
1162 3542 1321 3613 scoltetia
1347 3541 1478 3612 habens
1504 3561 1610 3612 unum
1637 3541 1774 3612 laneum
1802 3541 1962 3630 liberum,
1986 3543 2052 3610 item

522 3661 628 3732 habet
653 3681 756 3733 unam
784 3662 982 3752 tabernam,
1010 3663 1092 3733 item
1120 3682 1226 3732 unum
1251 3661 1494 3733 molendinum.
1532 3661 1620 3732 Item
1648 3639 1716 3732 non
1735 3668 1816 3734 sunt
1842 3663 1895 3735 ibi
1919 3661 2052 3733 hortula-

521 3783 608 3854 niae.
653 3783 740 3854 Item
760 3783 906 3856 solvitur
924 3783 1058 3855 decima
1084 3784 1247 3874 episcopo
1269 3781 1492 3854 Gracoriensi
1510 3783 1714 3873 pecunialis,
1740 3785 1783 3855 de
1802 3783 1955 3876 quolibet
1971 3783 2051 3852 laneo

523 3923 586 3994 per
612 3903 780 3975 fertonem
808 3904 961 3976 latorum
988 3925 1198 3995 grossorum.
1238 3903 1477 3976 Confluat...
1497 3923 1558 3973 ;..
1779 3973 1789 3998 Ι
2040 3912 2044 3918 ⁴

624 4021 955 4114 Senmmuczown,
981 4025 1065 4096 villa
1092 4025 1157 4098 sub
1184 4025 1350 4115 parochia
1375 4025 1541 4096 ecelesiae
1567 4025 1611 4096 de
1633 4019 1966 4116 Ugya'nowicze
1989 4023 2049 4108 sita,

522 4145 619 4216 cuius
645 4145 843 4236 proprietas
878 4151 914 4216 et
940 4147 1128 4218 dominium
1166 4144 1210 4216 ad
1238 4146 1516 4217 sanctImoniales
1532 4145 1703 4235 pertinet.
1744 4145 1785 4216 ln
1813 4167 1883 4236 qna
1908 4149 1957 4216 cat
1979 4162 2048 4213 nnus

521 4266 642 4338 laneus
669 4267 910 4357 emethonalis,
945 4245 1004 4358 qui
1032 4287 1095 4358 pro
1123 4287 1228 4338 censu
1254 4267 1359 4338 solvit
1385 4287 1446 4338 sex
1473 4287 1622 4356 grossos.
1662 4267 1750 4337 Item
1778 4266 1952 4356 praelatus
1974 4283 2046 4334 cne-

521 4387 583 4458 tho
610 4387 696 4460 nibil
715 4387 866 4478 laborat,
893 4408 1004 4479 neque
1023 4387 1135 4460 solvit
1175 4387 1262 4458 Item
1290 4393 1344 4459 est
1362 4387 1411 4459 ibi
1441 4388 1606 4459 scoltetus
1632 4388 1763 4459 habens
1791 4389 1949 4479 proprios
1965 4404 2047 4474 agros

521 4507 564 4578 de
592 4507 686 4598 agris
713 4509 1010 4598 omethonalibus,
1025 4509 1130 4581 solvit
1157 4510 1308 4600 quinque
1333 4527 1483 4598 grossos.
1527 4509 1614 4580 ltem
1642 4509 1798 4600 reliquos
1822 4529 1924 4600 agros
1948 4505 2047 4577 flurin

522 4627 808 4702 Loszoszina
843 4629 1045 4720 absumpsit.
1085 4630 1173 4701 Item
1209 4613 1278 4701 non
1306 4635 1360 4700 est
1386 4631 1548 4718 taberna,
1584 4649 1695 4719 neque
1728 4630 1940 4701 hortulanus.
1975 4625 2043 4695 lten

522 4749 670 4821 solvitur
696 4749 745 4820 ibi
772 4749 905 4821 decima
930 4749 1121 4841 pecunialis
1157 4752 1319 4842 episcopo
1346 4749 1586 4840 Gracovicnsi,
1618 4750 1662 4820 de
1689 4751 1844 4842 quolibet
1872 4750 1975 4835 laneo,
1996 4762 2045 4836 per

402 4917 406 4924 ·
521 4869 690 4943 fertonem
716 4869 866 4942 latorum
892 4891 1092 4962 grossorum
1120 4871 1359 4961 Pragensinm.
1399 4869 1559 4942 Gonfinat
1578 4926 1694 4941 .....

622 4991 854 5083 Knmronrm,
881 4991 963 5064 villa
981 4993 1045 5064 sub
1063 4991 1230 5082 parochia
1252 4993 1287 5063 in
1314 4991 1660 5084 Ugyanowycze
1688 4993 1774 5082 sita,
1801 4993 1898 5064 cuius
1914 4985 2042 5081 proprie·

518 5119 574 5186 tas
610 5117 646 5185 et
676 5113 863 5186 dominium
900 5113 944 5185 ad
980 5113 1260 5185 sanctimoniales
1296 5115 1457 5203 pertinet.
1502 5113 1540 5184 ln
1574 5134 1643 5203 qua
1678 5119 1761 5184 sunt
1798 5119 1941 5204 quatuor
1971 5101 2040 5177 lanei

519 5235 768 5325 emethonales‚
805 5241 841 5308 et
877 5233 1131 5308 diversificatur
1166 5235 1215 5306 ibi
1251 5255 1374 5306 census
1410 5233 1597 5306 secundum
1635 5235 1864 5325 quantitatem
1899 5243 2040 5322 agrorum.

519 5355 608 5426 Item
634 5355 782 5446 praelati
810 5355 1007 5427 cmetbones
1035 5355 1120 5426 nihil
1141 5355 1295 5446 solvunt,
1322 5376 1433 5446 neque
1450 5355 1622 5445 laborant,
1650 5361 1792 5446 praeter
1809 5372 1952 5426 censum.
1972 5347 2039 5417 Item

521 5481 575 5546 est
593 5475 642 5546 ibi
660 5475 826 5548 scoltetus
852 5476 983 5548 habens
1010 5497 1115 5548 unum
1142 5475 1281 5547 laneum
1308 5476 1467 5565 liberum,
1495 5477 1553 5567 qni
1573 5476 1667 5566 capit
1693 5473 1876 5566 septimum
1894 5467 2040 5544 denarium

490 5685 496 5692 .
519 5593 562 5664 de
580 5615 695 5667 censu.
721 5595 809 5668 Item
828 5597 934 5668 habet
951 5597 1000 5670 ibi
1019 5597 1184 5669 scoltetus
1203 5619 1309 5668 unum
1328 5593 1575 5686 molendinum,
1595 5596 1657 5668 sed
1676 5579 1868 5669 nonhabet
1883 5593 2038 5666 tabernam
