4492 6592
1536 765 1566 826 '·
1633 783 1762 855 'aar

190 1008 214 1057 a
237 988 321 1060 fflio
354 996 442 1062 natu
468 991 592 1064 maiori
618 988 878 1064 Gnevossio
904 992 1096 1064 insolenter
1122 1013 1161 1062 se
1183 993 1255 1064 ‘iam
1283 994 1437 1081 gerente,
1455 995 1492 1061 et
1509 991 1568 1081 qui
1586 1009 1694 1080 usque
1722 989 1766 1061 ad

187 1115 325 1181 nostra
362 1118 522 1203 tempora
558 1114 698 1203 vivens,
725 1115 789 1185 sub
816 1113 921 1185 certis
947 1113 1163 1203 temporibus
1189 1114 1224 1183 in
1252 1112 1458 1184 dementiam
1485 1111 1678 1201 incidebat,
1704 1111 1766 1184 sed

94 1230 96 1234 “
187 1250 259 1302 nec
289 1234 404 1304 uxori
430 1234 620 1323 propriae.
640 1289 647 1304 .
667 1289 701 1304 ..
724 1255 769 1306 ne
796 1236 832 1306 in
859 1234 1003 1305 alterius
1030 1235 1096 1304 riri
1124 1234 1292 1306 transiret
1319 1233 1506 1331 amplexus
1534 1232 1665 1303 audens
1692 1253 1766 1304 cre.
1914 1327 1918 1334 .

187 1352 291 1441 dere,
323 1354 480 1425 illudio
508 1356 756 1427 monasterinm
784 1339 977 1446 praelatum
1005 1355 1154 1426 Sanctae
1181 1353 1400 1445 Gatherinae,
1427 1360 1463 1425 et
1486 1355 1522 1429 in
1540 1353 1642 1425 tidem
1661 1361 1766 1445 atque

188 1493 319 1544 curam
343 1475 476 1565 prioris
504 1476 707 1548 monasterii
734 1476 903 1548 seoretius
930 1497 998 1567 quo
1025 1482 1175 1566 poterat,
1202 1475 1339 1548 nonnisi
1367 1496 1436 1545 una
1462 1475 1596 1566 virgine
1614 1475 1765 1566 antiqua,
1886 1472 1889 1476 ’

189 1615 289 1683 quac
321 1617 412 1666 suae
439 1597 610 1706 consortis
635 1603 713 1669 erat
740 1595 948 1703 pedisequa,
976 1604 1013 1670 et
1039 1610 1141 1689 quam
1170 1597 1237 1668 sibi
1264 1597 1408 1668 rebatur
1434 1596 1589 1688 fidelem,
1616 1595 1653 1666 in
1680 1595 1767 1667 cista
1819 1597 1822 1605 '

191 1716 289 1786 satis
332 1715 411 1788 lata
446 1725 485 1789 et
519 1717 636 1809 ampla
670 1719 849 1810 deposuit,
885 1719 968 1790 data
1000 1716 1114 1817 eidem
1142 1718 1269 1809 virgini
1296 1719 1341 1790 ab
1367 1717 1527 1790 omnibus
1554 1717 1766 1788 obseraeulis

188 1835 318 1908 nieme
349 1838 460 1910 cistae
474 1815 601 1930 ¹cla-ue,
622 1840 706 1911 data
721 1841 874 1931 'insuper
898 1825 1129 1912 instructione
1155 1845 1192 1911 et
1218 1839 1392 1930 mandato,
1418 1859 1461 1910 ne
1488 1837 1647 1929 cuiquam
1674 1857 1766 1908 mor·
1883 1881 1888 1892 ·
2019 1852 2024 1870 ·

191 1957 328 2028 talium
360 1957 555 2050 depositum
584 1960 760 2051 vulgaret,
788 1958 849 2032 sed
885 1981 959 2033 rem
994 1978 1105 2052 nsque
1141 1960 1185 2032 ad
1221 1959 1409 2051 perfectam
1445 1963 1596 2032 aetatem
1622 1958 1685 2030 filii
1711 1959 1765 2030 sui
1866 2029 1883 2057 x
2025 2055 2029 2066 ι

115 2111 122 2116 ·
193 2084 286 2150 natu
318 2081 471 2152 minoris
505 2081 528 2153 J
538 2083 761 2170 ohannis,
785 2101 885 2173 quem
912 2089 950 2154 et
975 2103 1039 2154 uos
1065 2081 1226 2154 novimus
1251 2081 1396 2153 militem
1424 2081 1510 2153 satis
1536 2079 1702 2173 legalem
1729 2085 1767 2150 et

193 2187 259 2291 qni
289 2203 395 2292 patri
422 2203 623 2294 videbatur,
636 2225 713 2275 >sna
739 2203 903 2295 prudenti
937 2203 1054 2276 indole
1089 2208 1223 2294 petrem
1251 2223 1498 2294 expressurus,
1525 2201 1662 2276 nonnisi
1689 2221 1786 2292 pen.
1934 2251 1939 2258 .

191 2321 314 2393 lectae
345 2324 477 2395 aetatis
503 2323 574 2396 lilio
600 2324 624 2396 J
634 2325 805 2414 obanni
832 2326 1034 2396 thesaurum
1061 2323 1276 2416 praedictum
1304 2331 1341 2397 et
1367 2324 1498 2414 cistam,
1526 2325 1561 2394 in
1589 2345 1659 2416 qna
1685 2341 1768 2396 eun·

193 2443 399 2535 tinebatur,
426 2445 492 2518 sibi
519 2450 685 2536 tanquam
712 2452 891 2537 paternam
909 2446 1172 2537 haereditatem,
1191 2453 1227 2518 et
1246 2447 1280 2516 iu
1299 2445 1392 2519 illius
1410 2446 1644 2536 nmessiraus,
1661 2449 1767 2536 atque
1795 2431 1807 2474 ’-

195 2563 387 2637 utilitates
415 2573 600 2656 servatum,
627 2573 664 2638 et
689 2568 887 2640 revelatum
913 2574 951 2639 et
969 2573 1160 2640 ostensura.
1182 2545 1464 2640 'Transeuntibus
1484 2574 1600 2638 auteur
1619 2572 1654 2637 et
1672 2565 1768 2638 efflu-

197 2688 353 2758 entibus
380 2689 415 2783 in
444 2688 507 2758 tali
526 2709 625 2760 rnora
651 2690 751 2760 annis
778 2697 815 2760 et
840 2689 1054 2779 temporibus
1080 2687 1248 2779 plurimis,
1267 2709 1344 2761 cum
1362 2689 1560 2780 praedictus
1578 2688 1688 2760 lratm
1707 2741 1713 2757 .
1733 2743 1740 2756 .
1760 2741 1767 2758 .

195 2809 301 2898 prior
333 2810 538 2881 monasterii
565 2809 713 2882 Sanctae
739 2808 947 2883 Catherinae
973 2809 1137 2882 arelieta
1156 2808 1407 2882 Gnevossii
1433 2809 1677 2882 suceamerarii
1695 2808 1763 2879 lra-

196 2931 374 3020 quentius
408 2931 608 3021 requirens,
644 2951 690 3002 arr
727 2931 867 3022 aliquod
903 2931 1099 3022 depositum
1137 2931 1229 3023 apud
1265 2949 1303 3004 se
1329 2937 1367 3003 at
1393 2931 1639 3003 monasterium
1667 2951 1766 3003 suum

198 3049 434 3140 habuissent,
460 3056 500 3122 et
522 3059 683 3123 matrona
709 3051 787 3142 ipsa
813 3058 1014 3124 constanter
1040 3051 1172 3142 aliquid
1201 3052 1312 3123 virum
1339 3069 1457 3140 suurn,
1484 3055 1546 3123 aut
1571 3071 1610 3123 se
1636 3051 1766 3122 babere

196 3170 439 3260 inficiaretur;
464 3171 610 3243 eredens
627 3172 827 3263 praedictus
843 3174 951 3263 prior,
970 3173 1038 3243 ianr
1058 3173 1189 3244 nullum
1207 3172 1382 3244 conscium
1401 3171 1553 3262 depositi
1572 3188 1766 3262 superesse,
1889 3259 1891 3264 Ι

198 3297 237 3361 et
254 3292 468 3366 existimans
494 3312 533 3364 se
558 3313 647 3384 opus
673 3293 800 3365 bonum
828 3313 942 3384 agere,
960 3294 990 3366 si
1008 3294 1208 3365 thesaurum
1227 3292 1419 3384 praefatum
1447 3299 1484 3364 et
1509 3283 1703 3384 depositum
1730 3293 1767 3364 in

174 3412 357 3484 salutern
385 3435 505 3484 eorum
533 3435 679 3504 quorum
716 3414 800 3505 luit,
827 3415 862 3485 in
889 3413 1080 3505 profectum
1108 3421 1145 3486 et
1172 3415 1411 3486 necessitatem
1439 3414 1572 3512 tempti,
1587 3421 1624 3486 et
1650 3430 1770 3486 rmus·

201 3533 307 3605 sterii
337 3535 579 3625 convertisset,
606 3535 749 3606 fundum
776 3535 885 3607 cistae
911 3535 1026 3625 rupit,
1052 3541 1089 3606 et
1114 3555 1250 3606 omnem
1277 3535 1481 3637 thesaurum
1507 3541 1546 3606 et
1572 3535 1797 3626 supellecti-·

202 3654 272 3724 lern
310 3655 365 3725 illi
402 3655 580 3748 auterens,
616 3675 735 3727 muros
769 3656 942 3727 notabiles
976 3655 1099 3746 templi
1134 3661 1171 3726 et
1196 3656 1417 3744 monasterii,
1444 3656 1587 3746 eiusque
1612 3653 1791 3727 officinas

203 3775 450 3847 construendo⁴
471 3777 653 3866 convertit,
682 3797 750 3848 nou
777 3777 852 3846 sine
879 3776 1108 3848 admiratione
1135 3775 1351 3864 mortalium,
1378 3775 1443 3866 qui,
1465 3776 1593 3866 prioris
1619 3773 1768 3867 praelati

120 3891 123 3904 '
204 3898 414 3987 ignorantes
438 3897 532 3970 unde
557 3901 717 3988 sumptui
743 3895 980 3988 procederent,
1007 3895 1107 3987 quasi
1134 3895 1386 3987 providentiam
1409 3901 1452 3968 et
1478 3896 1685 3968 industriam
1704 3896 1767 3968 mi-

204 4019 389 4090 rabantur.
424 4018 514 4090 Dum
543 4039 627 4089 vero
651 4018 676 4090 J
685 4019 891 4090 ohannes
917 4015 1095 4108 praeatus
1121 4011 1352 4089 Gnevossi
1362 4017 1374 4088 i
1401 4022 1551 4089 aetatem
1580 4017 1766 4107 perlectam

205 4139 383 4230 impleret,
411 4141 510 4230 virgo
537 4139 598 4211 illa
624 4142 768 4232 antiqua
794 4140 954 4230 deposito
980 4145 1017 4211 et
1043 4147 1178 4211 secreto
1198 4139 1269 4211 filio
1287 4137 1311 4210 J
1320 4137 1493 4210 olranni
1520 4138 1703 4230 patefacto,
1723 4139 1769 4210 ad
1833 4107 1860 4158 's
2003 4143 2014 4234 j

206 4262 461 4333 monasterium
493 4261 639 4333 Sanctae
674 4260 883 4348 catherinae
919 4283 996 4332 eum
1023 4260 1145 4333 eodem
1172 4259 1195 4332 J
1205 4261 1385 4332 ohanne
1413 4261 1524 4349 venit,
1552 4259 1614 4350 ssd
1641 4262 1779 4332 cistam

208 4381 377 4454 violatam
404 4389 441 4453 et
467 4381 613 4453 fractam
640 4382 837 4474 reperiens,
863 4387 995 4474 etque
1021 4382 1209 4454 thesaurus
1236 4381 1272 4452 in
1300 4401 1340 4452 ea
1367 4379 1546 4470 conditus,
1574 4401 1764 4454 conversus

207 4510 314 4593 osset,
343 4496 544 4594 diligentius
571 4504 759 4594 inquirens
778 4524 799 4574 a
819 4505 938 4594 priore
955 4503 1113 4594 praelato
1131 4523 1336 4594 responsum
1355 4502 1497 4592 accepit,
1516 4523 1650 4575 omnem
1671 4503 1767 4576 illum

210 4623 417 4696 thesaurum
444 4632 481 4696 et
507 4624 755 4724 supellectilem
782 4625 820 4695 in
845 4623 967 4715 templi
993 4629 1029 4695 et
1055 4623 1255 4696 monasterii
1282 4623 1517 4714 necessitates,
1544 4623 1632 4696 lelsa
1658 4624 1770 4716 opini-

209 4765 276 4817 one
297 4745 496 4836 doeeptum,
523 4745 616 4836 quod
642 4765 743 4820 uerno
770 4745 863 4818 illius
888 4746 1014 4818 baares
1039 4752 1078 4818 et
1102 4752 1282 4834 superstes
1309 4743 1478 4836 extiterit,
1496 4745 1713 4836 expendisse,
1731 4767 1769 4818 se
1817 4741 1823 4746 ’

162 4867 167 4874 ’
211 4866 341 4937 nudum
378 4873 414 4938 et
440 4887 626 4957 pauperem
664 4873 769 4958 atque
805 4866 998 4940 mendicum
1034 4865 1109 4940 fore
1137 4887 1200 4938 nae
1227 4865 1385 4958 srrfficere
1412 4865 1456 4938 ad
1483 4865 1577 4938 illius
1603 4867 1769 4956 thesauri,

212 4994 274 5060 aut
300 4984 446 5060 alicuius
472 4989 548 5060 eius
574 4988 685 5080 partis
713 4988 929 5078 solutionem,
956 5009 998 5059 eo
1022 5009 1159 5080 qnoque
1186 5008 1353 5079 responso
1382 5007 1464 5059 usus
1491 4987 1668 5078 praelatus
1693 4987 1718 5060 J
1728 5011 1765 5061 o·

212 5108 387 5182 harnes
413 5107 679 5198 Gnerossii,
706 5110 747 5180 in·
770 5129 835 5181 sua
871 5129 933 5200 spe
958 5114 995 5180 et
1020 5109 1182 5203 deposito
1208 5113 1354 5198 paterno
1381 5107 1546 5197 deceptus
1572 5115 1609 5180 et
1636 5105 1768 5198 illusus,

94 5287 95 5292 ,
213 5249 281 5300 uon
308 5231 390 5303 sine·
408 5231 524 5302 cordis
549 5231 603 5301 sui
629 5229 753 5334 ssllssffi
780 5231 1012 5303 amaritudine
1047 5229 1227 5319 discemit,
1266 5229 1564 5320 recuperationem
1590 5231 1681 5302 tenti
1709 5229 1769 5302 de-

98 5418 102 5423 .
214 5353 317 5438 positi
343 5352 501 5443 amplius,
520 5372 605 5423 »cunr
632 5373 709 5424 eam
736 5351 957 5425 existimaret
982 5351 1241 5443 impossibilem,
1268 5371 1337 5422 non
1364 5350 1554 5452 requirens.

314 5475 431 5546 Habet
456 5482 570 5546 autem
599 5475 844 5546 monasterium
872 5474 1064 5566 praelatum
1094 5473 1210 5544 villam
1238 5493 1340 5544 unam
1368 5469 1480 5544 eidem
1508 5473 1769 5545 monasterius

214 5591 412 5685 Sbigneo
439 5596 482 5667 de
509 5595 747 5686 Brzeszye
772 5596 873 5686 regni
900 5595 1066 5668 Poloniae
1093 5593 1265 5667 marsalce
1292 5593 1468 5686 duamur,
1496 5592 1624 5666 dietam
1652 5591 1770 5669 Wro-

215 5711 460 5788 blowicze.'
