4492 6592
473 695 545 764 170

468 898 661 987 locandum,
689 902 725 968 et
751 897 850 968 valor
877 897 951 967 eius
980 898 1186 971 aestimatur
1213 896 1259 966 ad
1285 896 1466 968 duodecim
1493 905 1635 968 marcas.
1653 898 1752 969 Item
1778 900 1888 969 estid
1906 897 2034 971 eadem

468 1021 551 1090 villa
584 1020 733 1090 taberna
768 1040 838 1089 una
874 1019 1029 1107 scolteti,
1065 1019 1199 1089 habens
1238 1039 1344 1088 uinum
1378 1019 1533 1108 laneum,
1561 1020 1604 1090 de
1632 1020 1728 1090 cuius
1755 1021 1851 1110 agris
1878 1020 2035 1090 solvitur

469 1141 602 1213 decima
629 1140 853 1231 manipularis
880 1161 944 1230 pro
972 1141 1184 1211 monasterio
1216 1141 1251 1209 in
1279 1138 1583 1212 Globuczsko.
1619 1141 1707 1212 Item
1742 1163 1812 1212 non
1835 1146 1920 1213 sunt
1945 1142 2036 1212 hor-

469 1263 649 1360 tumulae,x
676 1283 745 1333 non
781 1267 835 1333 est
871 1247 1011 1352 aliquod
1039 1262 1219 1352 praedium
1246 1261 1373 1351 regale.
1418 1263 1504 1332 Item
1532 1268 1587 1332 est
1614 1265 1649 1333 in
1676 1262 1797 1333 cadem
1822 1263 1909 1334 villa
1940 1261 2035 1332 scol-

469 1385 564 1474 tetia,
592 1385 723 1455 hebens
751 1387 898 1473 quatuor
924 1383 1053 1472 laneos
1081 1383 1125 1453 de
1152 1366 1277 1473 quibus
1305 1383 1464 1454 omnibus
1483 1384 1631 1454 solvitur
1649 1384 1782 1455 decima
1799 1384 2035 1474 manipularis

469 1511 506 1577 st
533 1506 708 1596 canapalis
735 1526 799 1595 pro
826 1505 1036 1576 monasterio
1065 1503 1299 1576 (llobuczensi.

573 1626 724 1717 Monac,
750 1627 835 1699 villa
862 1628 926 1698 sub
954 1627 1121 1716 parochIa
1147 1627 1313 1698 ecclesiae
1340 1627 1550 1698 coenobialis
1569 1626 1812 1700 Olobuczensis
1830 1627 1909 1716 sita,
1926 1629 2036 1700 cuius

441 1751 593 1821 ‘haeres
629 1749 795 1820 Nicolaus
829 1748 1088 1839 Mokrzsky
1121 1748 1248 1819 nobilis
1284 1748 1328 1818 de
1364 1748 1465 1819 domo
1492 1753 1528 1818 et
1553 1748 1686 1820 familia
1710 1749 1735 1820 J
1743 1750 1961 1820 unoscha
1990 1750 2034 1820 In

470 1892 538 1962 qua
573 1875 626 1941 est
660 1848 799 1941 unicum
835 1869 1015 1959 praedium
1052 1869 1220 1959 militare,
1248 1869 1291 1940 de
1326 1870 1423 1940 cuius
1460 1869 1554 1960 agris
1581 1871 1728 1942 solvitur
1755 1870 1889 1941 decima
1916 1865 2033 1941 mani-

469 1991 600 2082 pularis
636 1991 846 2062 monasterio
882 1991 918 2060 in
954 1987 1266 2080 Olobuczsko‚
1302 1995 1340 2061 et
1374 1991 1473 2062 valor
1506 1992 1583 2062 eius
1616 1993 1822 2063 aestimatur
1856 1991 1904 2062 ad
1939 1991 2033 2063 duas

473 2134 629 2184 marcas„

392 2247 395 2252 '
477 2287 481 2292 -
579 2234 858 2324 Munnzrnuonq
886 2231 1118 2304 molendinum
1147 2233 1211 2304 sub
1238 2234 1405 2322 parochia
1438 2233 1604 2306 ecclesiae
1639 2234 1883 2307 Globuczensis
1911 2237 2030 2324 situm,
2151 2288 2152 2301 ,

472 2355 569 2427 cuius
597 2356 793 2446 proprietas
820 2355 864 2426 ad
891 2353 1150 2426 serenissimum
1176 2354 1342 2425 Poloniae
1368 2375 1486 2445 regem
1512 2358 1686 2446 pertinet3
1713 2357 1806 2447 quod
1823 2358 1933 2428 babet
1950 2357 2030 2446 pln—
2151 2420 2152 2451 p

471 2497 527 2549 res
555 2498 667 2567 egros,
695 2477 737 2548 de
765 2477 890 2568 quibus
917 2477 1075 2547 omnibus
1094 2475 1200 2546 solvit
1218 2475 1386 2564 decimam
1404 2478 1656 2566 manipularem
1671 2479 1883 2550 monasterio
1902 2477 2030 2550 Globu-

469 2597 591 2688 czensi,
618 2605 655 2669 et
681 2598 935 2670 molendinator
960 2598 1102 2688 proprio
1130 2617 1236 2669 curru
1261 2597 1422 2669 conducit
1448 2617 1524 2694 eam
1551 2599 1587 2668 in
1605 2601 1768 2673 horreum
1785 2621 1807 2670 a
1824 2601 2051 2690 praeposito.
2151 2588 2152 2679 l

472 2717 705 2792 Olobuczensi·
722 2719 914 2810 locandum,
941 2724 978 2791 et
1003 2719 1102 2791 valor
1128 2719 1203 2790 eius
1223 2719 1427 2792 aestimatur
1454 2720 1499 2791 ad
1525 2741 1629 2791 unam
1655 2741 1817 2793 marcam.
2151 2726 2152 2737 ’

700 2985 901 3067 Decimae
936 2985 1182 3090 pecuniales
1215 2986 1461 3065 monasterii
1494 2982 1819 3066 clobuczensts.

577 3209 767 3298 Lononur„
795 3208 878 3279 villa
903 3209 967 3279 sub
995 3208 1160 3298 parochie
1185 3207 1351 3304 ecclesiae
1377 3206 1620 3279 Globuczensis
1643 3210 1723 3296 'sita
1752 3206 1850 3280 cuius
1868 3211 2028 3300 proprie-
2151 3190 2152 3201 ¹

477 3337 532 3402 tas
560 3331 604 3402 ad
632 3330 889 3400 serenissimum
917 3330 1083 3400 Poloniae
1110 3349 1227 3418 regem
1253 3330 1414 3419 pertinet.
1440 3330 1481 3399 In
1508 3351 1578 3420 qua
1595 3335 1677 3402 sunt
1694 3332 1842 3420 triginta
1859 3336 1935 3402 tres
1953 3353 2044 3431 cum,
2085 3403 2089 3408 ,
2151 3344 2152 3439 ζ

476 3452 590 3524 medio
626 3452 716 3522 lanei
753 3452 995 3523 cmethonales.
1035 3451 1123 3522 Item
1159 3472 1221 3522 sex
1257 3451 1349 3522 lanei
1385 3451 1615 3541 scoltetiales‚
1649 3451 1845 3542 dequibus
1872 3455 2031 3524 omnibus
2151 3452 2152 3519 3

477 3574 625 3654 solvitur
653 3573 785 3644 decima
812 3573 1001 3662 pecunialis
1036 3573 1247 3646 monasterio
1274 3571 1517 3663 Olobuczensi,
1545 3579 1581 3644 et
1608 3573 1754 3662 quilibet
1779 3574 1901 3643 laneus
1928 3574 2032 3646 solvit
2151 3588 2152 3659 l

477 3717 542 3787 pro
570 3695 704 3766 decima
730 3695 941 3768 mornasterio
976 3715 1099 3766 novem
1135 3715 1278 3784 grossos
1304 3694 1436 3764 usualis
1463 3700 1641 3784 monetae,
1668 3695 1704 3764 in
1730 3715 1839 3786 regno
1865 3694 2031 3766 Poloniae

479 3819 660 3890 currentis.
688 3817 776 3888 Item
804 3838 872 3888 non
900 3822 981 3891 sunt
1007 3817 1056 3892 ibi
1083 3808 1260 3905 tabernae,
1287 3836 1356 3886 non
1384 3820 1464 3886 sunt
1490 3815 1727 3906 hortulaniae‚
1752 3837 1820 3887 non
1848 3822 1904 3887 est
1931 3837 2029 3906 prae-
2151 3836 2152 3843 ¹

365 4037 375 4046 -
478 3940 581 4011 dium.
619 3940 709 4010 Item
736 3944 817 4009 scint
844 3938 893 4009 ibi
920 3939 988 4010 duo
1015 3938 1230 4026 molendIna‚
1257 3959 1363 4008 unum
1391 3939 1542 4029 regium,
1569 3938 1716 4008 alterum
1742 3938 1942 4028 scultetus,
1970 3938 2030 4010 sed

478 4065 636 4134 neutrum
671 4061 778 4134 habet
812 4082 924 4151 agros.
974 4062 1061 4132 Item
1096 4061 1257 4132 scoltetia
1292 4067 1346 4132 est
1381 4061 1448 4151 ibi,
1476 4080 1565 4151 quae
1601 4060 1707 4131 habet
1742 4081 1804 4131 sex
1841 4061 1965 4132 laneos
1996 4066 2031 4131 et

477 4184 582 4255 solvit
607 4183 774 4254 decimam
801 4183 1014 4272 pecunialem
1042 4203 1119 4252 cum
1147 4182 1386 4254 emethonibus
1412 4182 1577 4257 omnibus.
1598 4201 1661 4270 per
1686 4178 1810 4252 novem
1826 4186 1980 4272 grossos,

580 4304 785 4392 Knnrnrn‚
813 4303 896 4374 villa
933 4305 997 4376 sub
1032 4303 1199 4394 parochia
1233 4304 1398 4375 ecclesiae
1426 4304 1469 4375 de
1496 4302 1792 4374 Globuczsko
1819 4303 1908 4392 sita,
1935 4305 2030 4383 culus
2151 4359 2152 4411 p

478 4426 675 4517 proprietas
711 4431 748 4496 et
774 4424 961 4496 dominium
990 4426 1045 4495 ad
1062 4425 1308 4496 monasterium
1341 4424 1935 4513 Gzanstochoviensepertinet.1n
1963 4445 2029 4515 qua
2151 4472 2152 4475 π

479 4551 561 4617 sunt
589 4546 712 4634 viginti
738 4545 830 4628 lanei
857 4546 1100 4636 cmethonales,
1127 4546 1322 4637 dequibus
1350 4545 1509 4618 omuibus
1528 4546 1675 4616 solvitur
1692 4544 1825 4617 decima
1841 4547 2031 4634 pecunIalis
2151 4564 2152 4581 ¹

478 4667 691 4739 monasterIo
731 4665 973 4757 (lubuczensi,
1010 4674 1056 4766 et*
1082 4667 1228 4757 quilibet
1263 4667 1384 4738 laneus
1412 4667 1516 4738 solvit
1551 4687 1615 4756 pro
1636 4666 1786 4738 decima
1820 4668 2030 4739 monasterio
2151 4760 2152 4763 Ἴ

478 4787 709 4862 Klobuczensi
737 4809 797 4870 ser
824 4809 965 4878 grossos
991 4788 1122 4860 usualis
1158 4794 1335 4878 monetae,
1361 4789 1408 4876 in·
1425 4811 1532 4879 regno
1560 4789 1726 4859 Poloniae
1752 4790 1943 4879 currentis,
1969 4810 2030 4880 pro
2151 4794 2152 4801 ’

478 4911 566 4984 festo
595 4908 713 4981 Sancti
739 4909 895 4985 Martini,
931 4911 1019 4981 Item
1045 4911 1212 4982 tabernae
1238 4932 1308 4983 non
1335 4916 1435 5001 sunt,
1462 4933 1531 4982 non
1559 4915 1641 4981 sunt
1665 4909 1904 5000 hortulaniae‚
1931 4931 2030 5001 prae-

479 5033 573 5105 dium
600 5053 669 5103 non
697 5037 760 5104 est.
1313 5089 1317 5096 .

582 5155 726 5245 Brenn,
753 5153 837 5224 villa
863 5157 988 5232 vocata
1013 5151 1053 5222 M
1065 5172 1180 5242 agna
1205 5153 1359 5244 Byala‚
1387 5154 1518 5224 habens
1545 5154 1581 5223 in
1608 5173 1646 5224 se
1672 5153 1906 5242 parochialem
1924 5154 2031 5225 eccle·

480 5277 567 5348 siam
604 5275 750 5346 Sanctae
786 5272 995 5345 Gatherinae
1032 5273 1193 5362 dicatam,
1220 5276 1317 5345 cuius
1344 5275 1469 5346 haeres
1495 5274 1668 5373 Ilenricus
1694 5275 1809 5366 Byel
1836 5275 1963 5360 nqbilis
1989 5274 2031 5345 de

481 5398 586 5468 armis
613 5395 793 5488 Ostoya.
821 5395 861 5466 In
890 5416 958 5487 qua
985 5401 1066 5467 sunt
1093 5396 1185 5466 lanei
1211 5396 1456 5507 cmethonales,
1484 5396 1527 5466 de
1554 5396 1679 5488 quibus
1707 5396 1867 5467 omnibus
1885 5396 2033 5468 solvitur

480 5517 614 5588 decima
637 5518 829 5607 pecunialis
857 5518 1067 5590 monasterio
1095 5516 1339 5606 (lubuczensi,
1367 5523 1403 5588 et
1431 5517 1577 5608 quilibet
1602 5517 1723 5588 laneus
1751 5517 1857 5589 solvit
1883 5537 1948 5606 pro
1975 5517 2033 5590 de

480 5637 569 5709 eima
604 5657 664 5708 sex
691 5659 832 5728 grossos
868 5640 999 5714 usualis
1035 5644 1214 5729 monetae,
1241 5639 1277 5711 in
1304 5659 1412 5729 regno
1440 5636 1605 5710 Poloniae
1632 5637 1828 5729 cumentIs,
1854 5637 2034 5728 protento
2151 5732 2152 5737 Ν
