4492 6592
511 760 581 828 196

505 962 743 1048 hortulaniae‚
771 961 854 1032 item
882 980 945 1057 pro
973 957 1126 1031 adventu
1152 964 1189 1029 et
1215 957 1366 1029 statione
1393 958 1531 1029 abbatIs
1558 957 1705 1047 triginta
1730 957 1860 1047 gallos,
1887 957 1972 1028 item
1996 958 2057 1028 tri·

504 1085 603 1173 ginta
630 1087 666 1152 et
693 1102 798 1151 unum
826 1081 968 1150 chorum
996 1099 1127 1150 avenae
1154 1084 1191 1149 et
1217 1077 1287 1149 duo
1313 1077 1463 1148 octualia
1490 1077 1658 1148 cervisiae
1686 1077 1880 1172 proschoeu
1899 1131 1908 1145 .
1926 1131 1934 1145 .
1953 1131 1962 1145 .
1979 1077 2058 1147 item

504 1225 606 1274 unam
635 1223 779 1292 pernam
806 1201 896 1274 lardi
924 1221 987 1290 pro
1014 1199 1103 1270 festo
1132 1198 1296 1288 Paschae,
1324 1218 1443 1270 omues
1461 1199 1598 1270 solvere
1614 1203 1788 1270 tenentur.
1807 1197 1898 1268 Item
1917 1195 2059 1286 quilibet

504 1325 642 1396 laborat
668 1320 826 1417 iotrzpnr',
854 1328 890 1394 et
916 1327 1081 1394 tenentur
1107 1341 1219 1412 arare,
1245 1321 1435 1409 seminare,
1462 1327 1615 1410 metere,
1641 1320 1856 1408 conducere;
1881 1319 1967 1390 item
1993 1339 2060 1390 nou

504 1453 558 1516 est
594 1447 643 1516 ihi
671 1445 860 1535 praedium.
901 1444 987 1514 Item
1025 1445 1074 1514 ibi
1110 1450 1165 1513 est
1200 1442 1435 1514 molendinum
1461 1442 1600 1514 scolteti
1627 1443 1663 1512 in
1691 1441 1825 1530 Raba,
1852 1440 1962 1512 solvit
1986 1446 2058 1512 tres

504 1587 647 1638 marcas.
674 1567 760 1636 Item
790 1567 833 1636 de
861 1565 1046 1636 medietate
1073 1565 1177 1636 villae
1204 1564 1352 1635 solvitur
1378 1572 1415 1634 ct
1440 1563 1645 1635 conducitur
1672 1563 1806 1634 decima
1823 1561 2059 1651 manipularis,

504 1711 567 1778 pro
595 1689 698 1758 altari
735 1688 853 1758 Sancti
890 1686 1133 1774 Christopheri
1160 1687 1195 1755 in
1223 1685 1369 1755 ecclesia
1395 1684 1638 1774 cracoviensi,
1664 1690 1701 1754 et
1726 1685 1827 1755 valor
1853 1684 1930 1754 eius
1956 1683 2059 1753 aesti-

504 1817 619 1881 matur
645 1810 689 1879 ad
717 1809 909 1898 quindecim
938 1828 1081 1896 marcas
1108 1814 1146 1877 et
1171 1806 1215 1877 de
1242 1807 1354 1877 altera
1380 1807 1566 1878 medietate
1582 1806 1730 1878 solvitur
1747 1806 1915 1876 ecclesiae
1932 1803 2057 1874 ibidem

503 1932 538 2000 in
566 1931 840 2020 Lapszycze.
866 1930 954 2000 Item
983 1929 1163 2020 praedium
1190 1929 1350 2017 militare,
1376 1928 1420 1998 de
1447 1949 1516 2018 quo
1541 1928 1675 1998 decima
1701 1927 1849 2017 plebano
1877 1925 2006 1997 ibidem
2023 1927 2056 1995 in

504 2053 778 2142 Lapszycze.

609 2173 818 2260 Covnnovv,
855 2172 938 2242 villa
974 2173 1038 2242 sub
1075 2171 1242 2261 parochia
1275 2171 1440 2242 eeclesiae
1475 2171 1518 2241 de
1553 2171 1819 2260 Lapszycue
1846 2169 1935 2258 sita,
1961 2168 2055 2240 cuius

504 2275 699 2384 proprietas
728 2295 771 2366 ad
799 2295 1044 2364 monasterinm
1083 2293 1290 2364 Thiuciense
1317 2295 1480 2383 pertiuet.
1515 2293 1556 2364 In
1583 2313 1652 2383 qua
1678 2297 1761 2362 sunt
1786 2292 1878 2362 lanei
1903 2291 2056 2361 cmetho

503 2417 599 2485 nales
627 2421 662 2484 et
688 2417 792 2485 solvit
820 2417 990 2504 quilibet.
1011 2471 1017 2484 .
1037 2469 1070 2502 .,
1100 2417 1184 2486 item
1210 2416 1327 2502 labor,
1355 2417 1438 2485 item
1459 2413 1662 2509 peccabam,
1688 2415 1772 2484 item
1798 2434 1948 2507 osazyep,
1963 2413 2054 2482 *item
2137 2480 2140 2499 ,

503 2538 689 2624 tabernae,
721 2536 803 2604 item
841 2536 1080 2624 hortulaniue3
1101 2560 1102 2564 ¹
1121 2538 1205 2606 item
1241 2537 1419 2626 praedium
1455 2515 1656 2608 coenobiale
1690 2557 1760 2606 non
1788 2540 1844 2604 est
1870 2535 1931 2606 ibi.
1970 2533 2054 2604 Item

504 2679 630 2734 omnes,
650 2657 725 2744 agri
753 2656 855 2727 villae
883 2656 1022 2726 solvunt
1049 2657 1216 2727 decimam
1243 2657 1511 2747 manipularem,
1538 2663 1575 2728 et
1600 2657 1706 2728 etiam
1733 2657 1810 2745 agri
1836 2644 2055 2744 'scoltetialeq

503 2779 667 2848 ecclesiae
705 2783 740 2846 et
775 2777 922 2866 plebano
962 2779 997 2846 in
1036 2777 1317 2867 Lapszycze‚
1344 2779 1507 2849 etvalor
1533 2779 1609 2849 eius
1636 2779 1682 2848 ad
1707 2783 1787 2849 octo
1814 2798 1967 2867 marcae,
1994 2776 2054 2846 ali·

503 2900 641 2988 quando
676 2897 721 2968 ad
756 2898 883 2968 decem.
924 2897 1009 2968 Item
1046 2903 1101 2968 est
1136 2899 1315 2986 scoltetia,
1343 2919 1433 2988 quae
1458 2900 1565 2970 habet
1591 2899 1678 2970 duos
1704 2900 1834 2987 laneos,
1859 2899 1904 2970 de
1932 2897 2054 2989 quibus

503 3020 696 3090 decimatur
730 3039 794 3107 pro
830 3018 976 3088 ecclesia
1011 3019 1047 3088 in
1074 3017 1348 3107 Lapszycze.
1386 3019 1546 3090 &uiuat
1573 3041 1648 3092 cum
1677 3020 1892 3109 Bochuya
1917 3018 2053 3108 oppido,

502 3139 777 3228 Lapszycze.

606 3259 874 3346 Poovvrsznow,
901 3257 984 3328 villa
1011 3243 1143 3328 habens
1170 3258 1349 3329 ecclesiam
1376 3259 1610 3348 parochialem
1637 3261 1673 3330 in
1700 3281 1740 3330 se
1766 3262 1927 3350 ligneam,
1958 3261 2054 3332 cuius

502 3381 698 3468 proprietas
735 3379 778 3448 ad
806 3379 1053 3449 monasterium
1091 3378 1320 3450 Thinczieusc
1344 3382 1506 3468 pertinet.
1547 3380 1586 3450 In
1614 3402 1684 3470 qua
1709 3386 1792 3452 suut
1817 3383 1936 3452 decem
1965 3382 2053 3452 lanei

480 3501 558 3570 vel
587 3501 702 3588 potius
730 3501 804 3588 agri
833 3500 1084 3587 cmethoualeS,
1113 3507 1150 3569 et
1176 3499 1322 3589 quilibet
1348 3501 1454 3571 solvil
1479 3521 1544 3589 pro
1570 3521 1674 3572 ceusu
1694 3555 1702 3570 .
1721 3555 1728 3570 .
1747 3539 1755 3570 -.
1774 3557 1781 3569 .
1801 3557 1808 3570 .
1828 3557 1854 3591 .,
1881 3503 1966 3572 itam
1992 3523 2055 3572 ova

502 3621 636 3710 viginti,
665 3623 746 3691 item
774 3621 885 3709 gallos
913 3621 1009 3709 duca,
1036 3621 1117 3690 item
1146 3641 1265 3692 caseos
1292 3621 1388 3710 duos,
1415 3623 1499 3692 item
1528 3622 1638 3710 labor,
1663 3622 1749 3692 item
1760 3620 1955 3715 peruadunt,
1974 3624 2054 3694 item

502 3765 639 3836 osszpep
650 3767 661 3826 ,·
698 3743 800 3812 item*
818 3744 983 3812 tabernae
1019 3763 1086 3812 non
1115 3749 1214 3831 sunt,
1241 3763 1310 3814 non
1338 3750 1422 3814 sunt
1447 3743 1677 3814 hortulaniae.
1717 3743 1805 3815 Item
1832 3764 1954 3814 omnes
1981 3745 2054 3833 agri

501 3864 735 3934 ornethonales
763 3863 903 3934 solvunt
930 3869 965 3934 et
991 3864 1188 3934 conducunt
1213 3863 1380 3936 decimam
1408 3864 1658 3953 manipularem
1685 3870 1722 3936 et
1747 3865 1966 3954 cauapalem,
1993 3885 2054 3954 pro

499 3985 602 4054 altari
631 3985 832 4054 Sanctorum
862 3983 958 4054 Petri
986 3989 1021 4054 et
1049 3983 1148 4054 Pauli
1175 3985 1210 4054 in
1238 3985 1387 4056 ecclesia·
1409 3984 1641 4076 cracoviensi,
1668 3991 1704 4055 ct
1731 3985 1829 4056 valor
1855 3986 1932 4056 eius
1950 3986 2053 4058 aesti-

499 4111 614 4175 matur
640 4104 684 4176 ad
711 4112 782 4175 tres
810 4126 953 4176 marcas.
989 4105 1076 4176 Item
1104 4105 1284 4194 praedium
1310 4107 1362 4176 ibi
1388 4107 1606 4196 coenobiale,
1633 4106 1677 4178 de
1703 4107 1802 4178 cuius
1828 4107 1924 4196 agris
1951 4107 2053 4178 solvit

499 4231 534 4294 et
560 4226 621 4296 dat
647 4226 813 4296 decimam
843 4225 1092 4316 manipularem
1119 4225 1269 4315 plebano
1295 4227 1331 4296 in
1349 4225 1409 4298 Po
1417 4227 1684 4316 guiardum,
1710 4228 1793 4298 item
1812 4221 2052 4300 molendinum.

604 4346 934 4436 ansznowvczn,
961 4347 1044 4418 villa
1079 4348 1144 4418 sub
1180 4348 1346 4436 parochia
1380 4348 1546 4419 ecclesiae
1573 4348 1617 4420 de
1643 4349 1952 4439 Byslrupycue
1978 4350 2053 4437 sita,

499 4468 597 4538 cuius
632 4469 833 4556 proprIetas
870 4468 916 4538 ad
952 4469 1155 4540 coenobium
1192 4467 1418 4540 ThinczIense
1453 4470 1614 4560 pertinet
1653 4470 1694 4540 ln
1725 4491 1793 4560 quo
1828 4476 1912 4542 sunt
1937 4471 2052 4542 decem

499 4588 715 4676 cmethoneS,
752 4589 970 4659 indistinctos
1006 4589 1126 4660 laneos
1162 4609 1225 4660 seu
1261 4611 1364 4680 agros
1395 4591 1582 4679 habenteS,
1608 4597 1646 4662 et
1672 4591 1820 4681 quilibet
1853 4592 1962 4663 solvit
1988 4613 2049 4681 pro

498 4729 601 4778 censu
618 4764 625 4777 .
645 4763 651 4776 .
671 4765 678 4777 .
698 4764 723 4797 .‚
751 4711 833 4779 item
853 4709 1046 4803 paniolum,
1075 4713 1158 4782 item
1185 4733 1253 4782 ova
1278 4712 1425 4802 triginta
1450 4689 1533 4784 item
1559 4713 1671 4802 gallos
1697 4713 1794 4803 duos,
1822 4713 1907 4784 itam
1934 4733 2049 4784 caseos

496 4830 592 4920 duoS,
620 4831 702 4900 item
730 4829 843 4918 lab0r;
871 4832 953 4902 item
982 4853 1088 4902 unum
1109 4834 1348 4904 'molendirlum
1376 4835 1509 4906 habens
1536 4855 1650 4924 agros,
1676 4835 1759 4905 item
1786 4857 1944 4928 osrzpep,
1970 4836 2049 4906 item

495 4973 608 5055 unam
625 4952 805 5022 tabernam
833 4953 1016 5022 habentem
1044 4973 1167 5044 agrOS,
1193 4955 1237 5026 de
1265 4976 1332 5045 qua
1359 4976 1423 5056 pro
1451 4975 1556 5026 censu
1583 4956 1731 5028 solvitur
1749 5009 2049 5026 ............

612 5075 697 5144 Item
726 5095 830 5144 unum
859 5073 1039 5162 praedium
1076 5076 1292 5167 coenobiale,
1320 5077 1363 5146 dc
1390 5078 1487 5146 cuius
1515 5078 1610 5166 agris
1645 5084 1682 5148 et
1715 5077 1991 5148 cmethoualibus
2016 5083 2049 5146 et

494 5196 660 5266 tabernae
687 5199 723 5265 et
749 5194 936 5265 molendini
965 5195 1112 5266 solvitur
1138 5197 1272 5278 decima
1290 5198 1517 5287 manipularis
1535 5205 1571 5268 et
1588 5199 1774 5288 canapalis,
1792 5175 1830 5268 et
1846 5198 2048 5270 conducitur

493 5335 557 5403 pro
586 5317 687 5387 altari
724 5315 927 5388 Sanctorum
964 5315 1108 5388 Cosrnae
1136 5325 1173 5388 et
1199 5319 1360 5390 Damiani
1388 5321 1422 5390 in
1450 5319 1596 5390 ecclesIa
1621 5319 1862 5408 cracoviensi,
1889 5326 1927 5390 et
1955 5320 2049 5391 valor

494 5437 567 5506 eins
594 5439 799 5508 aestimatur
825 5438 869 5508 ad
897 5439 1048 5528 quinque
1076 5460 1220 5509 rnarcas

597 5557 776 5645 Burnus,
815 5560 896 5630 villa
933 5560 997 5630 sub
1034 5561 1201 5649 parochia
1236 5561 1280 5632 de
1316 5561 1505 5633 Radlovv
1532 5562 1618 5651 sita,
1646 5563 1682 5632 in
1709 5583 1777 5652 qua
1803 5562 2049 5634 monasterium

493 5676 699 5749 Thinciense
732 5701 796 5768 pro
831 5701 900 5750 una
935 5681 1122 5754 medietate
1156 5683 1263 5754 habet
1298 5683 1569 5771 proprietatem3
1596 5684 1633 5753 in
1660 5704 1729 5773 qua
1756 5682 1941 5754 medietate
1969 5688 2048 5756 sunt
