4492 6592
478 759 553 833 396

471 988 536 1059 per
561 1020 674 1037 .....
701 966 840 1056 larugas
867 964 1062 1056 canapalis,
1097 970 1135 1036 et
1148 968 1327 1038 'tenentur
1352 986 1427 1037 eam
1457 966 1656 1045 cmetboues
1684 967 1836 1058 propriis
1863 966 2024 1039 curribus

470 1090 596 1159 docere
622 1088 658 1158 iu
676 1088 839 1159 borreum
867 1087 1080 1176 coenobiale,
1106 1093 1143 1157 et
1163 1088 1261 1159 valor
1287 1087 1362 1158 eius
1389 1086 1596 1159 aestimatur
1623 1087 1667 1159 ad
1685 1088 1851 1160 tredecim
1880 1107 2026 1160 marcas.

470 1208 557 1280 Item
585 1206 784 1300 praediun,
821 1210 903 1278 item
929 1208 1094 1298 taberna,
1130 1208 1212 1279 item
1250 1208 1479 1280 bortulauiae.
1520 1209 1607 1280 Item
1639 1210 1807 1281 decimam
1834 1208 2025 1301 praefatam

471 1328 619 1416 contulit
645 1329 857 1401 monasterio
893 1327 1213 1420 Goprzyuuiczensi
1250 1328 1293 1400 de
1320 1350 1440 1401 mensa
1471 1351 1535 1402 sua
1562 1329 1704 1401 Fulco
1732 1332 1916 1422 episcopus
1942 1329 2028 1401 Cra-

469 1452 649 1535 curiensis.

572 1568 869 1661 Prnurnsszow,
896 1571 979 1643 villa
1006 1572 1072 1643 sub
1098 1572 1265 1663 parocbia
1292 1572 1459 1644 ecclesiae
1486 1574 1529 1644 dc
1558 1571 1757 1644 Malicze
1785 1573 1863 1645 sita.
1900 1572 1939 1644 In
1961 1594 2029 1663 qua

468 1699 551 1765 suot
576 1694 666 1765 lanei
694 1693 931 1764 cmetbouales
957 1700 993 1763 et
1011 1692 1100 1765 duae
1126 1696 1295 1765 tabernae
1324 1694 1492 1767 babentes
1520 1716 1625 1787 agros
1652 1696 1839 1785 dequibus
1866 1695 2028 1766 omnibus

469 1815 618 1887 solvitur
644 1815 776 1886 decima
802 1806 1029 1906 manipularis
1061 1821 1098 1887 et
1125 1837 1188 1906 per
1216 1870 1383 1887 .......
1420 1816 1558 1907 ierugas
1581 1816 1778 1909 canapalis,
1814 1816 2028 1888 monasterio

468 1936 804 2029 Koprzywuiczensi,
831 1937 875 2008 ad
894 1938 991 2009 carius
1008 1939 1260 2029 proprietatem
1289 1938 1373 2009 villa
1399 1938 1476 2029 ipse
1494 1940 1666 2029 pertinet,
1693 1946 1729 2009 et
1746 1944 1914 2009 tenentur
1932 1937 2027 2009 illam

468 2060 668 2131 emetlrones
705 2059 856 2149 propriis
891 2060 1050 2130 curribus
1085 2060 1215 2131 ducere
1250 2062 1285 2130 in
1314 2060 1475 2131 horreum
1514 2060 1733 2149 coenobiale,
1760 2066 1797 2131 et·
1824 2039 1924 2131 calor
1950 2060 2026 2129 eius

459 2179 675 2251 aestimatur
700 2178 743 2249 ad
884 2198 1029 2249 marcas.
1069 2178 1156 2249 Ibem
1185 2179 1377 2269 praedium,
1404 2180 1486 2249 item
1514 2178 1701 2250 hortuloni.
1742 2180 1827 2249 ltem
1856 2178 2026 2249 decimam

468 2300 674 2390 praefatam,
694 2300 839 2402 contulit
873 2302 1083 2371 monasterio
1115 2300 1436 2391 Goprzywuiczensi
1473 2300 1516 2371 de
1532 2320 1661 2371 vmeraca
1692 2320 1754 2371 suc
1781 2300 1926 2371 Fulto
1953 2300 2025 2390 epi·

469 2441 593 2511 scopus
620 2413 869 2491 cracoviensis.

571 2521 754 2630 Souuow,
781 2540 866 2612 villo
891 2542 955 2611 sub
982 2542 1148 2632 parocbia
1184 2540 1350 2612 ecclesiae
1378 2541 1421 2612 de
1448 2539 1668 2612 Goslicze
1694 2541 1784 2627 sita,
1819 2542 1919 2611 cuius
1945 2560 2026 2629 pro·

467 2663 599 2753 prietes
626 2668 661 2732 et
679 2662 867 2733 dominium
895 2662 938 2731 ad
958 2662 1206 2733 monasterium
1230 2661 1559 2752 Oopruywniczense
1587 2663 1748 2753 pertinet.
1788 2661 1827 2732 ln
1847 2682 1917 2751 qua
1943 2666 2025 2731 suut

366 2832 372 2839 -
466 2784 558 2853 lanei
585 2782 837 2873 cmetbooales,
872 2774 1069 2873 dequibus
1096 2783 1256 2853 omuibus
1284 2784 1431 2855 solvitur
1457 2783 1590 2859 decima
1616 2783 1862 2873 manipulario,
1898 2789 1935 2853 et
1962 2802 2025 2873 per

467 2925 528 2974 sex
556 2905 695 2993 icrugas
722 2903 915 2993 consputis,
943 2905 1154 2974 monasterio
1180 2902 1520 2995 Goprzyorniczeusi,
1548 2910 1583 2974 et
1611 2904 1740 2975 ducunt
1765 2924 1841 2973 eam
1870 2904 2025 2974 emetire-

466 3045 529 3097 ues
564 3024 717 3116 propriis
752 3024 911 3096 curribus
948 3025 983 3095 iu
1011 3024 1173 3096 borreum
1210 3046 1231 3094 a
1267 3026 1477 3101 monasterio
1514 3024 1713 3113 locandum,
1749 3030 1785 3095 et
1813 3024 1913 3095 valor
1947 3026 2023 3093 eius

349 3235 354 3245 „
466 3146 673 3217 manniatur
699 3145 742 3216 ad
770 3200 913 3216 ......
952 3145 1039 3216 ltem
1066 3146 1265 3236 praedium,
1302 3148 1384 3217 item
1412 3152 1484 3216 tres
1520 3146 1686 3218 tabernac
1712 3145 1883 3217 babentes
1910 3164 2025 3234 agros,

466 3266 550 3337 item
578 3265 805 3355 hortulaniae,
832 3268 913 3337 item
932 3266 1176 3338 molendinum.
1217 3267 1304 3339 Item
1323 3267 1489 3338 decimam
1519 3264 1723 3357 praelatum·
1737 3264 1885 3339 contulit
1904 3286 2023 3337 mouu-

467 3376 575 3457 oterio
600 3386 916 3478 Ooprzywnicaeusi
945 3389 979 3458 iu
999 3388 1075 3459 eius
1091 3386 1304 3477 fundatione,
1331 3388 1474 3459 Falco
1502 3375 1684 3479 episcopua
1703 3385 1953 3467 Oracorieusis.
2048 3438 2052 3443 -
2141 3436 2143 3473 ,

572 3505 800 3580 Suouuurur
829 3506 977 3597 Muros,
1014 3508 1097 3579 villa
1125 3508 1256 3580 babens
1292 3509 1326 3579 in
1355 3530 1392 3578 se
1418 3508 1652 3599 parochialem
1679 3508 1880 3597 ecclesiam,
1908 3506 2021 3581 coctili
2118 3526 2143 3589 ·l

466 3628 668 3700 fabricatam
688 3650 797 3721 muro,
825 3628 1107 3701 cuiusboeredcs
1135 3628 1381 3719 Martinus,
1409 3628 1589 3720 Paulus,
1616 3629 1864 3719 Derslaus,
1891 3626 2021 3700 Jaco
2142 3698 2143 3705 ,

467 3750 567 3841 bus,
602 3750 891 3842 Stauialaus,
926 3752 1221 3841 germani,.item
1258 3750 1436 3823 lohannes
1471 3750 1690 3843 llampka,
1727 3752 1808 3823 item
1835 3748 2019 3822 ⁴Paulus

466 3870 576 3943 irater
602 3873 801 3965 elamitem
821 3871 947 3945 Petrus
973 3872 1335 3965 Skotlrniczalry,
1362 3874 1443 3944 item
1462 3872 1642 3945 Jobannes
1668 3872 2022 3965 Kolyanouslry,
2142 3852 2143 3897 ἢ

468 4014 587 4064 omnes
613 3993 657 4065 de
684 3994 790 4064 armis
818 3992 1031 4083 Bogoria.
1071 3993 1110 4063 ln
1140 4016 1207 4085 quc
1233 4001 1316 4065 sunt
1342 3996 1433 4065 lanei
1461 3994 1712 4085 cmetbonales,
1739 3995 1823 4065 item
1850 3995 2017 4065 tabernae

399 4200 405 4210 Ι
467 4114 556 4187 duae
583 4114 769 4205 militares,
796 4112 967 4186 babentes
994 4136 1107 4205 agros,
1135 4114 1322 4207 dequibus
1349 4116 1673 4187 omnibuasolritur
1700 4116 1834 4187 decima
1862 4116 2018 4205 manipu-
2142 4194 2143 4197 Ἴ

466 4236 569 4326 laris,
597 4244 633 4307 et
660 4256 723 4327 per
750 4258 810 4308 sex
837 4238 977 4327 ierugos
1004 4236 1190 4329 canapalis,
1218 4238 1428 4310 monasterio
1455 4236 1791 4329 Ooprzyuniczensi,
1819 4242 1855 4307 et
1872 4238 2021 4327 propriis

468 4358 627 4429 curribus
655 4358 935 4430 acmetbouibus
962 4358 1103 4430 docitur
1130 4358 1165 4429 iri
1184 4360 1346 4431 borreum
1374 4358 1624 4430 amonasterio
1651 4356 1843 4449 locandum,
1871 4366 1908 4429 et
1926 4357 2022 4429 valor

468 4480 543 4549 eius
571 4480 776 4567 aestimator
803 4479 847 4550 ad
875 4535 988 4550 .....
1015 4481 1099 4551 item
1127 4480 1362 4570 hortulaniua,
1389 4482 1472 4551 item
1499 4481 1589 4552 duae
1615 4481 1782 4571 tabernae
1809 4479 2020 4567 militarium,

469 4600 639 4685 babentes
665 4620 779 4690 agros,
805 4600 849 4671 dc
868 4593 993 4692 qulbus
1011 4602 1222 4673 monasterio
1241 4600 1559 4693 Goprzpurniczeusi
1588 4600 1737 4674 solvitur
1754 4600 1889 4672 decima
1916 4601 2021 4671 mani·
2142 4650 2143 4709 3

468 4720 610 4811 inflaris·
649 4720 736 4791 Ibem
764 4721 906 4812 praedia
942 4722 1107 4794 militaria
1128 4718 1286 4794 'suntin
1315 4723 1435 4795 eadem
1464 4723 1556 4797 villu.
1596 4714 1681 4794 Item
1717 4729 1771 4793 est
1797 4722 1845 4793 ibi
1876 4742 1951 4793 una
1969 4728 2020 4805 ta-
2142 4692 2143 4751 }

468 4842 578 4913 beroa
595 4841 751 4934 plebani,
778 4843 910 4914 babens
937 4864 1059 4933 agros,
1085 4851 1123 4915 et
1142 4844 1246 4915 solvit
1264 4844 1440 4915 decimam.
1478 4844 1566 4915 ltern
1585 4844 1751 4915 decimam
1766 4842 1959 4933 praefatam
1987 4844 2019 4913 in

325 4959 332 5032 1
457 4950 717 5055 -Slrotb'niky,
735 4984 811 5035 cum
824 4972 918 5036 esset
929 4986 1069 5036 mensae
1083 4964 1303 5056 episcopalis,
1322 4966 1689 5041 contulitmooaaterio
1703 4964 2018 5056 Ooprzywuiczeusi

467 5085 504 5155 iu
530 5085 605 5156 eius
632 5086 808 5176 primaeua
833 5083 1045 5176 fundatione,
1072 5085 1214 5157 Falco
1242 5087 1424 5178 episcopus
1451 5085 1734 5188 Cracovienaiu-
2079 5172 2083 5179 ,

571 5204 822 5277 Szuorrruruu
850 5204 1003 5298 Parvo,
1038 5206 1214 5278 villosus
1250 5208 1415 5298 parochia
1442 5208 1485 5279 de
1512 5206 1681 5278 Maiori
1714 5206 2017 5313 szaotboylp

335 5328 342 5335 '
384 5393 400 5439 3
465 5327 551 5416 sita,
579 5328 675 5398 cuius
702 5328 899 5418 proprietas
924 5326 969 5398 ad
989 5326 1134 5398 Paulum
1162 5327 1204 5400 de
1232 5328 1438 5419 Bogoriu
1464 5335 1509 5401 et¹
1523 5329 1566 5399 ad
1586 5349 1802 5401 successores
1830 5348 1912 5400 auos
1940 5348 2015 5418 per-

310 5464 319 5471 ’
465 5449 564 5520 tinet.
604 5448 643 5519 ln
672 5469 741 5539 qua
767 5454 849 5519 sunt
875 5448 965 5519 lanei
992 5449 1325 5538 succumbendo
1353 5450 1477 5541 quibus
1514 5450 1672 5520 omnibus
1699 5450 1848 5521 solvitur
1874 5456 1923 5519 et·
1938 5470 2015 5519 cou-

465 5568 605 5639 ducitur
639 5568 772 5640 decima
806 5570 1032 5659 manipularis
1067 5576 1103 5640 et
1129 5570 1305 5661 canapalis
1342 5590 1405 5661 pro
1432 5568 1642 5652 munasterio
1681 5571 1715 5641 in
1743 5570 2014 5661 Ooprzyuoiczu,

466 5694 503 5758 et
529 5688 628 5759 valor
663 5666 739 5760 eins
764 5691 971 5761 aestimatur
1005 5690 1051 5762 ad
1205 5689 1303 5763 Hanc
1330 5690 1497 5763 decimam
1535 5690 1783 5781 manipularem
1818 5689 1951 5763 Paulus
1976 5690 2015 5761 de
2142 5702 2143 5743 l
