4492 6592
1722 751 1770 826 a

212 955 378 1032 teumt'ur
405 960 457 1032 ire
476 979 595 1036 omnes
610 965 759 1066 quatuor
785 959 973 1050 hortulani,
999 963 1142 1050 praeter
1170 958 1270 1032 diem
1297 950 1494 1056 Item'post
1520 979 1639 1032 omues
1665 981 1769 1050 agros

214 1081 326 1170 ullae,
355 1086 428 1152 tam
457 1081 501 1153 ad
527 1082 712 1172 plebanum
741 1079 901 1154 Omnium
933 1081 1157 1171 Sanctorum,
1185 1103 1287 1172 quam
1315 1082 1563 1154 monasterium
1590 1081 1771 1172 Zwyerzy·

216 1221 325 1272 nense
344 1206 382 1272 et
398 1201 568 1274 Jacobum
586 1202 630 1274 de
648 1201 940 1294 Oonyoczpol
950 1223 1003 1294 ye
1028 1203 1254 1293 pertinentes,
1267 1203 1312 1274 de
1328 1203 1490 1294 praediis,
1508 1202 1675 1292 tabernis
1690 1203 1772 1274 bor-

210 1322 366 1412 tulaniis,
393 1323 542 1396 soluitur
569 1323 838 1396 manuducitur
855 1324 988 1396 decima
1014 1323 1240 1414 manipularis
1266 1328 1303 1394 et
1329 1324 1505 1413 cauapalis
1531 1340 1595 1413 pro
1622 1323 1770 1413 plebano

211 1428 376 1514 Omnium
403 1443 617 1535 Sanctorum,
644 1449 681 1517 et
706 1445 874 1534 plebanus
901 1445 945 1515 de
970 1444 1115 1534 praedio
1142 1445 1310 1516 decimam
1336 1464 1401 1534 pro
1428 1464 1467 1514 se
1492 1443 1595 1534 tollit
1617 1448 1655 1514 et
1670 1444 1770 1516 valor

89 1611 92 1616 ·
210 1565 285 1636 eius
321 1565 370 1636 ad
407 1565 602 1656 quindecim
638 1585 781 1638 marcas
821 1567 910 1648 Item
925 1617 930 1624 -
946 1565 1114 1638 medietas
1151 1565 1254 1638 uillae
1281 1566 1435 1654 pertinet
1459 1565 1504 1636 ad
1530 1563 1705 1638 Iacobum
1725 1565 1770 1664 de

210 1684 579 1778 Oonyeezpolye,
607 1689 666 1778 qui
692 1689 800 1760 babet
827 1688 981 1760 ibi...·.
1000 1741 1008 1757 .
1027 1711 1055 1776 .;
1081 1687 1162 1758 Item
1190 1707 1281 1758 uuus
1306 1686 1427 1757 laneus
1454 1686 1499 1758 ad
1525 1667 1767 1758 clericaturam

209 1803 327 1876 Sancti
357 1804 560 1896 Michaelis3
589 1802 658 1897 qui·
674 1807 778 1878 solvit
804 1806 892 1878 duas
918 1825 1053 1878 marcas
1080 1827 1145 1897 pro
1171 1825 1295 1895 censu,
1322 1811 1359 1876 et
1384 1805 1551 1876 decimam
1578 1805 1770 1895 manipula·

208 1947 280 1998 rem
308 1927 419 2000 etiam
451 1928 592 2000 clerico·
612 1927 734 2019 soluit,
762 1929 892 2005 valoris
918 1929 1021 2000 unius
1048 1947 1195 2000 marcae.
1236 1925 1397 2000 00th
1431 1947 1507 2000 cum
1533 1927 1799 2021 Zuyerzy·⁴
1901 1923 1904 1926 ’
2016 1971 2028 1979 -

210 2068 350 2137 nyeez
380 2053 417 2120 et
443 2049 683 2141 Byelyani.

209 2245 216 2259 ‚
313 2169 512 2260 Brennum,
538 2171 622 2242 uilla
639 2171 707 2242 sub
722 2171 888 2260 parocbia
910 2171 1075 2242 ecclesiae
1102 2171 1146 2244 de
1172 2170 1540 2261 Zwyer'zyuyecz
1567 2169 1644 2260 sita,
1670 2169 1769 2241 cuius

207 2290 411 2379 proprietas
439 2292 483 2362 ad
510 2293 755 2364 monasterium
775 2291 1047 2383 Zuyerrynepse
1071 2298 1240 2382 quantum
1257 2292 1302 2362 ad
1320 2312 1427 2363 unum
1453 2292 1591 2363 laneum
1611 2296 1789 2362 et-uuarn‘
1847 2284 1851 2290 ’

207 2410 457 2502 bortulaniam,
484 2419 651 2513 quantum
670 2433 752 2486 vero
772 2413 816 2484 ad
834 2413 955 2486 laneus
980 2413 1226 2502 cmetbouales
1251 2413 1443 2502 tabernam,
1469 2402 1660 2502 praedium,
1685 2411 1768 2482 bor·

119 2605 123 2611 ,
208 2531 366 2604 tulanIas
394 2534 554 2624 quinque,
581 2534 826 2623 molendinum,
853 2534 897 2605 ad
924 2532 1105 2606 Nicolaum
1132 2533 1449 2624 Zarogouslry
1479 2533 1654 2604 consulem
1681 2530 1767 2602 Ora·

77 2727 79 2734 ,
209 2652 418 2741 metensem,
445 2655 596 2726 nobilem
614 2655 657 2726 de
675 2655 785 2727 domo·
805 2653 918 2726 Oa-to
927 2675 983 2745 ya
1008 2655 1170 2744 pertinet.
1196 2654 1237 2725 ln
1255 2673 1325 2744 qua
1341 2658 1424 2725 sunt
1440 2652 1509 2726 duo
1526 2651 1768 2732 tautummodo

209 2775 416 2846 monasterii
443 2776 536 2846 lanai
563 2775 806 2866 cmetboualea,
834 2781 870 2847 et
896 2776 1044 2868 quilibet
1070 2775 1176 2846 solet
1200 2795 1304 2846 unam
1331 2793 1557 2864 sexagenum
1591 2775 1677 2844 item
1703 2792 1770 2846 ova

209 2894 378 2985 triginta,
404 2897 487 2970 item
514 2897 625 2987 gallos
653 2897 757 2987 duos,
793 2897 874 2968 Item
903 2917 1023 2970 caseos
1049 2895 1155 2985 duos,
1191 2897 1275 2968 item
1301 2895 1463 2968 laborant
1489 2895 1637 2985 quilibet
1663 2915 1768 2965 unum

77 3069 78 3114 3
211 3014 299 3088 diem
329 3018 369 3088 in
397 3009 600 3109 septimana
627 3020 770 3108 proprio
789 3039 893 3090 cnrrn
912 3023 973 3090 aut
990 3023 1122 3106 aratra
1147 3019 1231 3088 item
1255 3014 1437 3111 pomodoou
1463 3022 1647 3106 utramque
1672 3015 1769 3086 labo·
1889 3039 1895 3043 ·

211 3143 299 3208 rant
326 3138 420 3210 item
447 3161 564 3234 oecpep
591 3140 694 3212 solvit
721 3140 876 3231 quilibet.
911 3139 998 3212 Item
1025 3139 1173 3210 taberna
1188 3159 1269 3210 una
1294 3137 1427 3214 babens
1453 3157 1566 3227 agros,
1593 3136 1638 3208 ad
1664 3136 1769 3206 Nico
1813 3219 1816 3222 .

209 3257 300 3330 laum
328 3259 647 3352 Zagorousky
674 3263 861 3352 pertinens,
889 3281 976 3351 quae
1002 3255 1107 3332 soluit
1133 3265 1267 3349 septem
1294 3258 1459 3330 fertones.
1494 3258 1585 3331 Item
1612 3257 1770 3328 hortula-

209 3379 284 3450 uiae
312 3381 471 3471 quinque
497 3382 666 3454 babentes
702 3403 805 3473 agros
831 3382 1047 3472 pertinentes
1074 3381 1118 3452 ad
1146 3378 1328 3452 Nicolaum
1364 3379 1700 3469 Zarogowslcy,
1735 3383 1772 3447 et

211 3501 352 3573 solvunt
379 3503 529 3578 mediam
555 3523 715 3574 marcam.
759 3504 847 3574 Item
874 3503 1107 3574 molendinum
1135 3521 1242 3574 unum
1270 3501 1407 3574 Nicolai
1445 3500 1474 3572 Z
1486 3500 1772 3603 arogowslry·

210 3621 294 3693 Item
315 3613 508 3714 ¹praedium
527 3631 591 3696 ’est
618 3625 786 3716 optimum
813 3625 862 3696 ibi
890 3643 966 3696 cum
994 3625 1105 3716 pratis
1133 3623 1250 3696 multis
1277 3622 1412 3694 Nicolai
1439 3621 1771 3728 Zarogonslcy,

212 3743 252 3814 de
279 3767 354 3835 qno
379 3743 572 3818 decimatur
598 3747 765 3818 aculeatae
790 3745 953 3818 Omnium
973 3741 1187 3826 {intraturum⁰
1214 3744 1305 3818 Item
1319 3751 1401 3840 post
1418 3763 1538 3816 omnes
1556 3760 1659 3834 agros
1678 3763 1768 3813 eme-

211 3865 382 3957 tbouales,
410 3868 613 3958 praedulce,
640 3868 865 3940 tabernarum
893 3872 930 3940 et
955 3867 1232 3940 hortulaniarum
1267 3865 1460 3956 praepositi
1486 3863 1769 3955 Zuyerzyneusis

101 4077 102 4081 Ἴ
211 3987 363 4059 soluitur
389 3993 426 4060 at
453 3989 656 4061 conducitur
683 3989 816 4060 decium
842 3987 1068 4079 manipularis
1087 3992 1123 4058 et
1140 3986 1318 4076 canapalis
1343 4006 1408 4075 pro
1427 3985 1588 4075 plebania
1605 3983 1766 4056 Omnium

212 4106 419 4184 Sanctorum
447 4110 559 4199 partis
585 4111 730 4200 ligneae,
756 4101 855 4182 ‘euius
882 4109 981 4181 valor
1007 4108 1051 4180 ad
1079 4107 1259 4180 duodecim
1277 4125 1413 4178 marcas
1439 4105 1652 4177 aestimatur.
1679 4105 1784 4208 loen

213 4229 417 4302 bortulania
436 4251 505 4302 una
517 4231 731 4322 monasterii,
747 4232 949 4322 quaesolrit
962 4229 1110 4304 mediam
1129 4247 1292 4300 marcam.
1306 4227 1468 4300 Confluat
1481 4247 1556 4298 cum
1571 4225 1666 4298 Sam
1675 4245 1772 4316 yer-
1885 4306 1888 4313 ‚

212 4351 400 4442 duaeza,
445 4352 780 4444 Praegorzyal,
826 4351 979 4424 Obelm
1009 4358 1061 4438 ¹et
1096 4349 1344 4424 Obelmska
1388 4349 1566 4440 Wolya,
1611 4354 1649 4420 et
1689 4351 1770 4420 sunt

212 4471 303 4544 iuter
318 4487 324 4500 “
340 4473 442 4546 uillas
479 4474 573 4564 ipsas
608 4460 740 4564 ¹scopuli
762 4479 803 4546 et
828 4476 928 4564 algua
964 4494 1027 4564 pro
1054 4473 1223 4545 limitibus
1254 4471 1442 4562 perpetuis.
1487 4470 1574 4542 Item
1602 4468 1768 4540 Nicolaus

212 4591 527 4688 Zarogo-wsky
563 4596 669 4668 babet
692 4596 744 4678 ibi
771 4595 951 4686 praedium
979 4595 1165 4686 optimum,
1201 4593 1289 4666 duos
1314 4593 1436 4664 laneos
1462 4590 1706 4679 cmetbonales,
1733 4595 1770 4668 et

213 4716 361 4805 quilibet
387 4717 496 4788 solvit
520 4737 622 4788 unam
651 4737 857 4809 sexagenum
885 4722 922 4788 et
947 4736 1053 4788 unum
1080 4716 1173 4788 diem
1199 4717 1236 4788 iu
1263 4715 1459 4806 septimana
1496 4713 1640 4804 proprio
1666 4733 1771 4784 curm

217 4840 275 4906 ant
302 4842 423 4908 aratio
449 4837 595 4910 laborat.
1443 4899 1449 4906 -

315 4956 635 5050 Oznrmrowrczn,
661 4959 744 5031 villa
770 4959 834 5030 sub
861 4958 1027 5061 parocbia
1053 4957 1097 5032 de
1124 4957 1533 5048 Orayessaowicze
1559 4955 1645 5044 sita,
1672 4952 1769 5023 cuius

212 5079 480 5169 proprietas-'ad
508 5081 755 5152 monasterium
782 5075 1057 5172 Zuyerzy'nense
1084 5081 1244 5171 pertinet
1271 5079 1310 5150 In
1331 5101 1400 5172 qua
1418 5083 1500 5150 sunt
1526 5082 1659 5166 septem
1678 5075 1770 5144 lanei

215 5201 446 5291 cmetbcnuur,
473 5207 509 5274 et
536 5202 682 5292 quilibet
707 5201 813 5273 solvit
840 5221 943 5304 unam
963 5221 1125 5292 marcam
1152 5207 1234 5272 octo
1254 5221 1405 5291 grossos,
1432 5201 1514 5270 item
1533 5212 1601 5270 ota
1616 5196 1771 5286 triginta

77 5409 82 5419 Ι
214 5319 295 5392 itam
322 5321 435 5412 gallos
461 5322 558 5414 daos,
585 5325 677 5396 item·
697 5343 815 5396 caseos
834 5323 930 5414 duros,
957 5324 1041 5394 item
1059 5323 1223 5394 laborant
1247 5319 1414 5416 iamzpuq
1441 5319 1582 5408 arando,
1611 5317 1770 5406 serendo,

213 5443 383 5514 metendo.
408 5443 494 5516 Item
514 5443 699 5539 pecudum
726 5445 889 5516 laborant
914 5450 1099 5534 utramque
1124 5465 1188 5532 pro
1206 5463 1293 5513 overe
1319 5448 1356 5512 et
1382 5443 1516 5532 hyeme.
1542 5440 1634 5555 Item
1650 5461 1768 5535 oaeyep

79 5647 86 5654 Ι
214 5584 280 5644 uon
308 5565 459 5637 solvunt.
485 5566 573 5638 Item
601 5567 748 5638 taberna
774 5565 1068 5641 uuamonasterii
1096 5565 1229 5636 babens
1246 5585 1361 5653 agros,
1387 5568 1424 5634 et
1450 5563 1556 5634 solvit
1580 5583 1647 5652 pro
1665 5582 1769 5633 censu

213 5687 284 5756 tres
309 5685 475 5760 teutones.
502 5687 592 5760 item
618 5687 839 5760 bortulaniaa
866 5686 1069 5760 monasterii
1088 5707 1157 5758 non
1176 5690 1268 5759 sunt.
1294 5684 1382 5756 item
1409 5684 1643 5759 molendinum
1663 5703 1768 5756 unum
1852 5753 1862 5769 ,
