4492 6592
1663 757 1755 844 295:

191 983 302 1056 agros,
328 983 421 1056 qnae
447 984 512 1056 pro
538 985 786 1064 esusuannuu
805 966 915 1040 solvit
926 966 1012 1040 duras
1030 987 1164 1048 mareas
1181 975 1219 1041 et
1235 987 1340 1040 unum
1366 968 1516 1060 lapidem
1542 968 1626 1060 sepi.
1652 968 1741 1044 Itan
1777 1019 1782 1023 -

189 1086 222 1156 in
248 1077 372 1160 eadem
400 1085 483 1160 villa
509 1071 765 1176 sunt‘quatuor
793 1087 1011 1162 hortulaniae
1037 1077 1214 1162 babentes
1233 1110 1347 1179 agros,
1371 1096 1410 1161 et
1436 1090 1610 1180 quaelibet
1635 1089 1741 1163 solvit

189 1226 249 1296 pro
277 1226 395 1290 annuo
419 1227 528 1280 censu
554 1223 660 1300 annm
686 1208 866 1305 fertonem,
893 1216 930 1284 et
956 1209 1337 1311 quilibetbortulauus
1359 1212 1394 1283 in
1414 1211 1739 1301 septimanarum
1875 1236 1881 1248 ⁸

190 1325 277 1406 diem
305 1325 446 1406 laborat
473 1327 646 1426 pedester,¹
687 1329 780 1424 Item
803 1337 975 1418 tenentur,
1002 1337 1074 1402 tam
1101 1330 1302 1404 emetbones
1328 1352 1431 1421 qnam
1458 1333 1675 1419 laborantur,
1701 1337 1740 1404 et

189 1447 367 1530 maulam
394 1449 439 1523 ad
465 1458 648 1540 utramque
662 1448 858 1544 portabam,
886 1450 1048 1522 videlieet
1065 1451 1279 1540 hyemalium,
1291 1458 1328 1523 et
1344 1452 1562 1525 aestivalium
1587 1452 1740 1524 fruman

189 1577 311 1647 mrum.
340 1569 429 1670 Item
457 1570 500 1642 de
528 1571 686 1644 omnibus
713 1571 808 1660 agris
835 1578 913 1652 tam,
934 1571 1217 1661 amanuensibus,
1244 1573 1508 1661 tabernatoris„
1529 1593 1632 1663 quam
1658 1573 1768 1672 bor-¹
1833 1661 1841 1666 ,

189 1689 400 1778 tulauoruru,
422 1683 574 1770 'solvitur
601 1690 734 1765 decima
758 1692 985 1784 manipularis
1011 1713 1075 1783 pro
1094 1692 1225 1764 vicario
1247 1693 1490 1784 ,Gronoviousi
1510 1694 1570 1784 qni
1587 1693 1740 1784 pertinet

190 1809 494 1904 adpraehendent
521 1793 808 1901 Gronoviensem,
841 1834 929 1904 quae
957 1819 1101 1887 robatur
1127 1813 1385 1903 Poszanezska,
1412 1823 1449 1886 et
1474 1822 1637 1888 tenentur
1662 1836 1739 1888 eam
1801 1817 1805 1823 '
1867 1807 1875 1814 ’

191 1931 390 2020 ometbpnss
417 1932 543 2006 ducere
570 1934 721 2024 propriis
744 1934 903 2009 mrdbus
929 1934 965 2006 iu
992 1935 1157 2008 bomenm
1175 1956 1196 2006 a
1215 1935 1347 2008 vicario
1371 1935 1562 2024 locandum,
1587 1943 1625 2008 et
1643 1937 1742 2008 valor

191 2053 262 2126 eius
289 2053 499 2126 aestimatur
534 2055 579 2126 ad
593 2064 738 2146 'septem
773 2049 918 2128 mareas.
960 2056 1057 2138 Item
1085 2055 1167 2128 villa
1201 2058 1360 2154 praefata
1396 2057 1745 2147 Kothkowyoza

192 2195 257 2252 nou
283 2174 440 2269 habebat
466 2176 659 2268 antiquitus
687 2175 835 2267 aliquod.
855 2177 1044 2266 praedium,
1072 2176 1134 2248 sed
1159 2177 1301 2250 fuerunt
1326 2179 1376 2251 ibi
1402 2199 1538 2269 semper
1552 2179 1634 2268 agri
1651 2199 1742 2250 eme·

192 2295 359 2390 thquales,
388 2296 433 2368 ad
460 2303 593 2388 septem
620 2298 737 2399 laneos
755 2292 802 2372 ¹se
828 2299 1063 2385 extendentem
1091 2319 1183 2389 nune
1205 2319 1289 2371 vero
1307 2299 1390 2370 villa
1416 2299 1493 2389 ipsa
1518 2300 1554 2370 in
1581 2281 1656 2372 toto
1682 2299 1742 2372 de-

193 2423 324 2490 sertata
351 2424 425 2506 est,
450 2425 489 2490 et
515 2418 552 2488 in
572 2417 716 2512 uentu,
734 2420 971 2507 methonam,
1009 2421 1044 2490 in
1071 2419 1166 2511 agris
1203 2420 1476 2507 amathonalibus
1511 2420 1661 2493 loentum
1687 2429 1744 2497 sst

193 2527 372 2628 praedium
400 2539 610 2627 coenobiale,
637 2538 679 2610 de
707 2540 804 2612 euius
831 2540 926 2634 agris
944 2547 981 2612 et
998 2542 1160 2635 anatome-
1177 2542 1336 2614 omnibus
1358 2550 1395 2614 et
1413 2541 1570 2632 singulis,
1596 2543 1744 2616 solvitur

193 2659 348 2750 solvique
376 2659 480 2730 debet
515 2659 647 2732 decima
683 2638 907 2750 maniprdaris
946 2662 1098 2740 vinariae
1124 2643 1346 2734 cracoviensi
1374 2663 1570 2753 praelatam
1609 2683 1654 2736 ex
1678 2663 1742 2736 ali-

194 2780 315 2876 quibus
342 2788 460 2854 tamen
479 2781 582 2870 agris,
604 2782 729 2884 ,paucis
746 2787 872 2876 umen,
899 2782 991 2854 aedit
1017 2782 1183 2854 ecelesiae
1210 2782 1628 2888 inKosozyolyeoz.
1654 2783 1743 2856 Item

111 2955 113 2960 ,
194 2887 374 2976 n'esdem
402 2901 485 2972 villa
512 2901 612 2974 multi
639 2903 726 2990 agri,
753 2911 834 2974 sunt
868 2902 1028 2994 usurpati
1064 2910 1100 2976 at
1126 2884 1267 2982 aumas
1293 2926 1316 2975 a
1341 2903 1519 2994 praedicta
1544 2903 1645 2992 villa,
1680 2926 1744 2996 per

195 3021 404 3094 stanislaum
431 3021 474 3094 de
502 3021 767 3115 Thaneayn²
807 3029 843 3099 et
870 3023 1023 3096 adiuncti
1060 3032 1142 3100 suut
1177 3024 1282 3096 villae
1307 3025 1426 3115 regiae
1453 3025 1743 3116 Borunyeze,

194 3156 291 3232 quarn
319 3149 418 3214 tenet
444 3143 535 3216 idern
564 3143 757 3220 Slanislaus
776 3145 811 3230 in
829 3145 1050 3234 obligatione,
1079 3146 1215 3218 ratione
1241 3146 1370 3234 moris,
1398 3146 1745 3237 quia'voudebantur

152 3363 155 3371 1
195 3263 388 3360 bominibus
416 3271 452 3336 et
479 3264 720 3354 ametbonibus
747 3265 790 3336 de
827 3264 1099 3356 Borunycze
1135 3266 1181 3336 ad
1208 3266 1465 3355 seminandum,
1501 3267 1560 3357 qui
1589 3267 1743 3352 colendo,
1789 3325 1792 3330 .
1916 3334 1920 3343 .

195 3384 351 3474 antiquos
389 3384 517 3456 limites
546 3385 771 3458 extinxerunt
806 3407 869 3476 per
895 3386 1136 3460 inarationsnr.
1181 3387 1268 3460 Item
1295 3387 1380 3459 villa
1405 3388 1564 3478 praefata
1593 3386 1746 3460 oonfinat

196 3524 266 3577 eum
293 3505 387 3596 villis
414 3505 696 3594 Boruuioze‚
724 3507 1060 3596 Swiradzieze,
1088 3507 1278 3593 Ostrow.

253 3701 256 3724 -,
294 3625 578 3716 Knmunnuour,
615 3626 698 3702 villa
725 3627 788 3698 sub
817 3627 985 3716 parocbia
1011 3629 1180 3702 ecelesiae
1206 3627 1250 3702 de
1270 3627 1631 3702 Prosobowieze
1667 3629 1746 3716 sita,

198 3746 287 3818 unius
315 3747 513 3838 proprietas
549 3755 585 3819 et
611 3747 800 3820 dominium
835 3749 880 3820 ad
908 3749 1156 3839 monasterium
1192 3749 1506 3822 sanctimonialium
1544 3749 1589 3820 da
1615 3747 1744 3819 Sthe·

198 3855 403 3958 ny'atbky
429 3867 590 3958 pertinet
618 3868 658 3940 lu
686 3890 755 3960 qua
770 3861 862 3940 ‘sunt
889 3869 1015 3958 viginti
1040 3877 1190 3959 quatuor
1215 3869 1307 3940 lanei
1324 3868 1568 3957 ometbonalas,
1596 3889 1744 3958 quorum
1788 3929 1794 3938 .

199 3987 316 4078 viginti
344 3997 425 4060 sunt
452 3988 610 4080 emptitii,
638 3989 726 4062 alias
750 3986 920 4084 salumn,
954 3990 1045 4061 item
1072 3989 1177 4060 etiam
1205 3988 1273 4060 duo
1300 3988 1362 4060 alii
1387 3988 1557 4078 emptitii,
1582 4009 1646 4079 per
1672 3989 1745 4079 ple·

199 4107 319 4182 benum
348 4109 391 4182 de
417 4108 774 4210 Prosebowieze
810 4111 936 4201 empti,
977 4111 1094 4182 salvis.
1111 4111 1272 4191 sensibus
1299 4116 1335 4182 et
1360 4109 1526 4180 oneribus
1551 4129 1681 4198 eorum,
1708 4117 1746 4180 et
1788 4171 1792 4179 .

201 4229 339 4318 quilibet
367 4231 486 4304 laneus
514 4231 556 4302 de
584 4231 687 4306 dietis
714 4232 837 4322 viginti
864 4231 1000 4304 duobus
1027 4230 1155 4319 laneis,
1190 4229 1297 4314 solvit
1330 4251 1395 4320 pro
1421 4249 1668 4302 anonumum
1694 4230 1746 4300 vi-

199 4349 280 4436 ginti
301 4337 439 4455 scottos
467 4351 656 4424 eommunis
684 4352 859 4442 pecuniae,
887 4353 972 4424 item
999 4351 1086 4424 duos
1105 4371 1262 4441 espanes,
1281 4357 1326 4426 ,et
1352 4371 1429 4421 eum
1455 4350 1594 4424 eisdem
1611 4350 1747 4422 duobus

201 4471 381 4568 capouibus
408 4471 494 4542 duos
521 4493 672 4562 grossos,
700 4473 784 4545 item
812 4473 937 4564 vigipti
950 4494 1042 4576 ova,
1069 4473 1154 4544 item
1171 4471 1264 4565 duos
1282 4491 1412 4560 caseos,
1438 4472 1523 4544 item
1540 4471 1628 4556 duos
1646 4492 1747 4544 aoros

202 4610 323 4674 arenae
351 4584 534 4666 mensurae
562 4572 738 4664 confertae
765 4601 801 4664 et
828 4614 889 4666 sex
917 4592 1099 4680 denarios;
1141 4592 1227 4665 item
1251 4613 1315 4682 pro
1342 4591 1430 4664 festo
1457 4589 1614 4664 Paschae
1640 4613 1750 4664 unum

202 4729 374 4802 grossum3
413 4715 495 4784 item
517 4734 586 4803 pro
614 4710 784 4808 nayodowa
810 4713 960 4786 medium
986 4733 1166 4811 gressuum
1206 4713 1290 4785 item
1318 4733 1383 4804 pro
1409 4733 1569 4807 aprum
1595 4711 1746 4784 medium

203 4851 364 4918 grossum.
400 4833 488 4905 Item
515 4833 644 4906 ibidem
672 4840 753 4906 sunt
779 4833 847 4906 duo
875 4833 967 4906 lanei
994 4835 1087 4906 ultra
1114 4834 1238 4924 viginti
1264 4833 1351 4907 duos
1378 4833 1574 4925 praefatos,
1601 4833 1660 4922 qui
1687 4854 1747 4903 vo·

205 4961 318 5026 untur
345 4953 594 5046 Posrzebuy,
609 4955 768 5045 'quorum
788 4954 934 5046 quilibet
952 4954 1056 5026 solvit
1074 4976 1138 5045 pro
1156 4976 1271 5028 annuo
1289 4976 1395 5028 oausu
1421 4955 1568 5027 mediam
1587 4973 1747 5041 maroam,

205 5078 237 5141 et
260 5076 373 5148 omnia
397 5075 469 5148 alia
496 5076 580 5165 iura
608 5075 746 5151 labores
774 5074 978 5164 attributa,
1007 5075 1295 5166 quemadmodum
1321 5081 1358 5148 et
1384 5075 1444 5146 alii
1465 5074 1662 5151 emetbones
1687 5094 1747 5144 za·

206 5187 319 5291 bupny.
346 5195 452 5268 laem
480 5197 526 5268 da
551 5173 710 5270 omnibus
738 5196 860 5288 viginti
888 5203 1036 5287 quatuor
1072 5196 1181 5268 laneis
1216 5197 1354 5268 labores
1390 5194 1522 5267 laoiuut
1548 5193 1747 5264 amethonas

207 5313 350 5402 qualibet
376 5318 588 5408 septimana,
624 5324 661 5389 et
687 5317 833 5410 quilibet
860 5308 1001 5390 anatur
1037 5337 1142 5389 unum
1169 5316 1259 5391 dom
1286 5316 1322 5386 in
1350 5305 1543 5405 septimana
1577 5313 1748 5386 laborare

111 5439 112 5444 '
206 5429 285 5517 ltem
300 5438 344 5508 in
372 5437 502 5540 eadem
519 5438 603 5510 villa
629 5444 711 5512 sunt
736 5444 810 5510 tres
836 5439 1004 5514 tabernae
1031 5438 1200 5511 habentes
1217 5424 1348 5527 'ugron
1376 5456 1522 5530 quamn
1549 5454 1618 5504 una
1640 5433 1749 5506 solvil
1871 5515 1875 5520 ,

207 5553 271 5640 tres
295 5579 427 5632 mareas
455 5566 491 5630 et
517 5579 624 5632 unum
652 5558 801 5650 lapidem
829 5558 935 5654 sepi„
948 5543 1038 5629 aliae
1065 5557 1322 5630 duaesolvunt
1347 5577 1414 5647 per
1437 5554 1524 5627 duas
1551 5547 1685 5628 marens
1701 5561 1749 5654 ,et
1795 5619 1799 5626 .

207 5691 262 5762 per
286 5700 388 5764 unum
415 5679 676 5772 lapidemsepi.
720 5680 809 5786 Item
836 5679 872 5752 in
899 5676 1019 5750 eadem
1047 5676 1191 5750 villain
1218 5677 1356 5766 flumina
1383 5674 1766 5767 anonymam.
