4492 6592
706 2127 1285 2268 THYNYOZIENSE.

286 2425 475 2506 Primum
495 2371 668 2506 'ordinis
701 2427 843 2508 Sancti
877 2405 1093 2511 'Benedicti
1129 2434 1167 2511 in
1202 2433 1391 2514 dioecesi
1424 2433 1702 2517 cracoviensi

538 2559 788 2666 consistens
815 2589 1116 2666 monasterium
1150 2589 1189 2667 in
1222 2587 1452 2694 Thyniecz.

312 2818 582 2893 Kasimirus
609 2821 791 2894 Primus
816 2821 982 2908 Poloniae
1009 2845 1080 2914 rex,
1108 2826 1228 2916 quiex
1246 2824 1462 2900 Oluuiacensi
1489 2831 1699 2902 monasterio
1726 2833 1762 2902 in

208 2936 346 3030 Galliis,
375 2942 435 3014 ubi
462 2943 530 3014 iem
557 2942 806 3032 professionem
834 2945 1012 3035 religionis
1030 2943 1171 3036 fecerat,
1198 2951 1234 3018 et
1260 2947 1395 3019 diacum
1422 2969 1535 3020 arcem
1553 2959 1764 3042 susceperat,
1873 2982 1876 2986 ⁴

207 3079 386 3150 egressus,
403 3063 689 3151 gubernationem
709 3071 745 3136 et
763 3065 916 3154 regimen
934 3066 1032 3156 regni
1051 3065 1226 3156 Pelusiae,
1244 3067 1504 3139 Benedic'to
1527 3091 1618 3160 papa
1636 3070 1670 3142 N
1679 3093 1762 3142 ono

208 3179 446 3272 dispensante,
473 3192 719 3275 assumpserat,
745 3185 882 3258 divinae
909 3187 1135 3276 benignitatis
1161 3187 1377 3262 clementiam
1404 3195 1440 3260 et
1465 3189 1646 3281 beneficia,
1674 3213 1762 3282 quae

207 3301 257 3370 illi
284 3307 323 3372 et
351 3309 536 3393 paternum
564 3306 763 3396 avitumque
790 3327 934 3397 regnum
952 3306 1118 3378 Poloniae
1144 3309 1359 3398 restituerat,
1386 3310 1572 3402 pluresque
1599 3311 1763 3384 victorias

208 3421 249 3492 de
275 3424 441 3498 hostibus
468 3427 593 3516 variis,
629 3428 798 3500 introueis
825 3434 861 3499 et
887 3429 1054 3518 propriis,
1090 3413 1301 3501 incircuitu
1327 3429 1482 3503 Polonici
1514 3433 1613 3524 regni
1649 3435 1761 3505 cousi·
1863 3497 1869 3506 .

106 3619 111 3638 ‚
208 3545 402 3636 aientibus,
436 3553 474 3618 et
512 3548 618 3638 gades
653 3549 889 3641 terminosque
925 3550 1090 3622 Poloniae
1126 3551 1226 3640 regni
1260 3572 1430 3642 usurpare
1466 3555 1673 3626 conantibus
1709 3555 1760 3624 illi
1878 3585 1882 3594 ·

209 3665 418 3759 contulerat,
444 3671 694 3762 recogniturus
722 3671 902 3742 duodecim
928 3671 1095 3743 iratribus
1124 3691 1211 3763 quos
1229 3692 1271 3742 ex
1290 3674 1502 3755 monasterio
1521 3671 1760 3758 Oluniuczensi

209 3809 322 3862 secum
361 3793 398 3862 in
423 3771 603 3865 Poloniam
639 3793 844 3884 advexerat,
881 3815 971 3866 anno
1007 3793 1148 3864 Domini
1179 3794 1287 3864 1044.
1322 3795 1569 3866 monasterium
1606 3796 1642 3868 in
1673 3795 1760 3866 colle

209 3917 369 4003 petrosa,
407 3934 495 4004 quae
523 3914 766 4007 Thynyecz
793 3915 1005 4005 appellatur,
1033 3914 1077 3984 ad
1103 3913 1233 3986 fluenta
1258 3913 1444 4005 Wyslae
1471 3915 1549 4004 sita,
1575 3913 1698 3986 fundat
1723 3923 1760 3988 et

208 4030 306 4123 locat,
349 4035 613 4127 ecclesiamque·¹
626 4037 860 4108 coenobialem
888 4038 923 4106 in
951 4037 1116 4110 bonorem
1147 4035 1264 4107 Sancti
1291 4034 1387 4114 Petri
1414 4035 1580 4126 principis
1607 4035 1759 4126 Aposto-

210 4151 317 4226 lorum
347 4153 506 4245 sannas
530 4163 568 4230 et
594 4157 803 4230 dexteritate
822 4159 927 4248 ,regia
953 4157 1064 4228 locum
1084 4155 1278 4246 praefatum
1305 4156 1450 4246 oppidis,
1469 4155 1570 4246 villis,
1589 4157 1758 4248 censibus,
1872 4222 1875 4229 .

209 4276 376 4367 praediis,
412 4279 626 4368 caeterisque
653 4279 689 4350 id
715 4299 824 4368 genus
860 4279 1077 4367 introitibus,
1114 4279 1151 4348 in
1177 4278 1294 4348 dotem
1330 4277 1381 4346 illi
1409 4277 1519 4366 datis,
1556 4277 1755 4370 locupletat,

210 4391 427 4470 libertatibus
455 4413 590 4489 quoque
618 4401 775 4488 plurimis
802 4400 1009 4490 privilegiet,
1037 4420 1144 4470 unum
1170 4420 1306 4490 quoque
1332 4397 1477 4470 fratrem
1505 4417 1548 4469 ex
1576 4391 1756 4471 duodecim

212 4533 322 4588 aecum
350 4539 394 4590 ex
421 4517 531 4593 Gallis
559 4520 716 4592 adduciis
743 4521 897 4592 Aaron
938 4521 1075 4592 nomine
1101 4522 1138 4591 in
1165 4521 1325 4592 abbatem
1352 4503 1450 4610 eligi,
1471 4521 1610 4609 assumi,
1637 4522 1759 4611 quiet

211 4635 319 4708 nitore
347 4641 442 4712 ritae
468 4647 505 4712 et
531 4641 709 4731 religionis
745 4643 972 4714 sanctimonia
1006 4642 1214 4732 praecipuus
1248 4642 1342 4712 iuter
1369 4647 1525 4714 caeteros
1551 4642 1756 4731 habebatur,

212 4766 380 4843 procurat.
408 4761 519 4834 Tanta
546 4763 780 4836 munificentia
806 4765 841 4834 in
868 4762 1059 4863 praefatum
1079 4765 1326 4837 monasterium
1353 4783 1446 4852 usus,
1474 4769 1512 4834 ut
1538 4763 1666 4833 nullius
1684 4784 1756 4833 mc-

212 4885 350 4954 nasterii
377 4891 458 4956 ante
485 4891 521 4956 et
547 4892 627 4975 pust
653 4887 688 4956 in
716 4885 806 4956 banc
821 4885 914 4966 ‚diem
940 4885 1085 4974 fundati,
1112 4883 1238 4956 fundus
1263 4885 1357 4974 dotis
1384 4891 1466 4955 tunc
1485 4904 1506 4952 a
1523 4904 1604 4974 rege
1632 4881 1755 4954 Oasi-

214 5003 319 5079 miro
346 5009 546 5096 praestitae,
564 5014 600 5078 et
618 5028 681 5097 per
699 5009 945 5080 monasterium
965 5009 1131 5080 hactenus
1150 5027 1330 5096 possessae
1353 5006 1506 5095 potuerit
1518 5005 1758 5106 aequiparari,
1884 5021 1895 5032 ·

106 5155 107 5166 ¹
214 5129 304 5196 tanta
331 5127 536 5198 excellentia
562 5134 598 5198 et
623 5129 868 5219 praerogativa
895 5151 916 5200 a
943 5129 996 5200 sui
1024 5127 1167 5200 exordio
1204 5133 1372 5216 perpetuo
1408 5124 1674 5215 privilegiatum,
1716 5132 1755 5196 ut

213 5246 367 5320 umrersa
402 5251 613 5320 monasteria
648 5250 754 5322 cellae
784 5256 820 5320 et
846 5250 922 5320 loca
958 5249 1088 5320 ordinis
1116 5247 1235 5318 Sancti
1261 5245 1442 5316 Benedicti
1476 5245 1540 5315 sub
1575 5246 1755 5334 provincia

215 5363 420 5460 Gnemensi,
455 5376 490 5440 et
516 5371 552 5440 in
580 5371 849 5461 quibuscumque
884 5370 1109 5440 consistentia
1145 5367 1380 5453 dioecesibus,
1417 5366 1491 5436 iure
1528 5355 1683 5455 legitimo
1717 5374 1754 5438 et

215 5493 420 5582 praescripto
446 5491 512 5564 init
531 5493 676 5583 ,abbatis
704 5491 962 5582 Thynicziensis
989 5511 1052 5579 pro
1080 5496 1236 5577 tempore
1263 5486 1506 5574 iurisdictioni,
1534 5487 1754 5577 dispositioni

216 5617 246 5678 et
269 5613 477 5684 ordinationi
504 5608 673 5686 subiecta.¹
712 5611 918 5684 Procurarit
945 5611 1048 5682 etiam
1083 5608 1176 5718 idem
1201 5606 1462 5678 Casimirus
1498 5607 1664 5683 Poloniae
1690 5628 1753 5680 rex
