4492 6592
1704 840 1778 910 247

229 1037 470 1116 Kazimirz.
496 1044 584 1114 Ibem
612 1043 655 1114 de
683 1043 855 1134 aliquibus
883 1044 986 1134 agris,
1013 1043 1133 1133 paucis
1156 1047 1282 1133 tamen,
1309 1043 1402 1114 cedit
1428 1043 1561 1130 decima
1588 1046 1779 1135 manipula-

225 1166 275 1234 ·ris
301 1164 472 1235 ecclcsiae
499 1165 534 1235 in
562 1163 812 1235 Kazimirz.
1364 1185 1367 1192 ·
1858 1247 1861 1250 Α

328 1284 590 1375 Baonowrczu,
618 1285 702 1356 uilla
728 1284 792 1355 snb
819 1285 984 1373 parocbia
1011 1283 1175 1354 ecclesiae
1202 1283 1245 1354 de
1272 1283 1295 1355 J
1305 1285 1534 1374 aroschyri
1562 1285 1645 1374 sita,
1682 1277 1778 1357 cuins
1903 1320 1907 1330 .

229 1408 349 1477 haeres
388 1404 619 1477 Varszins
655 1385 954 1508 Mychowslcy
990 1405 1116 1475 nobilis
1142 1403 1186 1475 de
1213 1405 1319 1475 armis
1350 1405 1491 1476 Rana.
1535 1405 1575 1476 ln
1603 1427 1671 1495 qua
1696 1413 1778 1477 sunt

114 1565 115 1570 =
231 1528 378 1617 quinque
406 1528 498 1598 lanei
527 1527 778 1615 emethonales,
815 1533 851 1596 et
877 1527 919 1598 de
947 1525 1104 1608 omnibus
1141 1525 1288 1596 solvitur
1323 1524 1456 1596 decima
1490 1525 1715 1616 manipularis
1742 1533 1779 1597 et

231 1648 414 1738 canapalia
442 1654 477 1718 et
504 1648 679 1719 inducitur
704 1668 768 1737 pro
795 1648 1006 1718 monasterio
1035 1644 1166 1717 Calvi
1193 1645 1369 1729 Montis
1396 1646 1542 1718 Sanctae
1570 1645 1708 1736 Crucis,
1736 1646 1781 1717 'et

230 1768 324 1838 valor
351 1769 428 1840 cius
456 1769 660 1840 aestimatur
687 1768 731 1839 ad
758 1775 832 1838 tres
860 1787 1029 1855 marcas3·
1049 1767 1131 1836 item
1159 1766 1315 1855 taberna,
1357 1767 1439 1837 item
1467 1767 1661 1855 hortulani3
1698 1768 1778 1838 item

113 1937 115 1944 ν
230 1890 274 1960 ibi
300 1889 441 1960 unicum
470 1889 648 1979 praedium
675 1889 844 1978 militare,
882 1889 924 1959 de
952 1889 1048 1958 onius
1077 1887 1171 1976 agris
1208 1887 1355 1958 solvitur
1390 1886 1522 1957 decima
1557 1888 1781 1977 manipularis

113 2041 116 2084 ς
230 2009 393 2080 ecclesiae
420 2010 624 2100 parochiali*
639 2011 674 2079 in
702 2007 936 2100 Clyexow,
964 2014 999 2079 et
1027 2008 1124 2079 valor
1146 2008 1222 2077 eins
1240 2009 1445 2078 aestimatur
1471 2007 1514 2077 ad
1534 2006 1620 2078 duas
1637 2028 1782 2077 marcas.

331 2129 568 2220 Cnoszczow,
596 2131 679 2202 villa
706 2131 770 2202 snb
788 2131 954 2220 parochia
981 2129 1023 2199 de
1051 2127 1408 2200 Bocbotbnicza
1434 2129 1511 2216 sita,
1539 2129 1636 2199 cuius
1658 2129 1781 2199 haeres

232 2253 506 2324 Bodzantha
545 2253 591 2347 dc,
629 2251 734 2322 armis
774 2251 1109 2340 Zubrzaglowa
1147 2233 1210 2320 sen
1251 2249 1490 2340 Wyenawa
1530 2256 1566 2320 et
1605 2249 1783 2320 lohannes

113 2401 121 2448 2
231 2373 465 2464 Zlydzyen
502 2373 545 2444 de
572 2373 678 2444 armis
705 2373 899 2464 Lelywa.
943 2372 982 2442 ln
1011 2391 1079 2460 qua
1105 2376 1186 2441 sunt
1212 2369 1392 2441 duodecim
1428 2390 1504 2439 cum
1540 2369 1654 2442 me'dio
1690 2370 1781 2440 lanei

113 2504 115 2568 ὲ
232 2495 483 2584 cmetbouales,
520 2495 563 2565 de
592 2495 715 2584 quibus
734 2495 900 2590 omnibus
928 2492 1076 2563 solvitur
1102 2497 1139 2562 et
1166 2489 1369 2561 conducitur
1395 2490 1529 2561 decima
1555 2490 1781 2589 manipularis

113 2648 121 2692 1
232 2622 265 2686 et
290 2616 469 2706 canapalis
496 2636 560 2704 pro
588 2616 713 2686 abbate
742 2621 777 2685 et
803 2635 865 2685 suo
893 2619 1065 2685 conventu
1089 2611 1400 2700 Saeczecboviensi,
1428 2611 1524 2682 cuins
1551 2611 1649 2682 valor
1676 2613 1780 2682 aesti-

113 2765 125 2814 1
231 2742 343 2808 matur
370 2737 416 2808 ad
445 2737 561 2808 decem
589 2755 742 2823 marcas3
780 2736 861 2806 item
898 2735 1064 2806 tabernae
1100 2731 1191 2804 duae
1226 2733 1392 2804 babentes
1428 2752 1549 2822 agros,
1585 2731 1780 2822 dequibus

232 2859 375 2929 soluitur
413 2858 547 2928 decima
583 2856 807 2946 manipularis
843 2877 906 2945 pro
935 2855 1146 2926 monasterio
1183 2852 1332 2924 Sanctae
1356 2851 1478 2923 Crucis
1504 2854 1540 2923 in
1565 2849 1807 2948 poor'ttwom,=

113 3025 122 3052 1
231 2981 311 3050 item
338 2979 561 3050 hortulaniae
587 2983 669 3067 tres,
697 2977 758 3048 sed
786 2997 854 3048 non
873 2975 1004 3047 habent
1031 2993 1143 3064 agros
1170 2975 1254 3044 item
1281 2981 1336 3045 est
1361 2973 1410 3044 ibi
1437 2975 1575 3044 unicum
1601 2973 1780 3062 praedium

118 3116 129 3178 g,
234 3097 380 3171 militare
410 3100 722 3188 Bodzantbae,
737 3097 792 3168 'de
812 3119 879 3187 quo
906 3097 1054 3168 solvitur
1081 3095 1214 3166 decima
1237 3095 1465 3198 ¹manipularis
1493 3095 1658 3165 ecclesiae
1678 3113 1781 3183 paro-

233 3221 331 3292 chiali
359 3223 397 3292 in
426 3220 789 3314 Bochotbnicza.

125 3417 130 3422 ,
317 3343 627 3414 ¹Bocnornruoza
657 3339 797 3429 Maron,
824 3338 907 3410 villa
930 3339 1053 3428 inqua
1080 3344 1134 3408 est
1159 3338 1305 3408 ecclesia
1330 3335 1550 3427 parochialis,
1576 3334 1703 3406 Sancto
1721 3333 1782 3404 Jo-

130 3501 132 3506 ·
234 3463 334 3534 banni
363 3462 609 3552 Evangelistae
637 3462 761 3551 dicata,
790 3461 887 3531 onius
906 3460 1103 3550 proprietas
1131 3459 1175 3530 ad
1202 3458 1382 3530 Nicolaum
1402 3457 1713 3549 ,Kazimirsky
1739 3455 1782 3534 de

136 3580 140 3598 ¹
235 3585 329 3656 domo
358 3583 493 3654 Rana
519 3583 680 3673 pertinet.
720 3582 760 3652 In
788 3603 856 3672 qua
884 3586 964 3652 sunt
991 3583 1127 3670 septem
1151 3580 1243 3650 lanei
1270 3578 1513 3666 emethonales,
1542 3583 1578 3647 et
1604 3576 1647 3646 de
1671 3576 1808 3648 omni.

125 3745 135 3790 ,2
235 3707 295 3777 bns
330 3706 479 3778 solvitur
515 3705 647 3776 decima
682 3703 925 3793 manipulariS,
953 3709 989 3772 et
1016 3701 1193 3792 canapalis
1229 3699 1435 3770 conducitur
1469 3718 1533 3787 pro
1570 3696 1781 3766 monasterio

132 3867 135 3874 ·
236 3827 360 3898 Calvi
401 3826 573 3897 Montis
611 3824 644 3894 S.
672 3823 812 3914 Crucis,
850 3829 885 3893 et
912 3823 1011 3894 valor
1045 3823 1120 3892 eius
1156 3822 1359 3891 aestimatur
1395 3819 1449 3895 ad,
1467 3822 1598 3907 septam
1637 3835 1782 3904 marcas

126 3971 137 4036 4
237 3951 313 4020 item
342 3950 432 4020 dnae
459 3949 635 4037 tabernae,
663 3923 745 4017 item
774 3944 861 4016 duae
887 3942 1116 4032 hortulaniae,
1145 3941 1205 4012 sed
1232 3963 1300 4012 non
1323 3941 1454 4011 habent
1481 3958 1593 4029 agros,
1619 3939 1701 4008 item
1729 3942 1785 4006 est

127 4153 129 4158 ¹
236 4070 281 4142 ibi
307 4072 445 4142 unicum
473 4069 651 4160 praedium
680 4068 847 4156 militare,
885 4065 927 4136 de
953 4065 1051 4136 cuins
1078 4063 1172 4153 agris
1189 4115 1191 4120 ·
1208 4061 1355 4133 solvitur
1390 4061 1522 4131 decima
1557 4056 1783 4148 manipularis
1910 4098 1914 4106 ·

237 4193 399 4263 ecclesiae
427 4190 552 4261 ibidem
581 4191 615 4260 in
644 4189 1006 4260 Bochothnicza.

336 4287 641 4385 Bocnorunucin
670 4309 816 4400 Mrnon,
858 4309 940 4381 villa
976 4310 1040 4379 snb
1068 4307 1233 4398 parochia
1268 4305 1433 4375 ecclesiae
1470 4303 1513 4374 de
1546 4291 1780 4372 Kazimirz

114 4456 135 4473 ·’
239 4436 310 4524 sita,
337 4437 436 4506 cuins
463 4435 587 4504 baares
613 4431 679 4502 fuit
705 4431 831 4502 Petrus
859 4429 1112 4519 Conon-sky
1140 4428 1182 4497 de
1210 4427 1312 4497 domo
1339 4424 1621 4515 Szrenyawa.
1647 4422 1688 4492 In
1716 4439 1783 4510 qna

130 4631 137 4642 „
239 4564 314 4627 sunt
341 4556 522 4627 duodecim
550 4554 640 4624 lanei
668 4551 911 4640 emethonales
939 4551 1129 4639 dequibus
1157 4549 1315 4618 omnibns
1343 4546 1490 4617 solvitur
1517 4545 1649 4615 decima
1674 4542 1783 4613 mani-

135 4759 139 4766 ,
240 4677 364 4766 polaris
401 4682 436 4747 et
463 4674 666 4746 conducitur
703 4694 764 4763 pro
801 4674 928 4744 abbate
955 4679 990 4742 et
1018 4676 1190 4742 conventu
1228 4690 1290 4739 sno
1327 4666 1474 4738 Sanctae
1510 4665 1649 4754 Crucis,
1685 4664 1782 4740 cuius

138 4861 143 4866 ‚,
241 4799 332 4869 ralor
359 4799 562 4869 aestimatur
589 4795 632 4866 ad
660 4795 950 4882 decem'marcas3
978 4794 1061 4863 item
1088 4793 1251 4881 taberna,
1278 4790 1320 4860 de
1348 4790 1445 4859 onius
1473 4789 1566 4877 agris
1594 4786 1784 4857 decimatur

242 4940 300 5008 pro
324 4919 536 4991 monasterio
574 4917 721 4987 Sanctae
759 4915 878 4986 Crucis
915 4914 1045 4985 Calvi
1082 4912 1279 5000 Montis,
1315 4912 1397 4981 item
1435 4909 1663 4994 hortulaniae,
1699 4907 1781 4975 item
1889 4921 1893 4935 ¹

113 5065 170 5138 ‚pp
242 5043 415 5128 praedium
441 5041 578 5111 unicum
608 5045 660 5108 est
687 5039 754 5128 ibi,
791 5038 833 5108 de
854 5037 958 5138 *cuius
986 5035 1079 5125 agris
1117 5035 1264 5106 solvitur
1291 5033 1423 5103 decima
1458 5028 1683 5118 manipularis
1718 5045 1782 5114 pro

113 5131 193 5264 ’decen
245 5163 381 5234 ecclesia
408 5165 441 5233 in
469 5161 919 5251 Klymunthowicze,
947 5157 1105 5228 et·valor
1132 5157 1207 5226 eins
1235 5155 1437 5224 aestimatur
1464 5151 1506 5221 ad
1535 5149 1622 5219 duas
1640 5166 1784 5217 marcas.
1915 5192 1918 5199 ·

113 5323 131 5391 ,t
149 5322 203 5378 ,011-
340 5283 554 5371 Wiansnow,
582 5279 664 5352 villa
692 5282 755 5351 snb
782 5280 979 5370 parochiam
1008 5277 1115 5346 Wan
1129 5276 1353 5346 welnicza
1391 5272 1550 5361 pertinet,
1578 5269 1675 5339 cuins
1702 5267 1784 5336 hae-

113 5427 202 5511 d0p0
246 5405 338 5474 redes
364 5403 541 5512 Jobannes
570 5404 685 5474 senior
704 5408 739 5472 et
757 5407 901 5491 nepotes
929 5399 982 5470 sni
1009 5397 1186 5502 Johannes
1205 5402 1240 5465 et
1259 5393 1450 5464 Stanislaus
1478 5391 1520 5461 dc
1549 5387 1785 5459 armisHab-

113 5561 149 5633 ,sp
169 5543 203 5615 pp
247 5523 365 5596 dank.
392 5525 432 5596 In
461 5547 528 5616 qua
556 5531 636 5595 sunt
664 5523 820 5594 uridecim
849 5521 940 5591 lanei
968 5517 1211 5604 emethonales,
1239 5515 1281 5585 de
1309 5513 1435 5603 qulbus
1453 5512 1611 5582 omnibus
1639 5507 1786 5580 solvitur

113 5675 161 5758 Μ
180 5664 202 5734 '11-
248 5651 279 5714 et
302 5647 501 5718 conducitur
528 5642 911 5732 decima'manipnlaris
932 5637 974 5710 'et
1001 5637 1176 5727 canapalis
1203 5657 1280 5727 pro·
1295 5634 1505 5704 monasterio
1533 5631 1681 5703 Sanctae
1700 5629 1786 5701 Cru-

248 5767 307 5858 cis,
333 5769 428 5840 ralor
456 5767 499 5840 ad
527 5773 605 5838 octo
633 5786 777 5854 marcas3
805 5764 886 5833 item
914 5761 1077 5850 taberna,
1105 5759 1187 5828 item
1214 5751 1410 5848 hortulani,
1437 5756 1519 5826 item
1546 5753 1690 5844 praedia
1716 5745 1786 5822 tria
