4492 6592
1705 736 1777 806 145

227 925 375 1018 plebano
402 929 439 998 in
466 927 697 1000 Podstbol
709 951 827 1021 ycze.
871 930 956 1018 Item
985 936 1039 1003 est
1064 932 1317 1023 molendinum,
1353 935 1443 1026 quod
1472 935 1577 1008 solvit
1615 945 1782 1013 metretas
1924 983 1929 990 .

228 1067 291 1138 pro
319 1050 531 1120 monasterio
559 1048 725 1140 Corporis
753 1049 892 1121 Christi.
919 1051 1006 1122 Item
1034 1073 1094 1124 sex
1121 1054 1384 1143 piscinae‘sunt
1401 1056 1437 1126 in
1455 1057 1576 1128 eadem
1595 1058 1678 1129 villa
1696 1061 1781 1132 satis

227 1167 340 1238 bonae
368 1169 594 1240 coenobiales.
639 1170 725 1240 Item
753 1176 834 1260 post
860 1189 978 1242 omnes
1006 1171 1232 1263 hortulanias,
1259 1174 1396 1245 decima
1419 1176 1646 1265 manipularis
1673 1179 1781 1250 eccle-

224 1287 297 1358 siae
325 1289 361 1358 in
388 1287 434 1356 W
442 1289 664 1380 ycliczka
689 1291 846 1362 solvitur.
891 1291 977 1362 It'em
1006 1293 1082 1382 agri
1109 1294 1343 1364 cmethonales
1371 1295 1472 1366 villae
1506 1296 1684 1385 praefatae
1711 1300 1779 1370 sul·

223 1412 310 1480 runt
350 1408 517 1480 decimam
554 1395 804 1500 manipularem
833 1415 870 1482 et
896 1412 1096 1502 canapalem
1134 1413 1236 1484 alteri
1263 1415 1413 1486 vicariae
1449 1421 1655 1507 perpetuae,
1692 1440 1780 1509 quae

223 1529 381 1619 pertinet
408 1528 451 1600 ad
479 1529 711 1619 praebendam
740 1530 1015 1620 Cracoviensem,
1044 1553 1132 1622 qnae
1160 1541 1306 1605 vocatur
1323 1534 1603 1627 Raciborovslra,
1631 1543 1666 1609 et
1684 1540 1782 1611 valor

222 1650 297 1722 cius
327 1650 533 1722 aestimatur
560 1651 603 1722 ad
632 1672 692 1722 sex
719 1673 863 1724 marcas.

349 1877 634 1958 Molendinum
670 1901 804 1983 prope
839 1885 1002 1984 portam
1037 1879 1078 1966 8,.
1113 1880 1295 1981 Nicolai,
1330 1883 1369 1960 in
1402 1879 1687 1963 cracovia
1744 1905 1782 1970 et

224 2013 257 2082 in
287 2011 396 2083 fluvio
423 2012 621 2088 Rudava
648 2015 761 2102 situm,
789 2015 886 2084 cuius
913 2013 1100 2086 molendini
1119 2017 1318 2106 proprietas
1337 1994 1579 2090 etdomiuium
1608 2019 1782 2108 integrum

222 2132 265 2204 ad
295 2133 557 2205 serenissimum
588 2132 754 2206 Polouiae
782 2155 899 2225 regem
927 2135 1087 2224 pertinet.
1118 2135 1160 2206 In
1185 2136 1252 2208 hoc
1278 2137 1475 2208 molendino
1502 2138 1721 2227 praepositus
1747 2145 1784 2209 et

223 2259 417 2325 conventus
445 2253 609 2344 Corporis
641 2254 772 2326 Christi
802 2255 856 2325 ius
885 2254 990 2327 habet
1017 2256 1179 2346 perpetui
1206 2257 1501 2348 molendinatoris,
1528 2264 1565 2330 et
1591 2259 1785 2350 perceptio·
1913 2309 1917 2314 -

93 2445 95 2456 ,
219 2395 299 2446 uem
329 2375 455 2448 tertiae
481 2376 593 2466 partis
621 2377 772 2458 omnium
809 2375 1120 2465 emolimentornm,·
1143 2398 1228 2467 rege
1255 2376 1421 2449 Polouiae
1448 2377 1535 2450 duas
1560 2380 1784 2470 percipiente.

93 2539 94 2544 =
219 2494 370 2584 Quidum
397 2496 488 2566 enirn
516 2493 718 2566 Gerlach
754 2496 1015 2584 molendinator
1049 2497 1239 2568 molendini
1265 2496 1414 2587 praelati
1445 2504 1482 2569 et
1507 2499 1643 2570 haeres
1658 2520 1782 2590 perpe·

224 2622 321 2705 tuus,
349 2615 583 2688 molendinum
611 2616 804 2707 praelatum
833 2638 895 2708 per
905 2615 1096 2707 ‚privilegia
1122 2616 1365 2688 Vladislai
1391 2607 1537 2690 Primi
1563 2626 1600 2690 et
1625 2619 1781 2691 Vladi-
1822 2630 1827 2642 ’

92 2743 93 2746 ’
221 2735 257 2807 sl
273 2737 317 2808 ai
345 2735 553 2840 Secundi
580 2758 700 2828 regum
726 2737 892 2810 Polouiae
920 2738 1108 2809 obtinebat.
1148 2721 1319 2809 Processu
1344 2759 1428 2811 vero
1454 2740 1631 2830 temporis,
1658 2739 1781 2811 videli-

225 2861 285 2928 cet
312 2878 403 2930 anuo
430 2857 571 2930 Domini
585 2859 709 2929 ’14]2.
736 2857 956 2932 medietatem
982 2858 1108 2929 tertiae
1135 2859 1247 2948 partis
1274 2858 1463 2929 molendini
1489 2858 1638 2949 praefati
1656 2857 1782 2932 Cathe-

91 3033 92 3076 3
228 2979 309 3050 rina
346 2978 470 3049 relicta
503 2977 647 3049 Davidis
684 2978 726 3050 de
767 2978 994 3050 Cracovia
1009 3057 1011 3066 ,
1029 3000 1094 3070 pro
1131 2979 1360 3078 septingentis
1395 2983 1433 3048 et
1467 2979 1618 3070 quinque
1653 2981 1781 3052 marcis

220 3100 375 3172 latorum
416 3119 619 3190 grossorum
655 3098 881 3190 Pragensium
922 3099 1016 3190 apud
1056 3097 1279 3173 catherinam
1315 3099 1472 3171 relictum
1511 3085 1813 3172 lra'nlrzodel'

222 3226 387 3312 emptam,
415 3219 628 3294 Conrado
656 3221 855 3312 praeposito
883 3226 919 3292 et
945 3213 1130 3292 conventui
1157 3219 1324 3310 Corporis
1342 3219 1473 3292 Christi
1490 3220 1527 3291 iu
1545 3221 1680 3294 animae
1698 3239 1782 3292 suae

90 3363 92 3422 l
222 3342 416 3424 remedium
444 3341 634 3414 donatione
662 3348 832 3432 perpetua
859 3347 894 3412 et
920 3341 1142 3414 irrevocabili
1169 3341 1380 3431 resignavit3
1407 3341 1510 3413 aliam
1538 3361 1621 3412 vero
1648 3339 1784 3432 partem

222 3463 352 3534 tertiae
381 3464 490 3552 partis
524 3462 671 3554 praelati
698 3462 886 3534 molendini
923 3459 1135 3552 Gerlach,
1170 3459 1328 3533 Mathias
1354 3462 1468 3533 dictus
1494 3459 1658 3551 Polalr,
1699 3463 1786 3534 civis

90 3607 91 3690 }
222 3583 473 3674 Cracoviensis,
501 3605 543 3654 ex
577 3589 672 3654 certa
699 3585 873 3674 emptione
891 3582 935 3654 ad
954 3603 1032 3654 eum
1060 3581 1257 3654 devolutam
1286 3603 1377 3658 auno
1394 3581 1534 3659 Domini
1557 3583 1653 3653 1413
1673 3580 1783 3656 Cun-

90 3715 92 3798 ξ
221 3705 335 3777 rado
365 3705 564 3795 praeposito
592 3711 628 3776 et
655 3703 840 3776 conventui
868 3700 1032 3794 Corporis
1060 3700 1193 3775 Christi
1220 3703 1407 3774 donatione
1433 3707 1604 3793 perpetua
1630 3708 1667 3773 et
1693 3702 1782 3774 irre-

221 3826 372 3898 vocabili
409 3825 571 3914 douavit,
608 3824 799 3914 resignavit
826 3828 861 3894 et
886 3823 1083 3913 inscripsit;
1123 3801 1306 3912 utramque
1341 3828 1458 3894 autem
1493 3822 1713 3907 donatiouem
1747 3827 1783 3893 ct

224 3947 497 4042 resignationem
528 3946 570 4018 de
598 3945 704 4016 tertia
729 3949 829 4035 parte
857 3944 1044 4024 molendini
1071 3933 1271 4015 Gerlach
1308 3943 1520 4014 monasterio
1556 3941 1713 4032 praefato
1732 3942 1783 4016 la·

229 4073 332 4156 ctam,
362 4065 641 4137 Vladislans
669 4046 914 4136 Secundus
933 4063 1097 4136 Polouiae
1124 4082 1187 4133 rex
1215 4082 1306 4132 anno
1324 4061 1463 4132 Domini
1482 4062 1580 4133 1414
1608 4081 1671 4151 per
1688 4061 1782 4132 litte-

222 4210 280 4260 ras
309 4209 390 4259 suas
418 4192 577 4277 patentes
604 4185 763 4275 ratificat,
791 4186 944 4258 admittit
971 4191 1007 4256 et
1033 4183 1224 4255 confirmat.

330 4306 597 4380 molendinum
627 4307 727 4380 aliud
764 4311 845 4379 aute
881 4311 1017 4398 portam
1055 4310 1211 4376 sutorum
1248 4305 1284 4375 in
1312 4302 1542 4377 Cracovia
1578 4302 1614 4372 in
1640 4301 1781 4373 flumine

224 4431 327 4502 etiam
355 4428 555 4499 Rudawa
581 4429 696 4518 situm,
724 4430 820 4500 cuius
848 4427 1045 4518 proprietas
1073 4432 1108 4497 et
1136 4410 1325 4505 dominium
1357 4424 1401 4495 ad
1428 4423 1686 4495 serenissimum
1712 4421 1780 4493 Po

226 4551 341 4622 loniae
369 4570 486 4640 regem
514 4549 675 4640 pertinet.
720 4549 760 4622 Iu
788 4549 854 4619 hoc
890 4549 994 4619 etiam
1032 4546 1230 4618 molendino
1265 4546 1487 4635 praepositus
1522 4549 1559 4616 et
1594 4547 1782 4614 conventus

224 4671 390 4762 Corporis
417 4669 547 4742 Christi
574 4670 633 4741 ius
656 4669 762 4740 habet
789 4669 950 4759 perpetui
974 4667 1282 4754 molendinatoris,
1310 4671 1345 4736 et
1372 4665 1629 4756 perceptionem
1656 4661 1783 4734 tertiae

222 4793 337 4884 partis
367 4791 517 4862 omnium
545 4791 853 4879 emolimentorum,
880 4809 963 4879 rege
991 4787 1157 4860 Polouiae
1176 4787 1264 4860 duas
1283 4786 1504 4876 percipiente.
1531 4784 1783 4884 Felix-enim

222 4915 306 4984 civis
334 4912 592 5001 Cracoviensis,
630 4910 817 5010 molendini
855 4908 1004 5000 praelati
1040 4909 1194 4981 existens
1231 4914 1420 4998 perpetuus
1457 4911 1493 4976 et
1526 4889 1781 4976 haereditarius

221 5035 344 5106 haeres
373 5037 477 5123 atque
504 5032 767 5122 molendinator,
794 5031 830 5101 iu
857 5031 1052 5102 medietate
1081 5029 1251 5102 duntaxat
1277 5028 1403 5098 tertiae
1435 5025 1546 5116 partis
1571 5022 1785 5095 molendino-

222 5177 307 5245 rum,
335 5154 477 5226 maioris
503 5137 641 5243 murati,
669 5158 705 5224 et
723 5152 867 5224 minoris
893 5151 1005 5242 lignei
1027 5151 1062 5222 in
1082 5149 1221 5220 flumine
1248 5147 1450 5219 Rudava
1476 5149 1512 5216 et
1539 5149 1620 5215 ante
1646 5147 1783 5233 portam

224 5283 379 5348 sutorum
407 5275 563 5364 sitorum,
589 5249 727 5345 omnem
754 5273 848 5347 illam
876 5272 1115 5360 medietatem,
1152 5269 1239 5341 nihil
1266 5269 1333 5339 sibi
1361 5264 1582 5364 reservando,
1607 5283 1783 5366 unacum

222 5397 357 5488 Agnete
384 5415 492 5467 uxore
520 5416 601 5485 sua,
637 5394 709 5465 lilia
736 5391 906 5483 Casparis
933 5391 1112 5481 Krugel
1151 5389 1237 5460 civis
1263 5385 1517 5473 Cracoviensis,
1553 5381 1783 5473 Gregorio

225 5515 424 5608 praeposito
451 5521 488 5586 et
514 5514 699 5610 conventui
735 5511 910 5603 Corporis
939 5509 1070 5594 Christi
1106 5529 1170 5599 pro
1207 5505 1405 5598 quingentis
1440 5509 1475 5575 et
1501 5502 1625 5595 viginti
1659 5501 1786 5574 marcis
1933 5533 1938 5541 ·

322 5801 531 5845 numanam.
1574 5773 1609 5822 1⁹
