4492 6592
1711 783 1782 853 101

85 1042 92 1055 ,
235 975 369 1046 Douin
397 975 520 1048 decani
547 975 806 1069 cracoviensis,
833 977 933 1052 Sedis
960 979 1186 1072 Apostolicae
1213 928 1463 1075 protonotarii,
1495 989 1594 1077 regni
1620 985 1786 1060 Poloniae

236 1096 521 1168 vicecancellarii.
547 1097 687 1170 Relatio
713 1100 866 1172 eiusdem
889 1101 1018 1173 domini
1032 1102 1223 1176 Alb'erti
1250 1107 1403 1196 episcopi
1421 1105 1660 1180 Gracoviensis
1686 1109 1785 1199 regni
1889 1143 1894 1150 v

180 1325 184 1354 ¹
233 1214 400 1298 Poloniae
426 1218 633 1290 cancellarii.
1129 1231 1138 1248 ²

741 1732 1278 1842 cuzvznnowvozu

243 1965 460 2060 ·qoartum
494 1961 794 2041 monasterium
828 1963 988 2042 ordinis
1023 1965 1456 2046 praemonstratensis
1490 1969 1529 2047 in
1562 1969 1751 2050 dioecesi

868 2099 1160 2182 Oracovienai.

336 2317 587 2389 Boleslans
614 2319 684 2390 dux
703 2317 952 2410 cracoviensis
980 2319 1277 2413 Sandomiriensis‚
1304 2321 1533 2415 Syradiensis,
1552 2325 1785 2397 Lanoiciensis
1955 2361 1964 2384 ι
2055 2409 2059 2418 ,

228 2443 263 2522 et
290 2440 395 2528 regni
422 2439 588 2511 Polouiae
614 2441 820 2532 monarcha,
855 2441 1023 2530 religione
1056 2448 1095 2512 et‘
1118 2442 1182 2513 alti
1209 2444 1386 2533 sangvinis
1423 2424 1604 2517 nobilitate
1639 2446 1784 2537 fulgens,
1871 2451 1915 2469 ·’

226 2561 346 2648 ignem
374 2565 410 2630 et
437 2560 598 2631 ardorem
626 2565 766 2637 sanctae
793 2561 950 2632 caritatis
977 2567 1013 2631 et
1039 2561 1253 2653 devotionis,
1290 2585 1390 2654 quern
1417 2565 1468 2635 illi
1495 2566 1783 2637 clementissimus

226 2679 401 2751 Dominus
428 2679 471 2752 de
499 2701 563 2752 sua
589 2681 728 2772 speciali
755 2683 967 2771 benignitate
995 2681 1178 2774 infuderat,
1205 2705 1274 2754 non
1301 2685 1421 2755 valens
1448 2692 1646 2776 contegere,
1672 2707 1783 2776 neque

226 2801 409 2871 lucernam
436 2803 490 2872 sui
517 2802 669 2892 pectoris
697 2802 909 2874 abscondere
936 2803 1000 2874 sub
1027 2804 1151 2894 modio,
1177 2803 1242 2874 §ed
1267 2825 1332 2894 per
1357 2813 1484 2876 sancta¹
1504 2828 1611 2902 opera
1637 2809 1784 2879 caeteris

100 2913 103 2920 ’
228 2921 350 2991 lumen
378 2921 617 3011 praebiturus,
653 2923 689 2992 in
716 2921 934 2993 haereditate
965 2927 1002 2994 et
1028 2921 1111 2994 villa
1138 2943 1202 2994 sua
1236 2923 1349 2994 ducali
1385 2923 1784 3018 Grzyzanowycze

224 3040 378 3112 fundare
405 3041 441 3112 in
468 3043 619 3112 animum
647 3042 780 3113 inducit
807 3043 1118 3114 sanctimonialium
1140 3041 1287 3133 domum,
1315 3043 1358 3114 de
1377 3045 1498 3116 ordine
1525 3052 1784 3136 praemonstra-

225 3162 331 3252 tensi,
361 3161 428 3233 sub
454 3163 575 3252 regula
602 3159 719 3232 Sancti
746 3161 944 3252 Augustini,
971 3167 1006 3234 et
1032 3163 1161 3252 templo
1188 3163 1420 3256 pulcherrimo
1447 3185 1490 3235 ex
1517 3173 1618 3255 petra
1644 3167 1723 3237 alba
1749 3171 1786 3236 et

232 3282 372 3372 quadro
399 3282 533 3372 lapide,
574 3282 646 3353 suis
674 3283 866 3372 sumptibus
892 3282 1092 3374 fabrefacto,
1118 3285 1366 3355 monasterium
1393 3285 1703 3356 sanctimonialium
1730 3307 1787 3356 or-

228 3401 320 3494 dinis
358 3401 719 3474 Praemonstratensis
755 3403 791 3472 in
818 3402 976 3492 praefata
1012 3403 1096 3474 villa
1131 3403 1542 3496 Grzyzano-uycze,
1578 3405 1623 3476 ad
1657 3406 1787 3477 fluenta

227 3522 384 3593 tlurninis
410 3521 555 3593 Nidae
582 3523 660 3612 sita,
688 3513 778 3593 anno
803 3521 945 3594 Domini
967 3510 1075 3594 1254.
1103 3529 1229 3614 quarto
1257 3524 1419 3595 calendas
1444 3523 1542 3596 Junii
1568 3525 1722 3597 instituit
1748 3533 1784 3597 et
1817 3552 1821 3568 ·

226 3633 362 3732 tondat,
392 3643 493 3733 eique
520 3621 569 3714 in'
582 3643 698 3718 dotem
726 3643 873 3734 primum
901 3643 1093 3733 praelatam
1120 3644 1237 3715 villam
1273 3643 1682 3737 Grzyzanowicze,
1709 3667 1786 3716 cunr

86 3788 87 3858 j
228 3765 363 3854 optimo
392 3769 429 3834 et
456 3763 610 3854 spatioso
638 3763 782 3854 praedio
809 3768 845 3834 et
870 3764 1067 3835 molendino
1093 3765 1130 3834 in
1156 3765 1296 3836 flumine
1323 3765 1441 3837 Nida
1467 3767 1672 3855 constituto,
1699 3767 1784 3836 item

229 3885 331 3957 villas
362 3883 654 3975 Glyczanov,
681 3885 874 3975 Sarbye,
910 3883 1146 3975 Kovvalye‚
1172 3883 1457 3975 Iiesznycza‚
1485 3884 1682 3976 (ionem,
1709 3885 1785 3956 (lo-

228 4003 1608 4099 bylniky,Szoluik,WolyaGrochowska,vayeborowicze,
1626 4005 1785 4096 Rostra,
1819 4023 1860 4052 ··

85 4136 88 4151 '
228 4127 674 4219 Byernatbovvicze,
701 4127 957 4216 ludovica,
984 4125 1355 4216 Umyanovvicze‚
1382 4131 1605 4217 caeterosque
1623 4121 1786 4198 introitus

228 4251 398 4340 assignat,
426 4249 645 4338 virginesque
671 4247 948 4320 sanctimoniales
976 4269 1018 4318 ex
1044 4247 1196 4317 claustro
1222 4245 1522 4318 Strzelnensi
1558 4253 1722 4338 sumptas,
1749 4247 1786 4317 in

228 4377 404 4462 perpetua
431 4370 631 4459 virginitate
649 4369 797 4440 Domino
825 4368 913 4440 coeli
939 4367 1178 4457 famulaturae,
1205 4367 1407 4458 introduxit,
1436 4389 1525 4458 quac
1550 4369 1696 4459 singulis
1714 4368 1787 4439 die-

227 4493 292 4563 bus
320 4491 446 4562 laudes
473 4490 621 4562 Domino
645 4495 822 4579 canerent,
851 4489 1072 4580 singulasque
1099 4489 1205 4560 horas
1231 4496 1419 4560 nocturnas
1446 4489 1580 4579 pariter
1597 4496 1634 4561 et
1651 4491 1786 4562 diutur-

175 4684 180 4690 ,
229 4635 292 4685 uas
319 4613 513 4702 explerent.
558 4609 766 4683 Aedificavit
792 4618 829 4682 et
855 4632 918 4701 pro
946 4609 1140 4700 virginibus
1167 4608 1299 4682 Christi
1325 4632 1432 4681 unum
1459 4609 1683 4700 domicilium,
1710 4631 1786 4682 curn

228 4733 443 4806 necessariis
470 4732 625 4824 officinis,
653 4753 780 4822 easque
808 4731 967 4802 clausura
994 4732 1110 4822 sepsit.
1138 4731 1345 4802 Aedificavit
1370 4736 1406 4802 et
1432 4751 1496 4822 pro
1523 4733 1722 4822 praeposito
1750 4736 1786 4802 et

230 4877 294 4945 pro
321 4855 494 4926 tratribus
522 4853 674 4926 eiusdem
702 4854 833 4924 ordinis
860 4851 1216 4924 Praemonslratensis
1243 4853 1356 4943 aliud,
1383 4853 1443 4942 qui
1470 4858 1506 4924 et
1532 4873 1607 4924 rem
1635 4851 1787 4924 divinam

231 4977 428 5067 explerent,
455 4981 491 5046 et
516 4975 764 5046 monasterium
792 4995 831 5044 oc
859 4973 1137 5046 sanctimoniales
1165 4975 1200 5044 in
1228 4973 1466 5063 spiritualibus
1485 4978 1520 5044 et
1537 4971 1786 5063 temporalibus

231 5098 294 5169 svia
321 5097 474 5188 provida
508 5097 757 5187 gubernatione
791 5095 1093 5183 administrarent3
1129 5095 1308 5165 ecclesiam
1344 5095 1447 5164 etiam
1483 5093 1715 5184 parochialem
1751 5093 1787 5162 in

148 5259 154 5266 ·
232 5218 657 5311 Grzyzanowyczc,
684 5237 760 5288 cum
788 5217 861 5288 suis
879 5217 1104 5306 proventibus
1131 5221 1168 5287 et
1194 5217 1385 5285 animarum
1413 5235 1505 5303 cura,
1533 5214 1643 5285 eidem
1670 5234 1788 5285 mona-

234 5341 344 5412 sterio
374 5338 469 5410 uniri
486 5345 522 5410 et
540 5339 755 5429 incorporari
774 5338 982 5428 procuravit
1013 5337 1163 5408 Duravit
1181 5343 1295 5406 autern
1323 5336 1569 5406 monasterium
1596 5333 1793 5424 praefatum

233 5461 267 5532 in
295 5461 710 5552 Grzyszanovvicze
737 5461 772 5532 in
801 5481 864 5530 sua
891 5459 1106 5549 proprietate
1126 5463 1162 5526 et
1178 5457 1390 5527 nodationis
1409 5458 1562 5526 essentia
1589 5457 1689 5527 annis
1707 5477 1787 5527 cen·
1900 5437 1933 5449 ”
1975 5503 1983 5515 .

234 5589 307 5654 turn
327 5575 516 5672 sexaginta
542 5581 686 5671 duobus,
713 5586 749 5652 et
767 5581 831 5652 sub
851 5579 1049 5652 obedientia
1067 5578 1204 5648 abbatis
1223 5577 1339 5648 Sancti
1356 5577 1533 5649 Vincentii
1560 5577 1603 5648 de
1630 5577 1691 5648 Vr
1704 5579 1789 5648 ati·
1892 5634 1897 5639 .

234 5705 271 5774 sl
282 5705 410 5790 avia,
437 5703 591 5775 eiusdem
609 5702 740 5774 ordinis
758 5700 1113 5776 Prasmonstratensis
1131 5699 1222 5769 tanti
1239 5700 1407 5789 temporis
1429 5699 1544 5788 spatio
1563 5685 1785 5790 consistebat,
