4492 6592
1682 960 1755 1030 aaa
1859 908 1862 912 ⁵

199 1159 285 1230 Item
315 1179 389 1230 non
426 1157 566 1231 solvunt
601 1180 712 1251 neque
747 1159 876 1252 gallus,
903 1182 1013 1252 neque
1041 1181 1179 1252 caseus,
1206 1169 1268 1234 aut
1293 1185 1378 1254 uva,
1406 1179 1516 1255 neque
1544 1121 1688 1251 arenam
1714 1165 1758 1239 de
1808 1153 1819 1168 ’

198 1279 372 1369 domibus,
399 1299 511 1370 neque
538 1281 582 1352 de
609 1282 740 1370 hortis;
768 1303 837 1354 non
864 1283 1033 1372 laborant
1061 1283 1122 1354 sed
1151 1283 1194 1356 de
1220 1305 1304 1355 area
1330 1285 1470 1357 solvunt
1496 1286 1648 1358 medium
1670 1287 1760 1359 alte-

198 1421 273 1472 rurn
300 1396 467 1489 grossum
503 1400 620 1472 latum.
660 1403 747 1474 Item
785 1404 925 1476 solvunt
960 1425 1024 1494 pro
1052 1405 1221 1494 magistro
1247 1405 1386 1476 scbolae
1412 1406 1559 1497 quilibet
1584 1408 1628 1478 de
1654 1408 1757 1480 domu
1871 1477 1874 1481 ,

199 1541 259 1591 sex
286 1513 454 1592 denarius
481 1518 642 1593 uanae.
669 1523 757 1594 Item
782 1505 828 1594 de
855 1525 1015 1596 omnibus
1041 1525 1152 1596 laneis
1179 1525 1429 1618 oppidanorum
1457 1521 1606 1600 solvitur
1624 1534 1660 1599 et
1677 1549 1758 1600 con-

198 1642 339 1712 ducitur
378 1642 511 1713 decima
546 1645 772 1734 manipularis
808 1651 844 1716 et
879 1646 1057 1736 canapalis
1093 1667 1165 1736 pro.
1193 1647 1357 1737 episcopo
1384 1645 1627 1740 cracoviensi,
1653 1645 1690 1720 et
1716 1670 1760 1720 en

199 1767 301 1851 pacto
329 1762 474 1834 solvunt
500 1783 564 1852 pro
591 1764 725 1835 decima
752 1765 851 1837 annis
879 1766 1024 1857 singulis
1050 1754 1234 1856 sexaginta
1250 1787 1394 1840 marcas.
1420 1768 1507 1839 Item
1526 1770 1758 1841 molendinum

140 1949 143 1952 .
202 1887 243 1958 in·
263 1885 408 1958 flumine
428 1941 435 1956 .
455 1941 462 1956 .
481 1941 488 1956 .
508 1887 600 1978 qnod
626 1889 731 1960 solvit
757 1895 922 1960 metretas
950 1909 1013 1978 pro
1039 1889 1371 1962 sanctimonialibus.
1458 1871 1464 1892 ‘

269 2031 273 2038 ·
304 2005 566 2093 Tbeluuaum,
594 2011 691 2081 cuius
718 2010 915 2100 proprietas
942 2009 1093 2098 pertinet
1118 2009 1164 2080 ad
1191 2009 1469 2083 sanctimoniales
1497 2007 1761 2101 Sandeczenses,

201 2135 236 2198 et
270 2127 314 2198 de
353 2128 510 2218 qualibet
546 2129 639 2201 balla
674 2131 780 2220 panni
816 2129 998 2202 solvuntur
1024 2129 1143 2200 decem
1169 2131 1301 2219 grussi3
1337 2130 1420 2200 item
1447 2151 1468 2200 a
1495 2131 1653 2221 quolibet
1681 2151 1760 2203 vase

127 2233 134 2242 ’
201 2250 339 2339 integro
368 2250 452 2338 viui3
479 2250 596 2320 decem
623 2251 747 2341 grossi,
775 2251 820 2323 ab
847 2252 924 2322 aliis
951 2252 1054 2323 rebus
1082 2250 1126 2321 de
1154 2251 1309 2341 qualibet
1344 2271 1460 2322 marca
1486 2271 1575 2323 nnus
1597 2272 1761 2341 grossus3

204 2370 304 2441 datur
335 2375 455 2442 autem
483 2370 594 2442 solum
621 2372 656 2442 iu
684 2372 806 2462 eundo,
834 2373 895 2444 sed
922 2392 990 2442 nun
1017 2373 1053 2441 in
1079 2371 1284 2442 recedendo.
1310 2371 1398 2444 Item
1426 2374 1608 2462 episcopus
1635 2371 1761 2444 Gracu-

203 2491 331 2561 viensis
359 2491 468 2562 habet
494 2491 666 2568 decimam.
695 2495 942 2584 septimanam,
970 2498 1005 2564 et
1032 2492 1174 2564 solvunt
1200 2493 1268 2563 sibi
1294 2493 1574 2566 sanctimoniales
1608 2514 1672 2584 pru
1699 2494 1759 2564 illo

204 2607 262 2682 se'x
288 2631 428 2684 marcas
451 2612 607 2684 latorum
632 2630 844 2702 grossorum.
871 2614 958 2685 Item
985 2619 1040 2684 est
1066 2613 1115 2684 ibi
1141 2615 1390 2688 monasterium
1416 2613 1560 2686 ordinis.
1577 2615 1760 2704 minorum,

205 2733 336 2830 babens
365 2733 556 2824 praedium,
582 2733 626 2804 de
655 2755 722 2824 quo
750 2735 835 2805 nulli
863 2735 967 2806 solvit
994 2734 1171 2805 decimam.

307 2852 619 2946 Ozucrnowruzn,
648 2856 730 2926 villa
757 2857 821 2927 sub
848 2855 1014 2946 parochio
1040 2856 1083 2926 de
1102 2855 1309 2946 Antiqua
1334 2855 1539 2929 Sandecz
1566 2858 1644 2946 sita,
1662 2857 1760 2928 cuius

205 2975 404 3064 proprietas
430 2975 475 3047 ad
502 2977 750 3047 monasterium
778 2976 1013 3047 Sandeczense
1041 2977 1210 3065 pertinet,
1238 2982 1274 3046 et
1300 2977 1500 3048 cmetbuues
1527 2977 1631 3048 villae
1658 2997 1761 3066 prae·

207 3095 294 3166 latae
321 3096 428 3168 locati
451 3102 539 3168 sunt
564 3099 628 3169 sub
656 3099 731 3168 inre
758 3097 851 3169 civili
870 3097 1106 3188 Antiquae
1133 3097 1346 3187 Sandecz,
1364 3103 1403 3170 et
1418 3098 1549 3169 babent
1566 3117 1643 3168 cum
1661 3098 1760 3187 oppi-

208 3215 304 3286 danis
332 3219 450 3288 omnia
476 3219 678 3289 cummunio.
710 3217 797 3289 Item
825 3223 906 3290 sunt
933 3219 981 3290 ibi
1009 3219 1139 3289 decem'
1154 3217 1246 3288 lanei
1272 3218 1525 3308 matitunales,
1552 3224 1588 3289 et
1614 3218 1760 3308 quilibet

208 3336 309 3408 solvit
335 3359 402 3428 pro
429 3359 533 3409 censu
561 3340 684 3428 viginti
710 3359 853 3428 gnosum
879 3340 970 3410 latus
997 3338 1217 3429 Progenscs3
1238 3340 1333 3409 item
1359 3339 1496 3412 ratione
1524 3359 1626 3410 areae
1652 3359 1757 3409 unum

209 3477 282 3528 cum
308 3458 425 3534 medio
451 3449 605 3549 grossus
620 3460 709 3532 latus
737 3460 940 3550 Pragenses.
968 3460 1054 3531 Item
1083 3479 1202 3530 omnes
1219 3461 1296 3549 agri
1314 3459 1418 3532 villae
1437 3460 1576 3532 solvunt
1593 3459 1761 3530 decimam

209 3577 457 3669 manipularem
484 3585 521 3650 et
546 3581 756 3671 canapalem,
784 3587 821 3652 et
847 3581 978 3655 ducunt
1006 3601 1081 3652 eam
1100 3601 1164 3670 pro
1183 3600 1303 3651 mensa
1320 3581 1509 3672 episcopali
1528 3577 1767 3652 cracoviensi,

210 3697 293 3769 Item
321 3721 392 3772 non
422 3705 477 3772 est
503 3701 701 3792 praedium,
728 3707 840 3792 neque'
867 3702 1051 3791 tabernae,
1078 3683 1191 3791 neque
1218 3701 1470 3791 molendinum,
1498 3721 1611 3793 neque
1637 3701 1761 3772 hortu·

211 3817 328 3891 laniae.
357 3821 447 3892 Item
474 3842 542 3892 non
569 3830 623 3893 est
650 3805 823 3920 scultetus
851 3821 1010 3896 Confluat
1036 3843 1111 3892 cum
1131 3816 1140 3890 ’.
1158 3876 1193 3891 ..
1784 3827 1790 3836 “

309 3941 578 4014 Moscnmuczn
595 3943 788 4035 Surnmon,
804 3944 885 4016 villa
898 3945 963 4015 sub
977 3942 1143 4032 parocbia
1161 3942 1416 4013 Inferioris
1435 3941 1760 4014 Mosczenicza

213 4061 285 4152 sita,
311 4063 410 4136 cuius
437 4045 633 4154 proprietas
659 4064 704 4136 a‘d
731 4057 1043 4136 sanctimonialium
1063 4051 1299 4154 Antiquae
1326 4062 1532 4136 Sandecz
1560 4063 1762 4135 coenobium
1884 4157 1887 4164 .

213 4185 370 4270 pertinet.
397 4184 437 4256 In
465 4207 534 4275 qua
561 4192 643 4258 sunt
669 4187 745 4276 agri
771 4185 1035 4258 indimensnroti
1062 4191 1098 4256 et
1125 4185 1335 4275 inaequales,
1362 4205 1425 4255 nec
1451 4189 1569 4274 potest
1595 4197 1760 4255 numerus
1836 4169 1840 4174 ’

214 4301 388 4377 laneorum
415 4307 603 4396 aestimari,
630 4313 666 4379 et
693 4307 880 4379 secundum
899 4307 1129 4398 quantitatem
1147 4325 1310 4396 agrorum
1329 4305 1470 4377 solvunt
1487 4325 1646 4394 uensum3
1674 4304 1762 4411 alius

215 4427 300 4496 enim
327 4428 434 4500 solvit
460 4434 610 4519 quatuor
634 4448 786 4520 grossos,
813 4429 901 4500 alius
930 4449 1000 4518 sex,
1023 4429 1111 4499 alius
1130 4432 1219 4499 octo.
1246 4427 1335 4498 Item
1353 4427 1500 4518 quilibet
1517 4418 1654 4500 cmetbo
1673 4425 1763 4497 infra

140 4545 143 4551 “
215 4563 357 4620 messem
383 4547 531 4620 medium
559 4550 650 4620 diem
677 4550 823 4640 laborat,
850 4556 950 4621 extra
977 4569 1122 4620 messem
1151 4569 1234 4621 reru
1261 4569 1330 4620 non
1356 4546 1489 4619 iaciunt
1514 4547 1650 4638 aliquus
1667 4547 1764 4618 labo·

215 4685 276 4738 res.
310 4669 398 4741 Item
426 4671 559 4742 ratione
594 4671 898 4766 usszpapsolvunt
924 4691 1026 4742 unam
1062 4689 1259 4742 mensuram
1285 4669 1433 4759 siliginis
1460 4675 1496 4740 et
1522 4667 1607 4742 duas
1634 4687 1764 4740 arenae

218 4805 392 4862 mensurae
427 4791 622 4882 confertae,
649 4800 686 4863 et
713 4799 862 4883 quatuor
887 4813 1036 4882 grossus.
1073 4793 1160 4863 Item
1187 4813 1257 4863 nun
1284 4791 1369 4863 dant
1394 4790 1524 4881 gallos,
1551 4810 1664 4881 neque
1690 4809 1765 4878 ura,

218 4927 322 5000 neque
358 4931 486 4989 caseos.
521 4913 610 4984 Item
646 4913 812 4984 scultetus
848 4919 902 4984 est
936 4913 1004 5002 ibi,
1031 4914 1090 5003 qui
1126 4913 1233 4984 babet
1258 4892 1363 4983 unum
1390 4911 1529 4983 laneum
1555 4910 1703 4983 liberum
1727 4912 1764 4978 et

219 5035 345 5104 sextum
382 5034 561 5107 denudum
597 5034 640 5128 de
667 5055 780 5106 censu
815 5035 902 5105 Item
930 5036 1107 5106 tabernae.
1148 5034 1236 5105 Item
1263 5033 1491 5105 hortulaniae.
1530 5027 1618 5104 Item
1645 5049 1763 5101 omnes

220 5151 288 5237 agri
314 5153 418 5226 villae
445 5160 481 5226 et
508 5155 687 5226 scultetiae
725 5155 863 5226 solvunt
889 5162 925 5226 et
952 5155 1148 5228 conducunt
1175 5154 1342 5226 decimam
1369 5151 1619 5243 manipularem
1646 5157 1681 5220 et
1707 5169 1764 5220 ca·

221 5274 370 5361 nupalem
397 5295 461 5366 pro
488 5297 608 5347 mensa
634 5277 822 5367 episcopali
849 5274 1080 5365 Oracovicnsi,
1108 5281 1144 5347 et
1171 5276 1270 5348 valm
1294 5275 1369 5382 eius
1395 5258 1613 5345 aestimatur*
1627 5271 1671 5346 cd
1689 5276 1763 5341 tres

222 5408 355 5466 marcas.
382 5395 541 5468 Gunfinat
566 5417 644 5468 cum
670 5397 763 5469 villis
782 5453 789 5467 .
809 5451 843 5468 ..

315 5515 592 5604 Muscznuruzu
618 5518 805 5608 lurnruon,
834 5518 916 5590 villa
943 5516 1075 5589 babens
1093 5519 1130 5588 in
1148 5537 1186 5587 se
1204 5516 1384 5587 ecclesiam
1402 5514 1635 5606 parochialem
1652 5512 1763 5604 ligne·
1896 5541 1899 5546 ·

224 5647 281 5722 am,
305 5635 401 5708 cuius
428 5639 641 5729 proprietas,
656 5639 713 5710 ad
740 5638 1017 5711 sanctimoniales
1045 5637 1282 5728 Antiquae
1308 5635 1509 5707 Sandecz
1537 5635 1698 5726 pertinet
1724 5633 1765 5704 In

104 5842 108 5852 ι
225 5759 411 5838 quostiam
439 5779 507 5830 non
534 5764 616 5830 sunt
641 5761 728 5832 certi
755 5761 855 5850 lanei,
878 5780 993 5850 ¹neque
1021 5760 1258 5849 dimensurati,
1286 5758 1348 5829 sed
1374 5759 1499 5848 peciea,
1518 5777 1630 5848 neque
1647 5757 1764 5848 potest
1845 5815 1849 5822 .

105 5924 106 5928 η
223 5889 375 5950 numerus
401 5881 581 5950 laneorum
606 5882 794 5970 aestimari,
822 5885 858 5950 et
883 5883 981 5952 iuxta
1001 5882 1239 5970 quantitatem
1266 5900 1429 5969 agrorum
1455 5879 1595 5978 solruut
1612 5899 1766 5967 censum,
