4492 6592
454 705 528 772 114

453 913 489 978 et
514 907 550 976 in
578 902 837 992 amplitudinem
867 899 946 970 fidei
974 902 1009 969 et
1035 897 1214 986 religionis
1236 895 1478 982 christianae,
1504 895 1672 983 regnique
1700 891 1864 962 Poloniae
1890 892 2003 960 incre-

396 1009 397 1012 *
453 1031 615 1096 mentum.
643 1022 719 1092 Non
749 1021 792 1090 oh
820 1020 855 1090 id
883 1025 999 1088 tamen
1027 1016 1111 1087 illud
1139 1017 1175 1086 in
1194 1020 1349 1086 extremo
1369 1015 1576 1085 situabimns
1593 1014 1680 1100 loco,
1699 1013 1761 1083 sed
1778 1015 2004 1100 praepostero

454 1145 584 1230 ordine,
599 1143 689 1212 inter
703 1140 820 1212 Sancti
838 1138 938 1208 Pauli
957 1137 1057 1228 primi
1077 1135 1278 1224 heremitae,
1292 1135 1350 1223 qni
1365 1134 1627 1206 Cracoviensem
1642 1133 1824 1204 dioecesim
1838 1133 2005 1220 continet,

455 1287 476 1335 a
511 1263 612 1335 nohis
648 1263 716 1332 iam
757 1260 934 1331 nominata
973 1256 1186 1328 monasteria
1220 1256 1367 1345 primum
1402 1255 1453 1325 illi
1488 1254 1765 1344 consignabimus
1799 1254 1923 1326 locum.
1958 1253 2007 1324 Et

453 1386 566 1456 locum
593 1384 705 1472 ipsum
733 1401 835 1471 quem
862 1379 1088 1450 Beatissimns
1116 1375 1309 1448 Stanislans
1340 1375 1516 1465 praelatus
1553 1375 1646 1446 lelici
1680 1375 1887 1464 glorificavit
1914 1394 2006 1444 mar·

454 1505 546 1596 tyrio
574 1509 612 1574 et
638 1501 910 1588 Oracoviensem,
929 1519 1018 1589 quae
1045 1497 1256 1569 Polnnornm
1275 1503 1310 1566 et
1328 1496 1530 1586 metropolis
1549 1501 1586 1566 et
1603 1497 1701 1585 regia
1719 1500 1782 1583 est,
1800 1495 2007 1566 honoraturi

455 1624 587 1713 urbem,
604 1622 783 1711 indignum
810 1619 878 1690 rati
905 1624 976 1689 tam
1005 1617 1134 1688 celebri
1160 1617 1245 1704 loco,
1264 1615 1380 1686 divino
1407 1621 1443 1686 et
1460 1616 1608 1686 humano
1627 1635 1796 1686 consensu
1814 1614 2008 1702 nobilitato,

457 1743 571 1831 colles,
591 1740 723 1832 nppida
742 1745 778 1810 et
804 1739 945 1828 villagia
971 1756 1195 1826 praeponere.
1221 1734 1399 1806 Johannes
1425 1734 1593 1825 siquidem
1619 1734 1854 1823 Dlugosch
1880 1735 2009 1823 senior,

457 1862 641 1934 canonicus
668 1858 907 1932 cracoviensis
934 1856 1078 1927 moleste
1106 1854 1328 1942 serenatam
1355 1855 1523 1945 insignem
1550 1855 1661 1925 locum
1688 1854 1854 1944 sangvine
1880 1853 2010 1925 Sancto
2156 1910 2157 1943 ,

457 1989 494 2053 et
520 1981 699 2071 stupendis
726 1979 943 2050 mirificatum
971 1975 1140 2066 prodigiis
1163 1996 1230 2066 ‚per
1256 1980 1310 2046 tot
1337 1975 1483 2063 saecula,
1511 1995 1598 2065 quae
1622 1994 1742 2051 necem
1769 1973 1872 2046 Beati
1891 1973 2009 2047 Stani-

458 2103 522 2173 slai
551 2105 697 2191 sequuta
725 2105 823 2187 sunt,
851 2097 971 2168 haberi
998 2095 1202 2185 neglectum,
1230 2102 1266 2166 et
1292 2096 1348 2166 cui
1374 2096 1469 2166 ultra
1495 2101 1653 2170 caeteros
1689 2094 1878 2186 impensior
1904 2094 2010 2166 debe-
2156 2100 2157 2103 ’

458 2223 563 2294 hatur
589 2221 710 2309 honos,
737 2226 773 2290 et
799 2219 892 2309 quod
917 2219 957 2306 is,
986 2236 1090 2306 aegre
1116 2217 1173 2288 die
1199 2217 1292 2305 solis,
1319 2215 1460 2288 Saturni
1486 2222 1522 2288 et
1547 2215 1696 2288 Veneris
1722 2236 1762 2288 re
1787 2216 1907 2288 divina
1931 2221 2036 2315 tan-¹

458 2341 635 2413 tummodo
671 2339 1000 2428 administrabatur,
1028 2338 1253 2429 proventibus
1280 2337 1385 2408 etiam
1414 2337 1485 2408 suis
1511 2337 1708 2426 veteribus,
1735 2358 1821 2427 quos
1847 2337 2012 2427 ampliari

457 2483 526 2533 non
554 2459 683 2532 auferri
710 2459 938 2530 conveniebat
955 2460 990 2530 iu
1010 2458 1288 2548 praeposituram
1307 2456 1340 2527 S.
1358 2457 1513 2528 Floriani
1531 2457 1712 2529 translatis
1729 2464 1865 2547 exutus,
1883 2479 2010 2548 magno

417 2591 420 2596 ’
460 2582 594 2669 studio,
622 2601 815 2672 magnoque
844 2585 970 2650 conatu
996 2599 1059 2668 per
1086 2599 1196 2649 annos
1223 2578 1340 2667 plures
1366 2583 1403 2648 et
1428 2577 1652 2649 difficultates
1677 2583 1844 2668 expertus
1870 2578 2028 2668 institit·
2157 2628 2158 2631 ,

457 2708 498 2773 ut
515 2673 619 2772 ¹locus
647 2702 720 2790 ipse
748 2699 914 2770 hactenns
943 2698 1131 2770 saecularis
1150 2719 1226 2768 curn
1245 2697 1390 2770 ecclesia
1407 2698 1606 2788 parochiali,
1625 2699 1660 2768 in
1679 2698 1875 2788 regularem
1894 2703 2012 2770 trans-

456 2822 617 2908 ferretur,
645 2826 681 2890 et
706 2819 875 2892 fratribus
902 2819 1004 2890 Beati
1031 2817 1132 2888 Pauli
1157 2817 1262 2907 primi
1287 2819 1479 2889 heremitae
1505 2819 1794 2908 contemplativae
1819 2825 1856 2889 et
1873 2819 2013 2890 activae

457 2943 551 3014 vitae
579 2940 716 3028 deditis,
743 2959 858 3028 parco,
885 2937 1041 3026 simplici,
1069 2937 1248 3027 castigato,
1274 2944 1348 3008 tam
1374 2938 1503 3009 amictu
1522 2957 1624 3028 qnam
1644 2938 1739 3010 victu
1755 2938 1875 3010 vivere
1892 2958 2012 3010 assve-

458 3063 514 3150 tis,
541 3060 664 3132 officiis
691 3058 824 3130 diurnis
852 3062 888 3128 et
914 3057 1101 3146 nocturnis
1129 3078 1167 3128 re
1195 3074 1330 3146 quoque
1355 3057 1529 3148 frequenti
1555 3058 1676 3130 divina
1692 3058 1778 3130 illud
1796 3057 2013 3147 officiatnris,

459 3177 705 3272 assignaretur.
732 3178 772 3250 Id
800 3198 886 3268 opus
913 3178 1090 3267 egregium
1117 3198 1195 3248 curn
1221 3177 1377 3267 plerique
1403 3179 1567 3249 mortales
1586 3177 1792 3250 damnarent
1808 3185 2010 3268 carperent-

460 3321 535 3390 que,
564 3305 600 3370 et
627 3299 719 3370 omni
758 3319 841 3370 cura
867 3319 910 3370 ne
938 3297 1140 3370 succederet
1165 3297 1421 3387 adniterentur,
1448 3298 1701 3370 Casimirus
1728 3297 1917 3372 Tertius
1945 3299 2012 3370 Po·

458 3419 570 3494 leniae
597 3439 658 3492 rex
686 3440 708 3490 a
734 3419 756 3491 J
766 3419 944 3492 ohanne
971 3418 1118 3508 seniore,
1146 3419 1204 3508 qni
1230 3418 1331 3488 annis
1358 3424 1436 3490 octo
1455 3424 1616 3490 natorum
1634 3439 1773 3492 suornm
1793 3418 2012 3507 Vladislai,

459 3539 698 3630 Gasimiri,
734 3539 942 3630 Alherti,
977 3538 1256 3627 Alexandri,
1284 3538 1569 3643 Sigismnndi
1596 3544 1633 3610 et
1663 3539 1907 3612 Friderici
1933 3546 2013 3611 erat

458 3667 664 3752 praeceptor
690 3666 726 3732 et
751 3661 931 3734 institutor
958 3659 1208 3750 interpellatus,
1225 3657 1335 3730 nodos
1361 3659 1684 3749 impedimentorum
1703 3659 1818 3751 solvit,
1839 3661 1875 3732 in
1893 3666 2012 3732 trans-

462 3782 626 3852 lationem
648 3803 785 3872 quoqne
811 3780 1008 3854 huiusmodi
1034 3780 1226 3871 consensit,
1252 3777 1514 3870 Johanuemque
1542 3778 1751 3850 Scallram
1778 3780 1822 3852 de
1847 3780 2014 3870 Schye·

459 3903 544 3974 ben
572 3902 682 3991 ipsius
709 3902 874 3974 ecclesiae
909 3901 953 3974 de
979 3899 1178 3990 Rupella
1204 3904 1286 3972 tunc
1313 3905 1502 3988 rectorem,
1528 3903 1587 3990 qui
1615 3906 1650 3972 et
1676 3900 1751 3991 ipse
1777 3901 1822 3972 ab
1848 3901 1908 3972 illo
1935 3901 2013 3974 loco

459 4021 701 4094 molestissime
727 4020 862 4093 ferebat
889 4041 926 4092 se
953 4019 1240 4111 sequestrandum
1265 4020 1320 4109 iri,
1346 4019 1479 4092 duabus
1497 4020 1703 4109 praebendis
1721 4021 1906 4110 ventrosis,
1923 4021 2012 4092 San·

461 4143 671 4232 domiriensi,
699 4163 787 4232 quae
815 4141 1010 4231 appellatur
1037 4140 1411 4232 Zayauczlrovyczslru,
1438 4146 1475 4212 et
1491 4140 1689 4231 Kyelciensi
1707 4161 1798 4232 quae
1816 4142 2013 4232 appellatur

460 4263 788 4354 Sehidlowyeczska,
815 4261 991 4334 Johannes
1017 4261 1070 4332 Dl
1081 4261 1255 4350 ugosch
1282 4262 1515 4350 conteutavit;
1542 4261 1692 4332 obtinuit
1710 4268 1746 4334 et
1762 4263 1875 4335 altare
1892 4317 1901 4332 .
1919 4317 1929 4333 .
1947 4317 1955 4332 .
1973 4263 2030 4332 in·

460 4383 581 4454 eadem
617 4382 762 4454 ecclesia
798 4381 840 4453 de
876 4380 1075 4471 Rupella
1110 4379 1286 4470 praefatus
1311 4379 1490 4452 Johannes
1515 4381 1767 4472 Dlugosch,
1794 4405 1817 4454 a
1842 4383 2012 4472 magistro

459 4501 482 4574 J
492 4503 632 4574 acobo
659 4503 792 4592 phisico
819 4507 969 4574 erectum
998 4507 1034 4572 et
1060 4521 1166 4572 censu
1192 4501 1341 4572 sedecim
1366 4521 1559 4573 marcarum
1586 4522 1701 4574 annno
1726 4501 1902 4593 dotatum,
1929 4525 2013 4575 con-
2040 4544 2046 4571 r

461 4623 691 4696 sentientibus
719 4622 916 4693 consulibus
945 4620 1258 4711 Casimiriensibus,
1284 4622 1431 4712 praelati
1458 4623 1580 4695 altaris
1603 4624 1827 4698 collatoribus
1844 4625 2014 4716 extingui,

460 4749 496 4816 et
531 4749 720 4833 proventus
756 4742 830 4814 eins
866 4741 1032 4814 coenobio
1067 4740 1232 4832 fratrum,
1259 4743 1365 4816 salvis
1393 4745 1556 4816 oneribus
1582 4744 1704 4818 altaris
1730 4747 1877 4818 annecti.
1913 4745 2014 4818 Emit

461 4866 565 4937 etiam
593 4855 770 4955 praelatus
797 4863 973 4936 Johannes
1000 4863 1237 4953 Dlugosch
1263 4863 1443 4954 praedium
1469 4865 1506 4936 in
1532 4865 1615 4936 villa
1632 4864 2013 4956 Opathkowicze,
2160 4939 2163 4960 ,

462 4987 554 5077 qnod
581 4990 659 5057 erat
685 4984 960 5058 sanctuariomm
989 4983 1283 5073 Graeoviensium,
1310 5005 1373 5074 pro
1400 4991 1538 5058 centum
1565 4987 1700 5076 marcis,
1728 4987 1825 5060 salva
1841 4988 2013 5060 servitute

458 5107 641 5196 ecclesiae,
676 5125 739 5196 per
775 5111 852 5178 octo
888 5104 1121 5177 hebdomadas
1155 5106 1191 5175 iu
1227 5125 1336 5194 anno,
1372 5127 1435 5196 per
1470 5126 1575 5181 unum
1610 5107 1784 5210 hominem
1810 5109 2010 5198 pedestrem

459 5227 697 5317 impendenda,
725 5233 761 5298 et
788 5247 891 5300 censu
918 5228 1020 5298 unius
1048 5246 1187 5298 marcae
1205 5246 1331 5316 annno,
1348 5228 1484 5300 custodi
1503 5227 1724 5300 Gracoviensi
1751 5229 1927 5302 solvendo.
1949 5229 2013 5328 -Ad

461 5349 632 5422 instantes
668 5351 786 5440 itaque
823 5348 972 5440 praefati
1007 5347 1180 5420 dohannis
1206 5347 1442 5438 Dlugosch
1469 5350 1674 5440 petitiones,
1698 5349 1879 5422 lohannes
1905 5351 2013 5424 Rze·

460 5471 668 5562 snowsky
694 5477 779 5542 tunc
805 5469 1044 5544 Cracoviensis
1071 5471 1253 5561 episcopus
1280 5491 1322 5541 ex
1349 5471 1541 5560 parochiali
1568 5472 1715 5544 ecclesia
1741 5471 1785 5542 de
1811 5472 2015 5562 Rupella

462 5595 499 5662 et
534 5590 638 5660 altari
672 5591 848 5681 praelato,
884 5592 987 5667 tilulo
1022 5593 1096 5664 eius
1131 5592 1167 5661 in
1204 5597 1408 5681 perpetuum
1436 5594 1607 5681 extincto,
1634 5593 1827 5682 regularem
1854 5593 2015 5666 laudavit
