4492 6592
1670 787 1758 857 aaa
1779 763 1782 768 ’

203 997 286 1060 tunc
314 975 398 1062 sola
419 1011 500 1062 suos
528 989 779 1062 committentia
814 995 950 1062 actores
987 998 1151 1064 aeternae
1176 991 1403 1100 beatitudinis
1439 991 1576 1064 ianuam
1603 991 1761 1076 introdu-

204 1117 305 1202 cunt,
335 1112 541 1184 coenobium
568 1133 629 1184 seu
656 1111 845 1184 claustrum
873 1113 1185 1186 sanctimonialium
1212 1112 1353 1191 ordinis,
1368 1112 1519 1184 Sanctae
1546 1111 1687 1203 clarae,
1715 1113 1760 1186 ad

200 1231 265 1302 Dei
293 1233 445 1322 gloriam
482 1239 518 1304 et
553 1231 702 1304 Sanctae
715 1221 724 1236 ’
737 1233 804 1304 Dei
831 1230 1020 1313 Genitricis
1055 1233 1192 1306 Mariae
1216 1255 1258 1304 ac
1282 1233 1387 1319 ‚Beati
1411 1233 1589 1304 Francisoi
1613 1234 1759 1324 gloriosi

202 1353 416 1426 confessoris
451 1356 636 1444 bonorem,
661 1376 725 1434 nec
751 1377 820 1426 non
856 1375 975 1428 sacrae
1011 1355 1191 1446 religionis
1217 1356 1460 1448 propaginem,
1487 1376 1528 1426 ac
1553 1377 1619 1445 pro
1644 1357 1758 1428 salute
1838 1430 1843 1438 ,
1887 1431 1897 1444 x

202 1477 399 1550 animarum
427 1483 498 1548 tam
527 1478 639 1559 nostri
665 1475 814 1569 praelati
841 1477 975 1568 mariti,
1002 1498 1105 1568 quam
1134 1482 1293 1568 nostrae,
1321 1477 1356 1548 in
1383 1477 1460 1568 ipsa
1485 1477 1629 1550 ciuitate
1655 1477 1758 1550 San-

200 1598 309 1668 decz
337 1597 552 1673 fundandum
580 1598 765 1670 statuimus
791 1604 828 1670 et
854 1599 959 1670 ctiam
987 1598 1268 1689 construendum,
1295 1605 1408 1691 certas
1432 1591 1612 1689 personas,
1638 1598 1758 1673 videli-

200 1725 255 1791 cet
283 1719 460 1792 dominam
488 1719 699 1792 abbatissam
727 1739 804 1792 cum
830 1720 975 1810 collegio
1002 1724 1039 1792 et
1065 1727 1239 1792 conventu
1265 1740 1422 1792 sororum
1451 1719 1535 1792 dieti
1562 1705 1695 1792 ordinis
1722 1720 1757 1790 in

200 1841 247 1912 ibi
275 1829 476 1930 statuendo,
502 1846 542 1912 ut
568 1840 726 1930 deposita
752 1840 883 1912 liberae
910 1841 1100 1914 voluntatis
1127 1841 1293 1930 arbitrio,
1320 1825 1476 1913 serviant
1501 1840 1559 1918 die
1585 1845 1757 1931 noctuque
1846 1839 1849 1842 ’

200 1963 352 2034 Domino
380 1963 417 2034 in
443 1963 581 2050 timore,
609 1967 646 2033 et
672 1961 850 2035 ambulent
877 1963 912 2034 in
939 1963 1126 2034 sanctitate
1160 1969 1198 2034 et
1224 1963 1360 2034 iustitia
1386 1983 1504 2036 coram
1530 1962 1626 2053 ipso,
1651 1962 1758 2033 abne-

200 2089 324 2175 gantes
354 2105 394 2156 se
420 2091 457 2156 et
483 2105 557 2174 sua,
584 2081 742 2173 eligendo
769 2063 885 2174 potius
912 2105 976 2175 per
1002 2091 1114 2156 artam
1133 2080 1226 2156 viam
1244 2090 1280 2156 et
1297 2089 1481 2174 angustam
1499 2089 1646 2173 portam,
1664 2083 1757 2154 ritae
1801 2119 1807 2129 ·
1924 2131 1948 2196 Ι.

138 2235 141 2242 ·
200 2207 340 2278 mnuam
369 2207 525 2278 introire.
552 2203 653 2278 Unde
681 2225 750 2275 non
776 2205 949 2278 immerito
976 2206 1078 2278 huius
1105 2207 1307 2297 temporalis
1333 2205 1427 2278 uitae
1453 2204 1659 2277 necessariis
1676 2209 1759 2276 sunt
1871 2218 1873 2221 ·

163 2375 168 2390 t
201 2327 384 2418 iuvandae,
411 2333 452 2400 nt
478 2349 519 2398 eo
546 2325 714 2415 devotius,
743 2345 811 2415 quo
838 2327 988 2418 quietius
1014 2327 1163 2398 Domino
1185 2327 1404 2417 famulentur,
1417 2326 1557 2417 sibique
1573 2325 1758 2423 proliciunt
1794 2343 1800 2352 ·

109 2437 113 2443 ’
202 2471 263 2540 per
299 2450 398 2522 vitae
433 2429 614 2538 meritum,
641 2453 677 2520 et
711 2446 790 2518 aliis
825 2469 889 2539 per
924 2449 1119 2520 orationum
1147 2435 1314 2538 suffragia
1339 2454 1376 2519 et
1402 2447 1606 2539 exemplum.
1646 2447 1758 2537 Igitur

202 2572 360 2644 uolentes
388 2593 447 2644 eas
475 2572 509 2644 in
537 2573 881 2664 temporalibusnon
909 2569 1066 2659 delicere,
1093 2576 1134 2642 ut
1159 2584 1297 2660 semper
1323 2570 1360 2640 in
1386 2569 1625 2660 spiritualibus
1640 2568 1758 2658 ‚profi-

205 2693 305 2783 ciant,
332 2693 512 2784 donamus,
539 2692 765 2782 conferimus,
792 2698 828 2764 et
854 2691 959 2764 titulo
986 2677 1176 2782 perpetuae
1202 2691 1400 2763 donationis
1426 2711 1524 2762 mera
1549 2695 1585 2762 at
1610 2689 1759 2780 simplici

201 2814 392 2904 voluntale,
418 2814 694 2889 irrevocabiliter
720 2812 893 2886 tradimus
918 2811 1109 2902 praefatam
1136 2795 1314 2884 civitatem
1339 2811 1547 2884 Sandeez
1572 2832 1651 2882 cum
1678 2811 1756 2882 the·

204 2936 302 3008 loneo
330 2942 369 3008 et
397 2936 490 3008 omni
518 2940 664 3025 quaesta
690 2941 727 3008 et
753 2934 907 3006 utilitate
934 2933 1063 3024 ipsius,
1089 2954 1153 3006 nec
1179 2955 1249 3008 non
1281 2914 1352 3006 bas
1372 2935 1473 3006 villus
1499 2937 1535 3006 et
1560 2931 1758 3007 baeredita-
1847 2981 1850 2989 -
1897 2973 1900 2979 ·
1971 2893 2005 2969 ¹·

205 3063 258 3130 tes
284 3063 436 3148 nostras,
464 3077 610 3149 quarum
637 3057 723 3129 haec
749 3061 831 3128 sunt
857 3051 1013 3128 nomina:
1041 3055 1313 3147 Berenicae,
1339 3052 1657 3146 Golkowycze,
1683 3051 1778 3126 Ga·'

205 3199 289 3269 oza,
316 3178 571 3269 Lanczslro,
598 3177 931 3268 Mosczenioza‚
958 3175 1197 3268 Ozirnycz‚
1224 3176 1461 3268 Zarzeczq
1487 3175 1759 3268 Zagorzino‚

205 3299 439 3391 Scerzesz,
465 3299 717 3390 Kluehane‚
745 3299 1152 3392 Noszaczowycze,
1179 3298 1603 3391 Mokraqurowa,
1622 3295 1759 3369 Pode-

203 3403 419 3514 grodzye,
446 3419 765 3515 Goschuycza,
792 3418 1759 3524 BrzesznaPodrzecze,Gborowyoze,By·

175 3544 399 3636 cziczye,
427 3531 718 3648 Obeltmycoz,
746 3541 1075 3632 Trossclnic'ze,
1102 3541 1325 3631 Secblna,
1353 3541 1592 3634 Kycznya,
1619 3540 1760 3631 Parw,

204 3665 549 3758 Szwynarszko‚
581 3664 884 3756 Bpeganicze,
910 3663 1184 3756 Myszlyecz,
1211 3663 1451 3754 Podoli'no‚
1480 3662 1759 3753 Preaeczny-

203 3807 279 3858 oza
305 3795 343 3859 et
371 3786 701 3878 Wyetrznicza
728 3807 805 3858 cum
832 3785 1040 3874 fluminibus
1067 3784 1283 3874 molendinis,
1302 3784 1482 3874 clausuris,
1499 3779 1759 3873 piscationibus,

205 3909 324 4001 sylvis,
365 3907 581 3999 nemoribus,
614 3881 875 3997 venationibus,
903 3905 1103 3996 munificiis,
1131 3911 1168 3977 et
1195 3926 1271 3976 cum
1294 3905 1458 3976 'omnibus
1485 3902 1695 3975 utilitatibus
1723 3909 1760 3974 et

208 4031 399 4102 attinentiis
426 4049 545 4101 earnm
572 4031 760 4122 universis,
789 4049 877 4121 quae
914 4027 1043 4099 eisdem
1070 4027 1162 4098 villis
1190 4026 1233 4098 de
1260 4028 1337 4098 iure
1355 4025 1534 4117 pertinent
1551 4025 1595 4096 ab
1614 4025 1756 4116 antiqno

146 4181 155 4192 ·
206 4173 278 4222 cum
305 4153 442 4224 iuribus
470 4157 506 4224 et
532 4152 825 4243 proprietatibus,
852 4149 1037 4222 secundum
1067 4148 1159 4240 quod
1186 4153 1307 4221 nostro
1334 4147 1486 4219 dominio
1513 4147 1759 4235 subiacebunt3

206 4272 322 4345 damus
350 4275 490 4365 inquam
518 4273 674 4364 praelato
702 4273 867 4346 coenobio
895 4277 931 4343 et
958 4255 1153 4361 conventui,
1179 4269 1412 4343 haereditario
1439 4271 1525 4361 iure,
1552 4267 1694 4361 pacifice
1721 4273 1758 4339 et

206 4395 317 4483 quiete
344 4396 381 4466 in
408 4401 613 4485 perpetuum
641 4393 887 4485 possidendas;
914 4393 1154 4465 tantummodo
1180 4392 1246 4463 hoc
1272 4396 1426 4484 excepto,
1445 4390 1538 4483 quod
1556 4411 1619 4482 pro
1638 4395 1759 4462 nostro

207 4515 358 4590 subsidio
385 4516 488 4606 vitae,
516 4516 715 4608 nostrisque
742 4515 1019 4604 necessitatibus,
1046 4513 1210 4585 ducentas
1236 4533 1372 4585 marcas
1399 4512 1538 4604 argenti
1563 4510 1641 4602 lusi,
1659 4512 1758 4582 annis

207 4657 338 4728 semper
374 4638 520 4728 singulis
551 4637 799 4736 persolvendas
827 4636 869 4708 de
896 4635 1053 4728 praelata
1079 4641 1237 4726 moneta,
1265 4657 1333 4727 quo
1360 4634 1404 4707 ad
1431 4634 1620 4706 vixerimus
1646 4653 1759 4705 roser-

206 4776 340 4851 ramns3
367 4759 563 4850 praedictas
591 4765 707 4832 autem
734 4759 909 4831 civitatem
937 4762 973 4829 et
999 4757 1117 4847 villas,
1146 4779 1223 4829 cum
1249 4757 1395 4862 iuribus,
1421 4755 1569 4848 iudiciis,
1595 4755 1759 4845 iudicato,
1792 4791 1815 4820 =.

207 4899 277 4952 cum
304 4881 515 4954 utilitatibus
542 4886 579 4953 et
605 4881 801 4953 attinentiis
828 4879 1048 4971 supradietis,
1067 4884 1246 4971 tamquam
1269 4879 1371 4953 nobis
1399 4900 1442 4951 ex
1472 4878 1658 4952 donatione
1675 4898 1756 4968 pro-

208 5007 284 5089 pter
310 5005 458 5094 nuptias,
482 5003 536 5074 vel
563 5003 701 5076 nomine
728 5001 821 5075 dotis
848 5021 910 5073 sen
929 4987 1086 5073 'dotalitii
1113 5001 1206 5073 laeta
1232 4999 1275 5073 de
1301 5001 1378 5073 iure
1404 5001 1629 5091 pertinentes,
1657 4998 1757 5089 quasi

208 5119 340 5196 domino
367 5124 520 5216 legitima
547 5129 582 5196 et
605 5125 767 5216 princeps
794 5121 1001 5216 earundem,
1028 5142 1135 5214 supra
1171 5121 1265 5194 dicto
1293 5121 1460 5218 coenobio
1487 5120 1647 5193 duximus
1674 5139 1755 5192 con-

183 5283 187 5290 ·
208 5239 371 5335 ferendas,
395 5245 565 5318 tredendo
593 5251 629 5317 et
655 5243 865 5346 assignando
893 5264 952 5315 eas
978 5245 1015 5315 in
1043 5265 1164 5315 manus
1192 5239 1400 5315 venerabilis
1427 5241 1464 5313 in
1488 5240 1629 5312 Christo
1647 5241 1758 5330 patris
1842 5333 1849 5342 Ι

208 5366 312 5438 nostri
347 5365 467 5438 fratris
503 5365 690 5438 Nicolai
726 5365 878 5438 ministri
915 5364 1157 5456 provincialis,
1184 5364 1323 5435 nomine
1360 5362 1542 5435 memorati
1568 5365 1758 5433 conventus

209 5485 398 5576 stipulantis
426 5494 463 5560 et
489 5487 698 5579 recipientia,
726 5487 935 5560 auctoritate
954 5485 1137 5559 reverendi
1156 5483 1285 5557 domini
1304 5484 1539 5557 Matthiae
1564 5481 1603 5554 in
1621 5483 1759 5586 porticu

210 5603 347 5680 Sanctae
383 5609 518 5681 Mariae
554 5609 691 5682 diaconi
727 5608 932 5698 cardinalis,
968 5608 1096 5680 tutoris
1134 5612 1170 5678 et
1196 5605 1389 5678 defensoris
1425 5604 1597 5696 praedicti
1624 5603 1758 5676 ordinis

210 5722 318 5804 Sancti
352 5731 547 5822 Francisci,
584 5731 781 5824 presbyteri
818 5727 1033 5802 confessoris.
1079 5727 1175 5803 Nulli
1212 5747 1297 5820 ergo
1332 5726 1510 5804 bominum
1537 5726 1642 5801 liceat
1669 5705 1759 5800 hauc
