4492 6592
1643 743 1773 850 ⁸ar

227 942 454 1038 administrat,
482 945 682 1038 praeposito
700 943 962 1039 Myecboviensi
988 969 1051 1038 pro
1069 953 1236 1039 tempore,
1263 952 1434 1039 quantum
1455 945 1501 1020 ad
1518 947 1775 1023 observantiam

226 1065 431 1157 regularem,
458 1067 495 1137 in
522 1068 679 1139 omuibus
707 1073 744 1138 et
769 1088 833 1158 per
859 1070 975 1140 omnia
1001 1068 1166 1140 obediens
1192 1076 1228 1140 et
1255 1070 1440 1142 subiectus.
1479 1069 1634 1142 Praefati
1660 1078 1776 1143 autem

205 1188 430 1258 monasterii
456 1191 492 1258 et
509 1167 701 1280 ‘hospitalis
727 1188 994 1281 Bitbomiensis,
1021 1191 1088 1262 etsi
1114 1195 1237 1262 tenues
1263 1195 1358 1261 sunt‘
1371 1189 1523 1280 fructus,
1554 1191 1633 1264 illos
1659 1197 1775 1264 tamen

225 1326 289 1396 pro
315 1309 484 1392 memoria
509 1307 705 1381 futurorum
733 1308 977 1382 describemus.

330 1425 536 1519 Gnnnzow,
563 1429 648 1502 villa
674 1431 806 1501 babens
833 1417 869 1500 in
896 1451 933 1501 se
960 1430 1140 1502 ecclesiam
1166 1430 1419 1521 parochialem,
1454 1431 1551 1504 cuius
1577 1433 1775 1524 proprietas

227 1552 262 1618 et
289 1569 390 1620 omne
418 1549 624 1640 dominium,
660 1551 742 1624 item
770 1556 806 1621 et
832 1552 943 1622 omnis
969 1553 1231 1640 iuspatronatus
1266 1551 1380 1623 dictae
1415 1552 1580 1624 ecclesiae
1604 1553 1650 1624 ad
1675 1573 1776 1644 prae

224 1669 376 1759 positum
404 1677 440 1742 et
466 1673 712 1745 monasterium
748 1693 866 1762 suum,
901 1677 1006 1762 atque
1042 1672 1214 1762 hospitale
1240 1673 1276 1742 in
1312 1673 1497 1744 Bitbom
1527 1675 1688 1764 pertinet.
1731 1674 1772 1746 ln

226 1810 294 1880 qua
320 1796 404 1862 sunt
439 1792 563 1881 viginti
600 1793 749 1882 quinque
785 1793 876 1864 lanei
914 1793 1166 1882 emethouales,
1202 1798 1239 1864 et
1265 1793 1412 1883 quilibet
1438 1794 1545 1866 solvit
1579 1815 1643 1884 pro
1670 1815 1776 1866 ceusu

80 1903 88 1910 ·
224 1912 427 2002 praeposito
454 1919 491 1983 ec
516 1913 681 2002 nospsos
708 1913 961 1984 Bononiensi.
980 1967 988 1984 .
1007 1968 1014 1983 .
1034 1969 1042 1982 .
1061 1967 1068 1982 .
1088 1937 1123 2002 .;
1158 1913 1398 2004 ilungaros,
1426 1915 1509 1985 nem
1536 1935 1666 2006 caseo,
1684 1893 1775 1987 'item

80 2037 86 2048 '
225 2052 309 2122 ova,
337 2033 421 2104 item
448 2033 565 2124 labor,
593 2035 676 2106 item
696 2031 867 2128 powubo;
902 2035 986 2105 item
1013 2055 1129 2129 ossycp
1156 2055 1229 2105 seu·
1244 2055 1309 2123 pro
1334 2055 1467 2105 owozne
1498 2035 1644 2125 quilibet
1669 2036 1776 2109 solvit

223 2173 328 2224 unam
355 2175 552 2227 mensuram
588 2175 717 2226 avenae
744 2161 780 2226 et
807 2155 910 2226 aliam
929 2155 1103 2244 siliginis;
1140 2155 1222 2225 item
1249 2155 1436 2246 tabernae,
1472 2156 1557 2226 item
1583 2155 1775 2246 hortulani,

225 2275 308 2344 item
337 2275 537 2364 praedium;
569 2275 652 2346 item
679 2280 760 2365 post
787 2297 905 2347 omncs
933 2296 1036 2364 agros
1063 2275 1211 2346 solvitur
1237 2275 1370 2346 decima
1396 2275 1587 2366 pecunialis
1613 2277 1775 2366 episcopo
1807 2300 1811 2306 ·

110 2455 114 2462 .
225 2393 459 2466 Gracoviensi.
485 2395 573 2466 Item
601 2400 656 2467 est
681 2397 716 2466 in
745 2395 865 2466 eadem
892 2395 975 2466 villa
1001 2395 1169 2485 scoltetia,
1196 2395 1328 2465 babens
1354 2395 1483 2466 laneos.

329 2516 454 2606 Dumn,
481 2517 564 2588 villa
592 2517 656 2588 sub
683 2515 847 2606 parocbia
874 2515 1038 2586 ecclesiae
1066 2516 1108 2586 de
1135 2515 1530 2605 Mycbalkowiczc
1558 2516 1643 2606 sita,
1679 2515 1775 2587 cuius

223 2638 423 2726 proprietas
450 2637 494 2708 ad
520 2634 767 2708 monasterinm
796 2643 832 2707 et
857 2635 1031 2726 hospitale
1058 2635 1296 2706 Bitbomiense
1332 2636 1493 2726 pertinet
1533 2637 1573 2708 In
1601 2657 1670 2726 qua
1695 2642 1776 2707 sunt

223 2757 316 2828 lanei
344 2758 589 2847 emethonales,
616 2763 652 2828 et
679 2757 824 2847 quilibet
850 2757 955 2828 solvit
981 2777 1045 2846 pro
1072 2776 1177 2826 censu
1197 2811 1312 2846 .....
1338 2755 1422 2826 item
1449 2777 1524 2844 ova,
1550 2757 1633 2826 item
1655 2756 1775 2846 gallos,

224 2879 307 2956 item
336 2897 465 2967 caseos,
492 2878 574 2948 item
601 2878 710 2967 labor,
746 2879 829 2948 item
856 2899 982 2972 ossyep,
1017 2877 1101 2948 item
1122 2874 1281 2970 peccabo,
1308 2877 1392 2947 item
1410 2877 1567 2966 taberna,
1592 2877 1675 2946 item
1693 2877 1775 2946 bor-

224 2998 355 3088 tulani,
389 2999 472 3069 item
500 2998 699 3088 praedium3
735 2998 817 3069 item
845 2998 888 3069 de
916 2998 1075 3068 omnibus
1111 2997 1206 3086 agris
1242 2997 1390 3068 solvitur
1425 2996 1558 3068 decima
1583 2996 1775 3086 pecunialis

226 3139 290 3208 pro
320 3119 483 3208 episcopo
511 3117 741 3190 cracoviensi.

330 3239 502 3329 Brrsonr,
529 3239 692 3329 oppidum
719 3239 852 3310 babens
881 3239 915 3308 in
944 3257 981 3308 se
1007 3238 1188 3308 ecclesiam
1213 3237 1426 3327 regularem,
1452 3237 1550 3307 cuius
1576 3237 1777 3326 proprietas
1889 3235 1894 3243 ’

225 3359 268 3430 ad
295 3359 419 3430 ducem
446 3360 719 3431 Bitbomiensem
755 3380 818 3450 pro
846 3365 1002 3448 tempore
1030 3359 1191 3448 pertinet.
1236 3358 1275 3427 In
1304 3379 1372 3447 qno
1398 3358 1492 3427 inter
1526 3357 1774 3459 oppidanorum

224 3500 340 3570 agros
376 3481 623 3552 monasterium
650 3485 687 3551 et
712 3480 885 3570 hospitale
913 3479 1151 3550 Bitbomiense
1186 3479 1292 3550 babet
1317 3484 1391 3548 tres
1418 3479 1539 3550 laneos
1565 3479 1713 3567 liberos,
1739 3483 1777 3548 et

225 3601 313 3671 nulli
341 3601 519 3692 obnoxios,
546 3602 590 3672 de
618 3602 742 3691 quibus
769 3601 855 3672 nulli
883 3601 988 3673 solvit
1014 3600 1181 3670 decimam
1203 3599 1451 3688 manipularem
1479 3605 1542 3670 aut
1568 3598 1777 3688 canapalem,

226 3723 288 3794 sed
315 3742 393 3794 eam
419 3743 484 3812 pro
511 3743 548 3796 se
575 3722 678 3794 tollit.

333 3841 608 3916 Molendinum.
635 3844 723 3915 Item
750 3842 997 3914 monasterium
1024 3842 1097 3913 sive
1123 3840 1295 3930 hospitale
1318 3839 1555 3911 Bitbomiense
1580 3839 1688 3910 babet
1703 3859 1777 3910 mo

223 3963 401 4035 leudinum
429 3969 508 4036 ante
536 3965 708 4055 oppidum,
735 3965 769 4034 in
798 3949 971 4052 torrente,
999 3963 1057 4052 qui
1084 3963 1183 4032 iuxta
1209 3961 1392 4032 Bitbom
1421 3961 1584 4050 decurrit,
1611 3959 1704 4049 quod
1731 3960 1776 4030 ad

225 4085 479 4175 proprietatem
515 4085 598 4156 dicti
634 4085 836 4156 monasterii
873 4085 1043 4173 pertinet,
1078 4083 1114 4152 in
1142 4103 1210 4171 quo
1237 4081 1415 4152 moluntur
1450 4080 1566 4150 omnia
1600 4077 1777 4149 frumenta

225 4206 309 4277 dicti
346 4205 483 4294 oppidi,
519 4213 555 4276 et
582 4205 673 4296 quod
701 4205 911 4276 monasterio
947 4208 983 4274 et
1008 4202 1174 4292 hospitali
1210 4201 1440 4272 Bitbomiensi
1476 4197 1634 4289 praelato
1670 4198 1777 4270 solvit

76 4321 77 4330 '
198 4348 285 4398 'sex
312 4345 450 4396 marcas
481 4327 630 4398 latorum
657 4347 856 4416 grossorum
886 4324 1112 4414 Pragensium
1140 4322 1275 4393 numeri
1301 4320 1527 4426 Polonicalis,
1561 4320 1597 4389 in
1624 4340 1708 4390 usus
1740 4323 1778 4388 et

225 4447 454 4520 necessitates
480 4448 671 4538 praepositi
699 4454 735 4518 ct
761 4467 947 4537 egenorum
974 4442 1235 4518 convertendas.
