4492 6592
1653 757 1728 830 231

283 961 382 1034 Snur
409 961 596 1052 Asnaus,
622 961 705 1034 villa
726 961 858 1034 habens
885 963 920 1034 in
940 983 977 1034 se
1004 961 1183 1034 ecclesiam
1201 961 1321 1034 Sancti
1337 961 1514 1034 vincentii
1540 962 1730 1054 matricem,

185 1086 244 1158 snb
270 1083 440 1174 parochia
466 1083 622 1156 Nouae
648 1082 758 1174 Slup
786 1061 899 1174 sitam,
926 1083 1023 1156 cuius
1041 1083 1239 1174 proprietas
1256 1081 1300 1154 ad
1319 1083 1565 1154 monasterium
1585 1081 1731 1156 Sanctae

185 1205 298 1278 Crucis
325 1206 490 1296 pertinet.
516 1203 556 1274 In
584 1224 653 1296 qua
679 1209 760 1276 sunt
786 1202 932 1276 sedecim
961 1225 1037 1276 cum
1065 1203 1178 1275 medIo
1204 1203 1296 1274 lanei
1322 1201 1565 1293 amathonales,
1592 1209 1630 1274 et
1655 1206 1731 1295 qui·

184 1326 264 1398 libet
290 1324 398 1396 solvit
424 1345 488 1416 pro
515 1345 620 1396 censu
647 1345 752 1396 unum
778 1323 947 1396 fertonem
975 1331 1012 1396 et
1033 1345 1097 1416 pro
1116 1320 1290 1418 porudlae
1315 1331 1466 1414 quatuor
1491 1344 1632 1414 grossos
1657 1346 1731 1396 mo·

184 1446 341 1533 nasterio,
368 1446 455 1518 item
482 1465 547 1518 ova
573 1445 729 1536 triginta,
756 1445 867 1534 gallos
894 1443 1000 1534 duos,
1026 1444 1110 1516 item
1138 1465 1277 1533 caseos3
1312 1444 1402 1516 item·
1423 1444 1570 1535 quilibet
1595 1444 1732 1516 laborat

184 1587 282 1638 unum
309 1565 404 1637 diem
430 1566 467 1636 in
495 1563 688 1656 septimana
723 1565 864 1655 proprio
901 1583 1004 1636 curru
1040 1569 1101 1636 aot
1127 1569 1246 1636 aratro
1272 1569 1309 1636 et
1327 1563 1513 1659 pometum
1547 1571 1731 1654 utramque

185 1687 350 1776 laborant,
379 1686 526 1758 serendo
545 1684 587 1758 de
605 1705 716 1776 grano
744 1685 886 1776 proprio
914 1705 1018 1756 unam
1044 1705 1247 1758 mensuram
1267 1684 1426 1775 siliginis,
1443 1690 1479 1756 et
1495 1684 1583 1756 duas
1600 1704 1731 1756 avenae

185 1805 361 1878 conlertas.
407 1805 496 1878 Item
522 1805 689 1878 tabernae
711 1805 804 1884 ,dnae
831 1805 1034 1878 monasterii
1060 1805 1230 1877 habentes
1256 1823 1378 1894 agros,
1405 1825 1476 1876 una
1500 1805 1606 1876 solvit
1632 1825 1731 1876 sexa·

185 1947 312 2018 genam,
337 1927 452 2000 altera
477 1925 657 2016 fertonem,
685 1928 768 1998 item
795 1926 1012 1998 hortulaniae
1031 1945 1091 1998 sex
1109 1927 1280 1998 habentes
1302 1944 1415 2015 agros,
1441 1925 1526 1996 item
1551 1925 1732 2015 praedium

186 2047 381 2120 coenobiale
410 2048 570 2139 amplum,
596 2047 639 2118 de
666 2049 764 2119 cuius
786 2047 880 2139 agris
908 2047 994 2120 nulli
1020 2046 1083 2120 dat
1108 2046 1284 2135 decimam,
1311 2046 1468 2118 sedeam
1494 2065 1559 2137 pro
1576 2066 1615 2117 se
1631 2047 1734 2135 tollit3

187 2170 263 2240 item
290 2190 360 2242 non
390 2189 509 2242 omnes
535 2169 612 2258 agri
640 2169 701 2240 aed
729 2168 845 2259 aliqui,
872 2187 952 2240 num
979 2188 1043 2258 pro
1069 2166 1258 2240 medietate
1283 2166 1397 2257 villae,
1424 2166 1565 2238 solvunt
1589 2172 1627 2238 et
1653 2187 1734 2240 rou·

188 2289 311 2362 ducunt
337 2289 506 2362 decimam
533 2290 784 2380 manipularem
812 2294 848 2362 et
874 2288 1092 2380 canapalem,
1129 2294 1166 2360 et
1190 2289 1268 2378 agri
1303 2290 1564 2361 tabernatornm
1591 2293 1628 2360 et
1653 2288 1734 2360 hor·

187 2411 393 2482 tulaniarum
412 2432 475 2501 pro
494 2411 640 2484 ecclesia
657 2410 848 2502 parochiali
870 2411 910 2482 In
938 2410 1064 2482 Nora
1090 2409 1219 2500 Slnp,
1245 2415 1283 2481 et
1309 2409 1407 2482 valor
1428 2410 1504 2482 eius
1530 2410 1734 2482 aestimatur

189 2531 228 2602 ad
261 2551 320 2604 ser
350 2552 486 2604 marcas
522 2531 565 2604 de
593 2532 766 2622 aliquibus
802 2551 866 2622 pro
893 2529 1122 2620 monasterio,
1158 2535 1196 2602 et
1221 2529 1427 2602 aestImatur
1461 2530 1568 2601 etiam
1600 2529 1646 2602 ad
1672 2549 1732 2600 ser

189 2667 323 2724 marcas.
350 2652 440 2722 Item
467 2637 769 2724 molendinum'ibi
785 2673 901 2741 unum,
930 2651 1062 2724 habens
1088 2671 1195 2722 unum
1222 2650 1359 2722 laneum
1385 2669 1557 2742 agnorunt,
1575 2656 1612 2722 et
1629 2649 1735 2722 solvit

190 2772 268 2844 duas
294 2792 504 2863 sexagenas,
540 2778 578 2844 et
604 2771 647 2843 de
674 2771 795 2844 eodem
831 2770 1026 2844 molendino
1054 2775 1091 2842 et
1117 2771 1211 2860 agris
1236 2769 1391 2842 eiusdem
1426 2770 1575 2842 solvitur
1600 2770 1735 2842 decima
1827 2772 1830 2780 '

192 2893 411 2984 manipularis
438 2893 586 2984 plebano
613 2893 649 2964 in
676 2891 795 2982 Slup.
839 2892 928 2964 Item
965 2890 1153 2964 secundnm
1188 2891 1422 2963 molendinum
1456 2891 1494 2962 in
1519 2890 1670 2981 piscina,
1696 2895 1734 2962 et

192 3013 288 3086 solvit
312 3019 465 3104 quatuor
490 3033 635 3086 marcas.
662 3013 750 3086 Item
777 3013 919 3084 tertium
946 3011 1180 3084 molendinum
1207 3012 1243 3082 in
1269 3011 1412 3101 piscina,
1438 3017 1476 3082 et
1500 3015 1615 3083 serrat
1639 3031 1734 3084 asae·

193 3155 251 3225 res,
278 3141 314 3206 et
340 3135 447 3206 solvit
472 3133 559 3206 duas
586 3154 740 3223 marcas3
776 3150 819 3206 cx
847 3133 1006 3206 omnibus
1042 3139 1158 3204 tamen
1184 3132 1300 3204 tribus
1325 3130 1492 3222 praelatis
1517 3131 1735 3221 molendium,
1791 3207 1797 3216 ,

195 3274 301 3326 omnes
328 3274 512 3326 mensurae
538 3258 575 3326 et
601 3254 716 3326 omnia
743 3254 972 3326 emolumenta
999 3252 1042 3324 de
1068 3253 1218 3342 breceio,
1244 3251 1371 3324 cedunt
1397 3252 1618 3324 monasterio.
1645 3252 1736 3324 Con·

195 3374 271 3446 linat
296 3395 372 3446 cnm
401 3372 838 3465 Crzegorzouicze,
865 3373 1130 3460 Welsznow‚
1170 3370 1490 3464 Gyelyenyow,
1516 3370 1736 3446 Czansth-

195 3495 288 3568 how.
318 3551 321 3554 .

222 3698 225 3706 ,
288 3615 496 3706 Bonnszru,
524 3614 609 3688 villa
633 3615 698 3688 sub
725 3615 891 3706 parochia
916 3614 960 3687 de
985 3613 1253 3705 Wasznyow
1284 3614 1361 3686 sita
1401 3614 1443 3686 In
1469 3634 1539 3704 qua
1564 3619 1648 3686 aunt
1673 3636 1737 3686 un·

197 3737 295 3808 decim
320 3736 414 3808 lanei
442 3736 686 3826 emethonalea
713 3742 750 3809 et
776 3736 922 3826 quilibet
949 3736 1054 3808 solvit
1079 3757 1145 3826 pro
1162 3755 1268 3808 censu
1295 3755 1398 3806 unam
1422 3754 1583 3824 marcam,
1609 3739 1647 3806 et
1672 3754 1737 3825 pro

193 3852 351 3950 pandiae
377 3862 528 3946 quatuor
553 3876 704 3947 grossos,
731 3856 814 3928 item
842 3877 908 3928 ova
934 3856 1090 3947 triginta,
1115 3856 1230 3946 gallos
1254 3855 1351 3945 duos,
1377 3855 1460 3926 item
1487 3873 1626 3942 caseos3
1652 3854 1736 3926 item

201 3976 334 4066 quilibet
368 3979 506 4050 laborat
532 3998 553 4048 a
579 3976 668 4050 festu
696 3975 829 4049 Christi
855 3976 901 4048 ad
935 3975 1106 4050 Iohannis
1133 3976 1331 4066 BaptIatae‚
1367 3995 1474 4047 unum
1500 3974 1591 4046 diem
1626 3979 1663 4046 et
1692 3975 1738 4046 ab

201 4097 272 4168 inde
297 4099 340 4170 ad
366 4098 493 4170 festum
521 4097 651 4170 Christi
677 4098 764 4170 duos
791 4098 865 4172 dies
891 4098 1032 4189 proprio
1058 4117 1165 4170 curru
1199 4102 1261 4170 aut
1285 4101 1415 4168 aratro.
1457 4095 1546 4168 Item
1572 4095 1740 4169 tabernae

200 4215 276 4290 duae
300 4220 470 4292 hahentes
497 4239 610 4309 agros,
638 4219 814 4310 quaelihet
840 4219 945 4292 solvit
970 4239 1074 4290 unam
1100 4238 1308 4310 sexagenum
1326 4222 1363 4289 et
1381 4221 1459 4289 octo
1475 4235 1627 4307 grossos,
1652 4216 1737 4288 itam

202 4337 425 4429 hortulaniae,
460 4341 543 4412 item
570 4339 748 4430 praedium
776 4345 832 4414 est
857 4341 907 4412 ihi
934 4339 1120 4430 optimum,
1151 4339 1195 4411 de
1221 4361 1290 4430 quo
1316 4337 1402 4410 nulli
1429 4337 1533 4410 solvit
1560 4337 1737 4428 decimam,

201 4459 348 4532 sedeam
376 4482 442 4551 pro
469 4481 506 4532 sc
532 4461 635 4532 tollit.
671 4461 759 4532 Item
787 4460 831 4532 de
858 4461 1017 4534 omnibus
1044 4461 1140 4551 agris
1166 4460 1269 4532 villae
1296 4459 1444 4532 solvitur
1469 4464 1507 4532 et
1532 4457 1738 4531 conducitur

203 4578 321 4652 decima
345 4581 571 4672 manipularis
608 4587 645 4653 et
671 4582 864 4672 canapalis,
900 4601 964 4672 pro
990 4583 1202 4654 monasterio
1230 4582 1376 4654 Sanctae
1402 4581 1542 4672 Crucis,
1577 4586 1615 4652 et
1640 4579 1761 4653 valor

203 4699 267 4770 slus
291 4703 494 4774 aestimatur
521 4702 566 4774 ad
593 4702 789 4793 quindecim
815 4723 959 4774 marcas.
986 4703 1074 4774 Item
1093 4708 1176 4776 sunt
1202 4703 1251 4774 ihi
1277 4708 1350 4776 tres
1376 4703 1530 4795 piscinae
1556 4701 1739 4775 coenobia·

204 4817 247 4890 les
270 4823 437 4913 minores,
453 4829 488 4893 et
515 4828 640 4913 quarta
666 4824 785 4914 maior,
811 4824 847 4896 in
875 4845 944 4914 qna
970 4828 1026 4896 est
1051 4823 1294 4914 molendinum,
1321 4829 1358 4898 et
1383 4823 1489 4898 solvit
1506 4877 1621 4894 .....
1647 4821 1738 4894 Con-

206 4938 278 5012 linat
301 4963 375 5014 cum
403 4943 631 5034 Nosszow,
658 4943 977 5036 Kotharszyn,
1004 4945 1384 5038 Koprzywnicza‚
1410 4944 1738 5037 Wyelyeboro-

208 5060 347 5152 uicze,
375 5063 640 5156 Czyaszow,
665 5063 824 5156 dania,
850 5064 1247 5139 Pankoslawicze.

295 5183 649 5276 Yaznrnsczowrezm
677 5186 760 5256 villa
786 5187 851 5258 sub
869 5187 1035 5278 parochia
1062 5186 1228 5258 eeclesiae
1255 5186 1299 5260 de
1324 5186 1512 5258 Manina
1538 5184 1615 5273 sita
1641 5182 1738 5254 cuins

111 5315 112 5320 ’
208 5304 385 5392 proprietas
413 5306 456 5376 ad
484 5306 730 5378 monasterium
758 5306 905 5380 Sanctae
932 5306 1053 5380 Crucis
1080 5309 1242 5399 pertinet.
1273 5307 1314 5378 In
1341 5327 1410 5398 qua
1436 5305 1609 5396 quondam
1635 5308 1738 5375 erant

209 5417 286 5494 lanei
311 5426 561 5516 emethonaleS,
598 5427 658 5498 sed
685 5427 757 5498 lere
784 5449 904 5500 omnes
932 5427 1081 5520 depositi
1108 5434 1191 5500 sunt
1216 5433 1252 5498 et
1277 5428 1314 5498 in
1341 5424 1535 5517 praedInles
1571 5423 1740 5514 conversi,

211 5543 357 5618 ethabet
382 5548 454 5618 illic
480 5549 727 5620 monasterium
755 5548 903 5622 Sanctae
917 5547 1052 5629 ,Crucis
1083 5548 1263 5638 praedium
1290 5553 1471 5620 extensum
1491 5553 1535 5620 ,et
1561 5547 1738 5638 optimum,

211 5665 241 5732 u
263 5667 382 5742 cunam
417 5669 504 5742 hene
539 5667 775 5761 aedificatam
810 5689 852 5742 ex
879 5669 1029 5762 antiquis
1056 5670 1152 5762 agris
1186 5667 1321 5759 praedii
1357 5668 1507 5761 percipit
1531 5666 1678 5739 ecclesia
1704 5666 1740 5740 in
