4492 6592
1560 715 1760 852 ''469

153 945 158 952 ⁵
187 979 320 1052 Sancti
350 955 464 1055 Marci
490 983 624 1077 aliquot
658 984 826 1058 clenodiis
852 992 889 1058 et
914 984 1123 1058 Sanctorum
1159 985 1316 1078 reliquiis
1356 971 1566 1059 nobilitarit.
1607 985 1763 1060 Contulit

192 1103 293 1174 enim
324 1105 368 1177 in
393 1107 642 1178 monasterium
669 1107 863 1198 praelatum
890 1109 1030 1180 calicem
1058 1129 1220 1199 maguum
1247 1109 1449 1180 deauratum
1469 1165 1477 1178 .
1496 1165 1530 1180 ..
1553 1108 1630 1182 Nou
1657 1110 1764 1182 babet

191 1229 321 1296 autem
352 1229 600 1300 monasterium
627 1227 820 1319 praelatum
847 1229 980 1321 aliquas
1007 1231 1260 1320 possessiones,
1287 1231 1452 1305 introitus
1479 1236 1540 1302 ant
1565 1235 1763 1322 proventus,
1880 1292 1885 1308 ,

192 1345 259 1418 sed
290 1347 375 1418 sola
408 1350 499 1440 stipo
534 1349 752 1423 emendicata
786 1351 885 1422 iuxta
910 1351 1271 1444 professionemsnae
1298 1352 1494 1442 religionis,
1519 1351 1563 1424 de
1590 1351 1764 1442 suffragiis

191 1470 230 1534 et
257 1465 498 1558 eleemosynis
525 1468 678 1543 fidelium
706 1469 801 1542 vivit

831 1867 1148 1954 TRZOZANA.
1254 1941 1255 1948 Ν

310 2087 543 2165 Secundum
572 2092 849 2166 monstier-ium
877 2095 1038 2168 tratrem
1059 2093 1203 2168 ordinis
1221 2093 1270 2166 de
1291 2092 1532 2196 poenitentia
1553 2093 1762 2170 Raetorum

193 2212 406 2304 Martyrum
433 2214 469 2284 in
496 2214 647 2285 dioecesi
674 2213 904 2305 Cracoviensi,
930 2217 967 2286 in
994 2216 1157 2287 districtu
1184 2214 1410 2288 Gzirziczensi
1438 2217 1640 2308 consistens,
1669 2217 1761 2307 qnod

194 2355 293 2408 anno
322 2336 547 2408 Domini...
571 2335 754 2407 fundatum
782 2342 836 2407 est
862 2355 926 2426 per
944 2391 952 2406 .
971 2389 979 2406 .
997 2389 1032 2406 ..
1058 2343 1096 2408 et
1121 2335 1302 2426 praedicta
1327 2337 1410 2408 villa
1436 2335 1673 2409 llrzczana
1698 2357 1763 2427 pro

194 2458 275 2528 eius
304 2463 480 2548 perpetua
506 2457 733 2529 subsistentia
757 2456 925 2547 domum,
950 2477 994 2528 ea
1019 2456 1253 2548 qualificatnm
1280 2457 1486 2548 conditione,
1513 2463 1552 2530 ut
1588 2456 1763 2530 duodena-

195 2580 274 2649 rius
303 2599 474 2652 uumerus
500 2577 647 2650 fratrum
675 2579 839 2650 continuo
852 2578 1027 2669 resideat,
1053 2584 1090 2650 et
1115 2599 1189 2650 rem
1217 2579 1369 2650 divinam
1396 2585 1501 2670 atque
1528 2579 1633 2657 boras
1660 2599 1762 2650 cano-

194 2701 297 2772 nicas
325 2700 473 2772 diurnas
499 2707 536 2772 et
562 2706 751 2772 nomarnas
777 2719 863 2770 voce
888 2720 1019 2771 sonora
1042 2699 1216 2771 decantet
1251 2699 1480 2790 Incorpornta
1506 2706 1622 2771 antem
1650 2699 1761 2771 eidem

196 2827 255 2892 est
282 2822 501 2894 monasterio
528 2819 762 2926 'l'rzczana
787 2819 932 2891 ccclesia
959 2820 1168 2909 parochialis
1195 2820 1323 2892 ibidem
1350 2821 1385 2890 in
1413 2819 1658 2910 Trzczana,
1685 2841 1762 2892 cnm

127 3000 132 3006 .
197 2943 368 3016 omnibus
394 2943 467 3014 suis
494 2942 637 3013 decimis
663 2949 700 3012 et
726 2941 972 3031 proventibus,
999 2941 1174 3030 habetque
1201 2941 1332 3012 dictum
1359 2942 1604 3012 monasterinm
1631 2939 1761 3012 iontem

198 3063 460 3153 baptismalem,
486 3070 532 3135 et.
549 3063 769 3152 praepositus
796 3083 859 3152 pro
886 3069 1043 3151 tempore
1068 3063 1272 3152 vacationis,
1299 3062 1370 3132 illic
1401 3063 1446 3133 ab
1472 3061 1650 3134 ordinario
1677 3061 1762 3134 Ora-

198 3185 361 3256 coriensi
387 3185 593 3273 instituitur,
619 3189 657 3254 et
686 3203 805 3254 curam
833 3183 1026 3254 animarum
1052 3183 1238 3272 parochiae
1264 3189 1301 3254 et
1326 3181 1473 3254 fratrum
1500 3183 1610 3273 gerit,
1637 3203 1761 3257 onera·

199 3325 269 3395 quo
297 3305 517 3395 parochialia
551 3311 588 3376 ct
623 3305 701 3376 iura
735 3304 939 3376 dioecesana
966 3303 1106 3393 sudent,
1132 3303 1263 3376 iaciens
1290 3304 1393 3374 etiam
1422 3305 1669 3376 subventiones
1695 3303 1762 3374 lne-

200 3432 356 3514 qnentes
382 3426 594 3498 monasterio
619 3431 657 3496 et
681 3424 849 3496 iratribus
875 3424 993 3496 Sancti
1019 3423 1132 3498 Marci
1160 3425 1195 3496 in
1222 3423 1460 3497 Craoovia.
1797 3435 1802 3440 “

228 3613 235 3621 .
310 3546 533 3645 Tnzcznns,
559 3546 644 3618 villa
669 3545 802 3618 babens
829 3545 1061 3636 parochialem
1088 3545 1269 3616 ecclesiam
1296 3547 1331 3616 in
1359 3567 1415 3634 se,
1442 3546 1540 3618 cuius
1566 3545 1763 3635 proprietas

202 3667 248 3738 ad
283 3669 537 3741 monasterinm
573 3662 727 3739 eiusdem
764 3667 831 3738 loci
866 3666 902 3736 in
938 3664 1172 3737 Trzczana
1198 3666 1360 3755 pertinet.
1400 3667 1439 3736 ln
1467 3687 1537 3756 qna
1563 3671 1644 3736 snut
1670 3665 1762 3736 lanei

201 3791 461 3879 cmetlnonales,
497 3792 580 3862 item
616 3789 801 3877 tabernae,
836 3788 919 3860 item
955 3787 1192 3875 bortnlaniae;
1227 3788 1310 3858 item
1339 3787 1485 3876 qnilibet
1510 3785 1631 3858 laneus
1657 3785 1762 3857 solvit

201 3931 267 4000 pro
296 3931 406 3984 censu
424 3965 433 3982 .
451 3965 459 3982 .
478 3935 505 4000 .;
531 3913 615 3982 item
642 3911 752 3999 labor,
778 3911 861 3981 item
888 3929 1048 4003 sontem
1074 3909 1157 3984 ilem
1186 3929 1261 3997 ora,
1289 3909 1368 3978 item
1388 3906 1510 3997 gallos,
1528 3907 1612 3977 item
1631 3926 1760 3995 meos,

112 4087 116 4094 .
202 4032 287 4106 item
316 4033 563 4121 molendinum,
591 4034 672 4103 item
699 4031 881 4122 praedium
908 4036 963 4100 est
988 4030 1049 4100 ibi*
1066 4030 1205 4102 unicnm
1231 4029 1440 4118 coenobiale,
1467 4027 1511 4100 de
1537 4028 1634 4098 cuins
1665 4029 1761 4117 agris

202 4156 291 4226 nnlli
328 4156 436 4227 solvit
469 4155 637 4226 decimam
672 4153 941 4243 manipularem,
977 4151 1039 4222 sed
1074 4172 1151 4222 eam
1188 4171 1252 4242 pro
1288 4171 1326 4222 se
1352 4149 1445 4222 tollit
1472 4157 1508 4222 et
1534 4150 1570 4222 in
1597 4149 1761 4220 borreum

205 4297 305 4349 snam
335 4278 477 4350 inducit
