4492 6592
1749 669 1897 810 arf

243 891 286 964 de
322 891 477 983 Praga
511 891 578 964 nit
611 893 739 982 abbas,
767 891 940 964 subiciens
974 893 1133 984 praelato
1168 845 1379 966 monasterio
1414 899 1451 965 ct
1476 895 1600 965 uniens
1626 897 1800 987 hospitale

241 1013 459 1086 intirmorum
486 1015 522 1085 in
550 1014 771 1104 Sandecz,
799 1019 835 1085 et
870 1035 987 1086 curam
1025 1019 1210 1105 egenorum
1246 1005 1364 1086 abbati
1400 1037 1465 1106 pro
1500 1021 1657 1107 ternpore
1693 1040 1800 1090 anne·
1921 1027 1929 1042 '

240 1125 362 1226 ctens,
389 1141 425 1207 et
449 1115 549 1242 bona*
569 1136 605 1206 in
633 1135 749 1207 dotem
777 1135 987 1208 monasterio
1024 1157 1110 1208 ase
1137 1137 1221 1208 data
1247 1138 1406 1208 maximis
1434 1139 1687 1228 praerogativis
1713 1140 1799 1232 libe-
1886 1188 1889 1193 ·

240 1277 335 1328 rans.
375 1255 638 1344 observabatur
673 1261 805 1328 antem*
825 1256 890 1328 sub
925 1258 1093 1347 regimine
1128 1257 1277 1348 praelati
1312 1258 1471 1348 magistri
1496 1258 1520 1330 J
1529 1259 1728 1331 ohannis
1755 1261 1798 1331 de

239 1376 403 1468 Praga,
430 1378 466 1449 in
494 1378 587 1470 dicto
607 1377 834 1450 Sandeczensi
853 1379 1074 1468 monasterio,
1093 1379 1272 1468 religionis
1300 1381 1652 1469 praemonstratensis
1679 1381 1798 1451 distri-
1914 1372 1916 1375 ’

239 1500 324 1588 ctio,
352 1519 417 1570 nec
443 1499 570 1571 licebat
595 1499 761 1571 iratribus
789 1493 1054 1576 carniumusus.
1082 1499 1158 1588 Quo
1176 1499 1370 1589 recedente,
1388 1501 1494 1571 etiam
1513 1503 1661 1572 cessavit
1679 1502 1798 1598 distri-

238 1621 332 1709 ctio;
360 1621 546 1696 arctiorem
573 1621 664 1692 enim
681 1620 893 1715 desiderans
920 1621 1038 1711 vitam,
1056 1621 1091 1691 in
1111 1622 1359 1692 monasterinm
1378 1621 1682 1693 camaldulensium
1706 1643 1744 1694 se
1761 1631 1798 1695 et

237 1741 313 1813 illie
340 1743 441 1814 anuis
468 1741 626 1832 pluribus
652 1737 837 1830 militavit3
864 1743 1001 1814 vocavit
1029 1763 1164 1814 sacrum
1184 1742 1378 1814 Basiliense
1396 1743 1576 1814 consilium
1603 1765 1668 1833 pro
1695 1745 1798 1815 redu-

237 1865 358 1935 ctione
385 1863 617 1935 Bohemorum
643 1863 898 1936 haereticorum
926 1869 1181 1955 congregatum,
1209 1864 1284 1935 eius
1311 1882 1417 1954 opere
1442 1883 1595 1955 murum,
1613 1865 1725 1955 ipsum
1753 1865 1797 1936 ad
1918 1949 1925 1958 Ι
2048 1876 2052 1884 “

236 2005 288 2076 se,
316 2005 382 2077 per
409 1985 547 2058 litteras
574 2005 719 2076 quarum
748 1985 925 2076 exemplar
952 1985 1094 2060 subicio.

286 2233 576 2357 Sacroseneta
612 2189 865 2316 basiliensis
889 2231 1079 2337 synodus
1112 2233 1152 2312 in
1185 2231 1342 2337 Spiritu
1375 2215 1534 2314 Sancto
1567 2234 1750 2337 legitime
1870 2259 1874 2264 ’

398 2377 686 2494 congregata,
705 2369 987 2452 universalem
1023 2371 1258 2452 Ecclesiam
1292 2377 1637 2474 repraesentans.

345 2592 548 2664 Venerabili
575 2572 650 2665 viro
675 2592 778 2664 tratri
804 2591 1085 2685 Hyeronimo
1113 2591 1156 2663 de
1182 2590 1331 2682 Praga
1357 2591 1513 2698 proiesso
1532 2596 1720 2664 conventus
1739 2613 1796 2662 ca-

234 2713 466 2812 maldulensis
502 2716 649 2786 salutern
685 2721 721 2786 et
758 2713 1016 2806 Omnipotentis
1047 2713 1114 2784 Dei
1150 2713 1435 2785 benedictionem.
1477 2711 1566 2802 Quia
1600 2734 1702 2786 servo
1729 2713 1796 2784 Dei

157 2827 160 2836 ¹
234 2837 354 2908 mcum
373 2837 434 2925 ire,
460 2836 513 2906 illi
540 2837 683 2926 scilicet,
711 2837 769 2927 qni
796 2856 834 2908 se
860 2840 973 2908 totum
1000 2836 1036 2906 in
1064 2835 1302 2907 holocaustum
1330 2835 1404 2906 Deo
1432 2834 1578 2924 obtulit,
1604 2856 1674 2904 non
1702 2834 1796 2905 arbi-

237 2963 379 3029 tramur
406 2958 649 3030 exhortatione
676 2979 762 3049 opus
789 2977 866 3030 esse
893 2957 991 3030 adid
1009 2956 1381 3048 perevadendum„qno
1400 2955 1486 3026 nibil
1505 2957 1618 3027 carius
1636 2956 1704 3046 ipsi
1720 2955 1795 3026 Deo

234 3099 315 3151 esse
343 3085 469 3170 potest,
497 3080 659 3172 quoniam
686 3080 796 3152 multa
822 3078 867 3151 ad
894 3098 967 3150 rem
994 3077 1154 3150 bellicam
1181 3077 1405 3169 pertinentia,
1423 3097 1488 3167 per
1507 3075 1702 3168 quindecim
1720 3077 1794 3148 fere
1825 3179 1831 3191 .

106 3187 112 3199 ¹
235 3193 349 3274 annos
377 3221 440 3292 pro
468 3202 676 3293 extirpanda
702 3199 839 3274 haeresi
866 3199 1055 3294 Bobemica
1080 3204 1180 3274 tenta
1205 3206 1297 3291 sunt,
1323 3205 1359 3272 et
1376 3199 1517 3290 plurimi
1534 3200 1676 3271 maximi
1695 3221 1795 3270 exer·
1868 3206 1873 3215 “

234 3325 328 3396 citus
365 3345 470 3396 manu
505 3325 746 3415 potentissima
781 3323 816 3394 in
852 3323 1054 3396 Bobemiam
1089 3321 1254 3413 proiecti,
1281 3342 1345 3394 uec
1372 3323 1554 3414 quicquam
1580 3320 1794 3412 profuerunt,
1878 3378 1881 3385 .

236 3446 397 3536 quinimo
423 3467 490 3538 qno
517 3445 595 3536 plus
623 3445 729 3516 armis
756 3449 936 3534 vexantur,
962 3465 1003 3516 eo
1032 3445 1143 3536 magis
1169 3443 1378 3516 indurantur
1413 3449 1449 3515 et
1475 3447 1656 3532 crescunt3
1682 3444 1794 3514 visum

235 3574 313 3650 est,
330 3567 476 3658 Spiritui
512 3566 640 3640 Sancto
676 3571 713 3638 et
748 3566 866 3656 nobis,
893 3565 1037 3658 aggredi
1073 3567 1168 3656 pacis
1195 3571 1231 3636 et
1256 3564 1530 3636 mansuetudinis
1556 3564 1727 3654 remedia,
1755 3570 1794 3634 ut

236 3689 330 3779 qnod
368 3689 403 3758 vi
439 3695 474 3760 et
507 3694 643 3760 terrore
678 3687 827 3760 humano
863 3686 952 3758 effici
982 3707 1051 3760 non
1088 3689 1219 3778 potnit,
1246 3687 1308 3758 fiat
1334 3687 1478 3757 caritate
1506 3692 1542 3757 et
1567 3685 1794 3776 benignitate.
1873 3684 1876 3690 ’

236 3809 312 3881 Nec
339 3809 479 3882 modum
507 3809 610 3881 alium
647 3829 710 3882 nos
741 3809 777 3880 in
804 3807 938 3900 Spiritu
965 3808 1091 3880 Sancto
1117 3809 1272 3900 legitime
1299 3812 1544 3899 congregatos
1573 3806 1688 3877 dicere
1716 3807 1788 3876 exi·
1839 3847 1845 3854 -

236 3933 429 4021 stimamus,
457 3953 557 4023 quam
586 3931 720 4021 Spiritu
746 3930 903 4002 lenitatis
929 3929 1056 4002 iratres
1084 3937 1223 4002 nostros
1256 3936 1424 4018 errantes,
1457 3901 1501 3998 ad
1523 3929 1613 3998 viam
1633 3929 1794 3998 veritatis

236 4053 416 4124 reducere.
443 4051 593 4125 Proinde
621 4053 656 4123 in
675 4052 845 4143 principio
864 4057 1005 4124 nostrae
1023 4071 1144 4124 sacrae
1163 4050 1441 4142 congregationis
1459 4070 1519 4121 eos
1537 4054 1686 4140 paterna
1704 4049 1793 4119 eari-

236 4181 311 4246 tate
338 4175 383 4245 ad
411 4195 474 4246 nos
501 4173 709 4264 vocavimus,
735 4173 918 4246 offerentes
946 4174 996 4244 eis
1023 4193 1142 4264 pacem
1169 4192 1210 4243 ac
1236 4171 1464 4244 concordiam.
1492 4171 1540 4242 Et
1567 4171 1648 4261 quia
1673 4167 1792 4242 bacte-
1825 4200 1828 4208 ’

237 4317 304 4368 nus
340 4296 527 4386 plurimum
564 4283 744 4385 conquesti
779 4293 935 4384 fueram,
963 4295 1091 4366 nullam
1127 4294 1282 4384 potuisse
1312 4293 1443 4364 babere
1470 4292 1702 4380 audientiam,
1729 4311 1793 4362 nos
1830 4339 1834 4352 ·

237 4439 301 4508 per
320 4419 459 4490 litteras
479 4422 617 4489 nostras
635 4436 711 4487 earu
729 4415 876 4488 liberam
896 4420 931 4488 et
948 4418 985 4487 in
998 4415 1102 4508 plena
1119 4415 1231 4487 lorma
1248 4415 1445 4487 obtulimus.
1472 4414 1575 4486 Utin
1595 4418 1709 4484 autem
1727 4414 1794 4484 boc

108 4569 119 4582 ·
237 4545 395 4612 sanctum
424 4559 514 4630 opus,
537 4539 706 4610 maturius
734 4537 975 4628 explicaretur,
1003 4543 1142 4609 nostros
1170 4537 1329 4608 solennes
1358 4541 1515 4608 oratores
1543 4534 1587 4606 ad
1613 4534 1691 4606 loca
1708 4534 1792 4605 vici·
1867 4553 1870 4557 ·

175 4651 178 4657 ⁴
237 4683 284 4733 na
319 4659 509 4758 Bobemiae
544 4659 819 4749 transmisimus,
857 4659 915 4750 qni
950 4679 1022 4730 rem
1060 4659 1162 4730 istam
1198 4658 1382 4750 diligenter
1409 4663 1590 4747 curarent,
1617 4655 1654 4728 bi
1682 4657 1793 4727 nostri

237 4783 490 4854 ambasiatores
516 4781 657 4853 tandem
677 4782 712 4851 in
731 4779 857 4872 oppido
876 4779 1010 4872 Egrae
1029 4801 1106 4851 cnm
1125 4780 1416 4852 ambasiatoribus
1435 4777 1678 4868 Bobemorum,
1696 4776 1792 4847 vide-

236 4903 319 4977 licet
346 4904 583 4996 Pragensium,
602 4901 810 4976 Orlanorum
838 4908 874 4974 ct
901 4901 1157 4988 Taboritarum,
1176 4903 1270 4973 inter
1287 4923 1373 4992 quos
1392 4907 1493 4972 erant
1511 4900 1674 4971 ductores
1693 4918 1791 4969 exer-

237 5028 367 5100 cituum
395 5027 490 5098 illius
516 5026 630 5116 gentis
658 5026 909 5114 concluserunt,
938 5011 1028 5116 quod
1056 5025 1220 5096 solemnis
1247 5024 1440 5100 ambasiata
1467 5023 1619 5094 omnium
1638 5025 1791 5092 statuum
1911 5018 1915 5026 '

236 5151 334 5241 regni
362 5150 431 5221 buc
456 5129 605 5220 ventura
631 5149 677 5220 sit
703 5153 740 5218 et
766 5146 843 5218 dari
861 5146 913 5217 eis
932 5145 1142 5218 audientiam
1162 5146 1299 5236 plenam
1326 5166 1431 5236 super
1458 5150 1607 5235 quatuor
1624 5141 1791 5232 articulis

237 5271 279 5342 ad
308 5293 396 5362 qnos
425 5269 561 5342 demum
589 5290 627 5341 se
653 5269 876 5358 reduxerunt,
903 5269 1178 5339 coniecturamus
1197 5268 1290 5357 ipsos
1309 5267 1366 5339 hic
1383 5266 1519 5338 futuros
1538 5266 1619 5336 ante
1638 5284 1789 5335 mensem

238 5391 484 5486 Septembrem.
510 5391 665 5462 Narrant
691 5391 728 5462 hi
754 5390 866 5462 nostri
893 5389 1004 5460 nuntii
1024 5394 1218 5460 cumtanta
1235 5390 1382 5461 caritate
1400 5394 1585 5478 utrumque
1602 5387 1669 5457 hoc
1685 5406 1792 5476 nego·
1813 5426 1818 5434 =

145 5519 150 5526 '
237 5516 321 5586 tium
351 5515 560 5604 conclusum,
588 5520 626 5585 ut
653 5535 748 5605 spem
776 5513 941 5605 optimam
959 5509 1171 5582 reductionis
1189 5511 1327 5584 illorum
1347 5511 1551 5602 concipiant,
1570 5511 1680 5584 multa
1698 5533 1791 5584 assc-

238 5643 318 5710 rnut
345 5637 380 5706 in
400 5635 596 5708 huiusmodi
613 5641 767 5709 tractatu
785 5633 1023 5724 intervenisse,
1042 5652 1105 5725 per
1123 5653 1212 5726 quae
1230 5639 1302 5707 tam
1321 5634 1389 5729 ipsi
1407 5653 1510 5724 qnam
1528 5653 1591 5706 nos
1610 5633 1791 5708 erudientes

340 5781 550 5846 condamm.
653 5825 657 5832 ι
1457 5860 1462 5878 x
1588 5785 1623 5834 11
