4492 6592
476 797 549 867 382

476 1001 711 1074 Secundus
741 1001 902 1072 Poloniae
930 1022 990 1072 reu
1017 1001 1181 1092 oppidum
1199 1001 1397 1072 huiusmodi
1424 1002 1459 1072 iu
1487 1002 1560 1074 vita
1580 1023 1644 1074 sua
1671 1024 1693 1074 a
1718 1003 1928 1075 monasterio
1954 1002 2019 1075 Go-

474 1123 740 1213 przywniczensi
768 1143 830 1211 per
857 1123 925 1192 vim
953 1129 989 1192 et
1015 1123 1275 1212 impressionem
1304 1123 1543 1214 abstraxerat,
1569 1129 1607 1195 et
1633 1125 1719 1195 sorti
1746 1125 1863 1214 regiae
1891 1124 2022 1196 adiece-

474 1249 549 1333 rat,
584 1264 684 1314 soror
717 1249 834 1313 tamen
870 1263 934 1313 sua
967 1263 1136 1332 germana
1170 1242 1456 1315 Helizabotb
1491 1243 1651 1316 Caroli
1689 1244 1892 1335 Huugariaa
1931 1247 2022 1336 regis
2149 1292 2150 1341 q

472 1363 595 1434 relicta
621 1369 657 1432 et
682 1363 834 1452 genitrix
861 1363 1089 1434 Ludovici
1117 1363 1318 1452 Hungariae
1337 1370 1373 1434 et
1391 1363 1556 1436 Poloniae
1573 1365 1676 1456 regis,
1703 1366 1763 1455 qui
1789 1363 2024 1437 Gasimiro

472 1481 638 1554 Polouiae
664 1485 738 1573 regi
766 1484 935 1555 avunculo
962 1505 1025 1554 suo
1052 1505 1219 1572 germano
1255 1490 1392 1556 mortuo
1418 1486 1454 1556 iu
1481 1505 1629 1578 regnum
1655 1485 1820 1556 Polouiae
1846 1507 2022 1557 successe·
2149 1569 2150 1581 χ

472 1725 510 1794 in
536 1724 654 1814 vigilia
681 1725 783 1794 Beati
811 1724 992 1796 Laurentii
1019 1726 1195 1816 martyris,
1222 1723 1410 1798 cracoviae
1435 1731 1520 1798 tunc
1537 1747 1652 1817 agens,
1678 1727 1722 1798 de
1745 1728 1889 1799 consilio
1916 1727 2025 1798 eccle

472 1845 688 1916 siasticorum
716 1853 752 1916 et
779 1847 1005 1918 saecularium
1033 1846 1320 1936 consiliariorum,
1346 1846 1474 1937 oppido
1500 1848 1598 1938 regio
1625 1847 1841 1920 Fristatb
1867 1855 1905 1918 et
1932 1849 2023 1919 villis

354 2043 358 2050 ,
471 1967 578 2055 regiis
613 1964 764 2056 Glyun
774 1967 829 2057 yk
839 1989 861 2057 y
898 1973 934 2037 et
968 1961 1163 2057 Gobilye
1198 1967 1304 2037 saluti
1330 1967 1451 2039 fratris
1482 1969 1537 2040 sui
1563 1969 1750 2060 prouidens
1775 1971 2014 2059 compensarit

405 2141 411 2158 r
470 2087 646 2158 Donatum
671 2087 881 2158 monasterio
908 2107 970 2176 per
996 2086 1236 2158 Nicolaum
1263 2089 1425 2159 comitem
1449 2087 1670 2161 fundatorem
1696 2088 1741 2159 de
1767 2089 1980 2179 Bogoria

322 1583 339 1664 ¹·
472 1609 537 1694 rat,
564 1625 707 1695 regnum
727 1603 891 1674 Poloniae
910 1603 1127 1694 praedictum
1145 1605 1283 1675 nomine
1309 1605 1371 1675 filii
1398 1606 1634 1695 gubernando,
1661 1627 1752 1678 auno
1766 1606 1906 1678 Domini
1924 1608 2023 1677 1374
2149 1628 2150 1675 l

573 2207 799 2297 Wrnunzrm,
827 2207 908 2279 villa
935 2208 1065 2278 babens
1092 2207 1128 2278 in
1147 2229 1184 2278 se
1210 2209 1390 2279 ecclesiam
1418 2210 1649 2298 parochialem
1676 2211 1789 2300 sitam
1815 2231 1918 2302 quam
1945 2209 2016 2282 Ni·
2149 2194 2150 2229 ⁴

416 2309 423 2320 ⁸
470 2328 630 2400 colaus
662 2349 776 2399 comes
803 2328 846 2399 de
873 2327 1078 2417 Bogoria
1112 2313 1264 2400 donavit.
1298 2329 1349 2399 .ln
1376 2350 1446 2419 qua
1471 2334 1553 2402 suut
1578 2331 1668 2401 lanei
1695 2331 1950 2420 cmetbonales,
1986 2338 2022 2402 et

382 2436 392 2448 ’
469 2450 614 2540 quilibet
641 2449 745 2522 solvit
771 2469 835 2540 pro
852 2470 977 2552 ‘annuo
1004 2469 1108 2522 ceusu
1127 2504 1269 2539 ......
1309 2452 1392 2521 item
1418 2471 1495 2541 ova,
1523 2453 1606 2524 item
1634 2446 1873 2558 casertanum
1900 2453 2021 2542 gallos
2149 2520 2150 2523 ,

468 2569 556 2640 Item
583 2577 662 2660 post
688 2591 806 2642 ornnes
834 2547 937 2659 Egros
964 2569 1110 2654 solvitur
1137 2569 1275 2640 decima
1297 2571 1532 2664 manipularis,
1573 2577 1611 2642 et
1636 2573 1842 2664 conducitur
1868 2572 2019 2663 propriis

425 2765 426 2772 χ
469 2691 628 2763 curribus
654 2692 689 2761 iu
716 2692 889 2779 borreum,
916 2690 1015 2762 valor
1041 2691 1116 2763 eius
1143 2691 1188 2761 ad
1207 2745 1321 2760 .....
1348 2690 1510 2762 Confluat
1536 2713 1613 2763 cum
1641 2693 1734 2764 villis
1760 2693 1940 2783 Laulry,
1959 2749 1966 2763 .
1985 2749 2019 2764 ..

468 2811 607 2884 Donata
634 2813 843 2883 monasterio
869 2831 933 2901 per
960 2809 1200 2882 Nicolaum
1227 2811 1386 2882 comitem
1413 2811 1632 2884 fundatorem
1660 2813 1703 2883 de
1730 2814 1944 2903 Bogoria.

574 2933 698 3023 Lanu,
740 2933 824 3004 villa
850 2933 914 3003 iub
941 2931 1106 3022 parocbia
1132 2931 1300 3004 ecclesiae
1325 2933 1370 3004 de
1395 2932 1524 3004 Sancto
1551 2933 1695 3005 Nicolao
1723 2953 1831 3024 prope
1859 2933 2021 3006 Draco

470 3055 587 3125 viam
615 3055 693 3144 sita,
719 3058 755 3124 et
782 3074 845 3144 per
872 3052 1113 3124 Nicolaum
1141 3053 1300 3123 comitem
1327 3051 2020 3152 deBogoriadouata.1nquasuut

469 3175 561 3245 lanei
587 3173 839 3262 emetbonales,
865 3180 902 3243 et
928 3173 1074 3263 quilibet
1099 3173 1205 3244 soluit
1239 3192 1303 3263 pro
1329 3193 1444 3245 annuo
1470 3193 1576 3245 censu
1594 3228 1763 3264 .......
1790 3152 1873 3246 item
1900 3161 2021 3268 gallos,

470 3296 554 3365 item
580 3315 656 3383 ova,
683 3294 766 3365 item
793 3313 920 3366 caseos.
965 3293 1051 3366 Item
1080 3300 1160 3383 post
1185 3315 1306 3366 omues
1332 3314 1436 3384 agros
1462 3295 1611 3366 solvitur
1636 3294 1770 3368 decima
1796 3276 2021 3388 manipularis

466 3435 534 3504 -pro
569 3415 770 3504 episcopatu
804 3413 1035 3504 Oracouiensi,
1062 3420 1098 3484 et
1125 3415 1292 3502 inducunt
1326 3436 1402 3486 eant
1438 3396 1638 3487 emetlrones
1673 3417 1826 3507 propriis
1861 3419 2052 3490 curribus·

470 3537 506 3607 iu
533 3537 705 3625 borreum,
733 3535 968 3606 abactoribus
995 3536 1148 3626 episcopi
1174 3536 1367 3625 locandnm3
1394 3537 1492 3608 valor
1517 3539 1592 3608 eius
1618 3539 1823 3609 aestimatur
1839 3539 1885 3609 ad
1903 3539 2020 3617 decem

470 3676 612 3728 marcas.
657 3655 866 3726 Alienatus
893 3632 1104 3727 monasterio
1140 3677 1204 3746 per
1234 3656 1494 3729 (luuradum
1529 3659 1690 3729 abbatem
1717 3657 2020 3762 Gopraywuiczeq

471 3797 552 3848 sem.
579 3777 716 3848 Donata
734 3777 944 3848 monasterio
963 3797 1025 3867 per
1044 3775 1289 3848 Nicolaum
1316 3779 1477 3849 comitem
1495 3777 1713 3855 fundatorem
1732 3780 1777 3851 dc
1803 3779 2019 3881 Bogorip

575 3897 702 3970 Villam
738 3897 863 3988 Laug
897 3899 1099 3969 monasterii
1127 3897 1482 3989 Goprzywuicuensis,
1521 3897 1765 3971 cunradus
1798 3907 1885 3984 tuine
1910 3903 2018 3973 abbas

470 4017 824 4110 Goprzyuniczensis,
851 4017 894 4088 de
921 4037 1090 4090 consensu
1118 4025 1318 4107 conventus,
1345 4019 1502 4090 vendidit
1529 4019 1666 4091 Petro
1694 4022 1812 4096 abbati
1839 4027 1876 4092 ct
1901 4040 2018 4093 mona-

471 4139 577 4210 sterio
604 4139 647 4208 da
674 4138 867 4228 Mogila,
895 4159 959 4228 pro
986 4139 1248 4229 quadringentis
1274 4141 1673 4232 septuagintaquinque
1699 4143 1825 4212 marcis
1847 4147 1885 4212 et
1905 4143 2018 4214 naemu

471 4279 553 4330 area
574 4260 614 4330 in
641 4238 878 4349 cracovia,
906 4279 996 4329 anno
1023 4259 1162 4330 Domini
1195 4261 1302 4350 1394,
1329 4267 1365 4331 et
1392 4261 1540 4350 primum
1563 4261 1705 4333 vendita
1730 4261 1798 4333 luit
1821 4261 2016 4334 consulatui

469 4377 700 4471 Gracouieusi,
726 4379 787 4452 sed
815 4380 1061 4451 monasterium
1088 4378 1281 4471 Moqileuse
1309 4381 1569 4472 propinquitate
1594 4382 1689 4454 illam
1716 4383 1829 4455 evicit.
1856 4381 2015 4454 Continet

470 4521 548 4570 eum
574 4501 667 4572 vinis
694 4499 919 4591 czrrzinr,
947 4483 1150 4592 uannye
1175 4507 1212 4572 et
1238 4501 1424 4592 nogno

573 4620 841 4712 Prnansszow,
882 4621 965 4693 villa
991 4622 1055 4694 sub
1083 4623 1249 4712 parocbia
1274 4623 1442 4695 ecclesiae
1471 4623 1516 4694 dc
1541 4622 1754 4715 bialycze
1788 4625 1874 4716 sita,
1915 4644 2015 4717 quam

470 4741 503 4813 N
513 4742 695 4813 icolaus
730 4761 844 4813 comes
879 4741 923 4814 de
950 4741 1158 4834 Bugoria
1191 4742 1334 4815 donavit
1368 4745 1579 4816 monasterio
1605 4741 1933 4835 Coprzywniczensi.
1977 4747 2014 4818 ln

469 4884 537 4955 qua
562 4869 656 4935 suut·
670 4869 801 4952 septem
829 4862 920 4933 lanei
946 4863 1192 4953 emetbonales,
1218 4870 1256 4935 et
1281 4864 1429 4954 quilibet
1454 4864 1560 4935 soluit
1586 4883 1650 4955 pro
1673 4886 1787 4937 auuuo
1813 4885 1918 4938 ceusu
1947 4887 2013 4938 ure

468 4985 560 5057 diam
601 5005 766 5075 marcam,
806 4984 888 5054 item
927 5005 992 5055 ova
1032 4985 1174 5074 viginti,
1214 4985 1297 5055 item
1324 5005 1454 5074 caseoq
1493 4985 1575 5056 item
1615 4993 1766 5076 quatum
1803 4987 1914 5076 gallos
1954 5009 2012 5059 seu

440 5161 445 5171 .
468 5125 626 5196 capones.
653 5105 740 5176 ltem
767 5105 855 5176 duae
882 5105 1047 5175 tabernae
1075 5105 1244 5176 habentes
1270 5125 1387 5196 agros,
1414 5125 1558 5196 quarum
1585 5127 1655 5178 uua
1681 5107 1784 5179 solvit
1811 5127 1874 5198 pro
1901 5129 2013 5180 annuo
2080 5094 2083 5100 ’

468 5247 582 5317 ceusu,
610 5247 712 5298 unam
739 5245 964 5314 sexagenum,
991 5224 1059 5294 alia
1076 5226 1168 5320 'item
1197 5245 1412 5314 sexagenum.
1457 5226 1543 5297 Item
1570 5233 1643 5299 tres
1670 5228 1906 5318 bortulauiue,
1934 5230 2012 5300 item

468 5349 577 5438 labor,
605 5349 687 5420 item
715 5368 862 5442 osczycp,
891 5347 972 5416 item
1000 5346 1189 5436 praedium.
1216 5346 1303 5417 Item
1330 5347 1465 5420 decima
1480 5349 1706 5438 manipularis
1732 5349 1880 5420 soluitur
1898 5369 2011 5420 mona·

356 5522 368 5543 .
469 5471 576 5539 sterio
603 5467 930 5560 Coprzywuiczeusi,
957 5487 1020 5556 per
1047 5466 1293 5538 Fulconem
1319 5469 1519 5558 episcopum
1545 5469 1658 5540 eidem
1683 5469 1831 5562 donam,
1870 5475 1908 5541 et
1934 5492 2012 5541 con

467 5589 605 5662 ducitur
623 5611 644 5660 a
662 5589 911 5660 emetbonibus.
929 5585 1038 5658 Valor
1053 5589 1257 5661 aestimatur
1274 5589 1320 5658 ad
1338 5594 1470 5678 septem
1488 5609 1631 5660 marcas
1649 5590 1790 5662 Donata
1802 5592 2009 5688 monastario

2100 3064 2151 3478 l
