4492 6592
473 716 572 816 rao
681 789 689 798 -

469 951 633 1023 Tertii·
661 950 827 1024 Polcniae
862 953 955 1043 regis
990 958 1027 1024 et
1052 953 1156 1024 etiam
1188 954 1429 1046 libertatione,
1465 955 1563 1028 illurn
1598 975 1663 1046 pro
1697 955 1833 1028 duobus
1866 949 2019 1029 milhbus

471 1071 699 1161 florenorum,
726 1093 748 1143 a
774 1072 930 1162 praelato
959 1072 1152 1164 Spithlxone
1186 1073 1230 1146 de
1256 1075 1484 1147 Melstbin
1519 1077 1695 1167 emptione
1720 1081 1758 1147 et
1783 1076 2021 1166 resignatione

469 1197 639 1282 perpetua
656 1197 693 1262 et
710 1191 930 1264 irrevocabili
949 1195 1172 1284 comparavit,
1198 1194 1424 1286 praefatoque
1440 1196 1651 1268 monasterio
1676 1197 1713 1267 in
1739 1195 1916 1268 Skalka
1941 1215 2021 1286 per-

470 1317 576 1404 petuo
603 1313 846 1402 incorporavit
873 1312 929 1385 Ad
948 1333 1050 1404 quam
1077 1315 1283 1405 emptionem
1310 1315 1461 1388 Jacobus
1487 1315 1531 1388 dc
1557 1315 1708 1388 Senno
1735 1315 1920 1408 opiscopus
1937 1323 2022 1387 tunc

471 1433 772 1523 Vladislaviensis,
799 1441 923 1524 expost
948 1455 1031 1507 vcro
1058 1435 1340 1526 archiepiscopus
1366 1432 1597 1524 Gncznonsis,
1624 1435 1846 1526 sexingentos
1871 1434 2022 1508 florenos

471 1557 507 1626 in
534 1573 631 1642 auro,
657 1553 847 1644 praemium
874 1555 918 1626 ab
946 1555 1133 1645 altissimo,
1158 1561 1197 1628 et
1222 1557 1498 1628 anniversarium
1528 1560 1734 1647 perpetuum
1760 1577 1783 1627 a
1807 1555 2022 1628 monasterio

470 1675 506 1746 in
525 1673 701 1747 Slrallxa
718 1673 902 1746 habiturus
920 1675 1027 1766 dedit;
1045 1697 1088 1748 ex
1106 1697 1175 1768 qno
1193 1677 1331 1767 quidem
1349 1695 1455 1748 censu
1472 1677 1720 1748 monasterium
1737 1675 1932 1767 praefatum
1951 1676 2023 1747 sin·

469 1795 560 1886 gulis
587 1795 685 1866 annis
711 1793 861 1885 percipit
888 1797 1068 1887 sexaginte
1093 1801 1166 1868 tres
1192 1797 1351 1886 florenos,
1377 1795 1512 1868 duabus
1538 1797 1720 1887 sexagenis
1745 1795 1896 1868 latorum
1921 1815 2023 1886 gros·

473 1935 588 1988 sorum
616 1915 787 2006 exceptis,
825 1935 971 2006 quarum
1007 1936 1110 1988 unam
1145 1922 1310 1988 tenentur
1345 1915 1431 1987 dare
1467 1915 1685 2007 praebendae
1712 1917 1747 1986 in
1773 1916 2022 2005 Melstbin,

474 2037 620 2108 alteram
647 2056 730 2108 vero
757 2055 822 2127 pro
848 2036 953 2108 altari
978 2035 1012 2109 S.
1039 2035 1248 2108 Catherinae
1274 2036 1312 2108 in
1337 2035 1569 2110 Oracovia
1593 2036 1630 2108 in
1657 2036 1780 2109 maiori
1805 2036 1982 2135 ecelesia·

536 2282 787 2396 Proventua'
803 2283 948 2362 altaris
978 2281 1085 2360 tlluli
1119 2280 1302 2361 Sanctae
1334 2279 1489 2372 crucis
1522 2284 1562 2361 ln
1595 2281 1781 2364 ecclesia
1810 2281 1959 2389 Sancti

1005 2417 1201 2498 Sionislai
1235 2421 1274 2498 in
1309 2419 1494 2524 liupella.

575 2640 706 2711 Domus
732 2638 848 2729 lignea
874 2640 960 2710 satis
983 2639 1115 2728 optima
1140 2637 1274 2710 habens
1299 2639 1440 2711 bortum
1466 2639 1593 2712 bonum
1611 2659 1689 2711 cnm
1707 2640 1872 2729 pomerio,
1897 2640 2024 2728 inqua

472 2759 633 2832 citarista
658 2759 780 2830 altaris
806 2758 965 2850 praelati,
992 2765 1176 2849 antequam
1204 2760 1414 2831 monasterio
1440 2760 1476 2830 in
1503 2759 1703 2849 Rupella
1727 2757 2022 2849 incorporaretur,
2161 2803 2163 2862 3

473 2887 510 2952 et
535 2886 720 2971 antequam
755 2880 830 2952 eius
865 2880 989 2952 titulus
1025 2880 1303 2970 extingueretur,
1346 2879 1570 2952 residentiam
1608 2879 1825 2968 personalem
1860 2879 2023 2950 [emebat.
2161 2871 2163 2962 ξ

473 3000 596 3072 Altare
622 3007 738 3072 autem
757 2999 949 3090 praefatum
967 3001 1134 3090 magister
1156 2999 1308 3072 lacobus
1333 2999 1377 3071 de
1403 2998 1657 3071 Gasimiria
1680 2999 1872 3071 medicinae
1898 2999 2023 3071 doctor

473 3121 627 3210 insignis,
654 3120 915 3210 cognominatus
942 3119 1342 3209 Vobistigwaszd,
1368 3119 1628 3210 loquutionibus
1645 3119 1737 3190 enim
1762 3113 1835 3190 s'uis
1861 3117 2025 3209 frequen·

473 3247 529 3311 ter
555 3241 699 3312 verbum
725 3240 820 3312 istud
845 3237 1107 3336 oodiociqwoazd
1132 3239 1338 3330 apponebat,
1365 3239 1409 3312 de
1433 3239 1656 3312 facultatibus
1682 3239 1755 3311 suis
1781 3261 1825 3311 ex
1851 3239 2025 3311 medicina
2160 3261 2163 3272 ¹

474 3360 619 3451 quesitis
645 3361 814 3450 censibus,
841 3362 877 3431 in
904 3360 1031 3451 oppido
1058 3360 1295 3432 Kazimirz
1330 3361 1367 3430 in
1392 3359 1551 3432 domibus
1577 3360 1621 3432 de
1647 3379 1818 3432 consensu
1843 3359 2025 3456 consulum

473 3486 511 3550 et
537 3480 787 3570 oppidanorum
814 3482 998 3571 coemptis,
1037 3483 1102 3553 sub
1129 3479 1334 3570 pontificatu
1364 3480 1393 3550 Z
1400 3480 1561 3570 bignei
1595 3480 1781 3552 cardinalis
1806 3485 1844 3551 et
1868 3480 2026 3570 episcopi

474 3597 722 3692 Gracoviensis,
748 3623 790 3672 ex
818 3601 986 3692 singulari
1013 3600 1199 3674 devotione
1224 3599 1390 3690 fundarit,
1418 3620 1509 3673 anno
1535 3601 1675 3673 Domini
1707 3602 1751 3672 14
1771 3653 1914 3670 ......

945 4097 1554 4186 OZANSTOOHOVlENSE.

502 4347 743 4428 Secundum
778 4347 1080 4426 monasterium
1113 4343 1274 4424 ordinis
1307 4345 1422 4423 Beati
1442 4343 1709 4445 Pouliprlrnl
1743 4343 1992 4442 heremitae,

608 4485 646 4563 ln
680 4483 868 4564 dioecesi
903 4483 1182 4564 cracoviensi
1216 4484 1255 4561 in
1289 4481 1445 4586 oppido
1478 4479 1902 4561 Ozanstocbovienai.

576 4699 851 4775 Vladislaus
877 4701 1096 4793 Oppoliensis
1124 4709 1161 4773 et
1185 4706 1268 4774 tunc
1293 4701 1526 4790 Vielunensis,
1553 4698 1867 4772 Ostrzeszoriensis
1893 4703 1930 4770 et
1952 4699 2025 4772 Do·

398 4916 404 4925 *
471 4825 664 4897 breinensis
705 4823 792 4914 dux,
833 4831 869 4896 et
903 4823 1077 4915 palatinus
1112 4823 1212 4914 regni
1247 4821 1466 4913 Hungariae,
1505 4820 1694 4911 resignatis
1732 4819 1839 4892 terris
1865 4817 2025 4909 Russiae,

469 4946 632 5021 videlicet
665 4945 900 5036 Leopoliensi,
935 4943 1208 5034 Praemislionsi,
1226 4943 1432 5015 -Haliciensi
1459 4949 1496 5014 ot
1521 4941 1736 5030 Podolienai,
1763 4961 1850 5031 quas
1876 4939 1913 5011 in
1939 4960 2021 5012 enm

472 5067 737 5140 Ludovicus
775 5065 940 5138 Polcniae
971 5071 1008 5136 et
1034 5063 1235 5156 Hungariae
1271 5085 1332 5136 rex
1369 5069 1539 5154 perpetua
1573 5061 1776 5150 donatione,
1813 5066 1854 5132 ut
1880 5066 1918 5132 et
1945 5065 2025 5132 tan-

475 5209 577 5279 quam
610 5187 773 5259 Polcniae
805 5207 866 5258 rex
894 5186 1081 5276 attulerat,
1107 5207 1158 5276 eo,
1198 5185 1290 5276 qnod
1317 5185 1569 5276 possessionem
1604 5202 1725 5254 earum
1750 5187 1894 5272 propter
1921 5201 2025 5253 enor-

332 5293 340 5302 ’
473 5329 563 5380 mom
590 5309 690 5399 regni
708 5307 873 5379 Polcniae
900 5306 1164 5397 mutilationem,
1192 5305 1259 5378 sibi
1281 5305 1499 5396 intelligebat
1515 5324 1584 5374 non
1602 5321 1705 5394 posse
1721 5299 1797 5373 fore
1816 5300 2026 5392 diuturnam,

474 5449 557 5519 rege
575 5429 717 5520 insuper
734 5427 891 5520 praefato
919 5427 1158 5500 Ludovico
1184 5428 1345 5515 instante,
1373 5425 1432 5516 qui
1450 5423 1691 5496 alienationem
1718 5427 1755 5494 et
1772 5421 2027 5494 mutilationem

474 5550 572 5638 regni
599 5549 763 5621 Polcniae
789 5557 860 5622 tam
888 5551 1041 5642 iniquam
1060 5553 1097 5621 et
1114 5547 1297 5637 notoriam,
1324 5547 1537 5618 conscientia
1562 5545 1659 5616 illum
1685 5543 1907 5616 remordente
1931 5541 2026 5615 ferre

474 5687 543 5740 non
571 5671 694 5760 potuit,
722 5675 758 5742 et
776 5671 811 5742 in
829 5669 1104 5744 vicissitudinem
1132 5675 1304 5741 terrarum
1330 5665 1566 5758 praelatarum
1583 5665 1731 5738 Russiae
1757 5663 2026 5774 resignatam,
