4492 6592
1651 785 1723 859 195
1775 801 1780 812 '

175 992 256 1062 item
282 987 396 1080 gallos
422 987 527 1079 duos,
552 989 641 1062 'item
669 987 850 1080 laborant;
876 989 960 1064 item
986 992 1153 1081 taberua3
1180 991 1264 1063 item
1290 991 1487 1082 hortulani3
1512 993 1597 1065 item
1622 979 1726 1085 prae-

176 1112 263 1184 dium
298 1111 499 1183 coenobiale
535 1131 604 1182 non
640 1117 696 1183 est
729 1112 794 1201 ibi,
821 1112 906 1183 item
941 1112 1074 1184 decima
1109 1113 1153 1184 de
1181 1115 1341 1185 omnibus
1367 1114 1481 1204 agris,
1509 1115 1659 1189 soluitur
1684 1121 1722 1188 et

114 1251 116 1256 ·
176 1230 376 1303 conducitur
401 1253 465 1323 pro
493 1232 639 1305 ecclesia
666 1233 858 1322 parochiali
884 1234 920 1305 in
948 1231 1228 1325 Wyeliczka,
1255 1241 1292 1306 et
1309 1234 1408 1306 valor
1426 1235 1502 1307 eius
1520 1238 1726 1308 aestimatur

176 1353 217 1424 ad
242 1359 378 1443 septem
404 1373 550 1426 marcas.
576 1353 665 1426 Item
692 1359 746 1425 est
772 1355 822 1426 ibi
849 1375 938 1426 unus
964 1355 1084 1428 laneus
1111 1357 1318 1447 episcopalis
1336 1355 1585 1448 cracoviensis,
1603 1359 1639 1429 in
1658 1378 1726 1448 quo

176 1475 372 1546 cmethones
399 1475 560 1547 sedentes
587 1475 728 1546 solvunt
754 1481 903 1566 quatuor
929 1495 1074 1552 marcas.
1153 1480 1158 1490 '

272 1594 453 1687 Sarnous,
477 1597 560 1668 uilla
586 1597 651 1668 sub
670 1597 836 1686 parochia
862 1597 905 1668 de
931 1596 1202 1690 Wyeliczka
1226 1598 1309 1689 sita,
1331 1599 1429 1670 cuius
1456 1599 1653 1690 proprietas
1680 1599 1725 1670 ad

176 1718 420 1789 nonasterium
448 1717 675 1789 Thincziense
701 1719 864 1808 pertinet.
891 1719 931 1789 In
959 1739 1037 1810 qua
1054 1724 1138 1790 sunt
1154 1719 1247 1792 lanei
1265 1719 1508 1811 cmethonales,
1526 1727 1563 1792 et
1580 1721 1727 1811 quilibet

176 1839 273 1910 soluit
291 1893 299 1907 .
319 1893 327 1908 .
347 1893 355 1908 .
374 1894 400 1930 .,
427 1839 509 1911 item
536 1859 620 1929 ova,
647 1840 730 1911 item
758 1840 869 1929 gallos
896 1841 979 1912 item
1006 1859 1145 1930 caseos,
1171 1841 1257 1912 item
1282 1839 1400 1931 labor,
1427 1842 1511 1912 item
1531 1840 1725 1936 pomulam,

175 1962 250 2030 item
276 1979 439 2056 occupem
465 1961 548 2052 item
575 1955 731 2052 taberna,
758 1961 842 2032 item
860 1961 1100 2052 hortulaniae3
1128 1963 1213 2033 item
1230 1961 1411 2052 praedium
1438 1963 1637 2034 coenobiale
1655 1985 1726 2034 non
1827 1989 1832 1996 ·

177 2087 224 2152 eat
248 2081 306 2152 ibi.
334 2081 424 2153 Item
451 2102 570 2154 omnes
597 2083 673 2172 agri
700 2083 804 2155 villae
832 2082 973 2156 solvunt
999 2082 1167 2183 decimam
1194 2083 1445 2174 manipularem
1472 2089 1509 2156 et
1527 2084 1727 2174 canapalem

177 2223 233 2293 pro
258 2191 408 2274 ecclesia
433 2203 634 2295 parochiali,
661 2211 698 2276 et
724 2205 799 2276 eius
826 2205 974 2296 plebano
1002 2205 1038 2276 in
1064 2203 1346 2297 Wyelic'zlra

272 2304 514 2414 Booznnow,
551 2316 647 2398 uilla
669 2327 904 2418 parochialem
939 2325 1119 2400 ecclesiam
1159 2327 1292 2399 habens
1318 2329 1354 2398 in
1381 2347 1437 2417 se,
1463 2325 1592 2398 Sancto
1619 2325 1726 2398 Petro
1763 2407 1766 2414 ,

178 2445 339 2536 Apostolo
369 2445 535 2537 dicatam,
563 2448 660 2520 cuius
687 2449 885 2539 proprietas
911 2447 956 2520 ad
982 2449 1230 2522 monasterinm
1264 2447 1470 2520 Thinciense
1496 2447 1658 2537 pertinet.
1685 2447 1725 2517 In

178 2569 345 2658 quaeunt
373 2569 496 2658 viginti
517 2575 596 2640 tes
623 2569 715 2644 lanei
742 2571 987 2660 cmethonales,
1013 2575 1050 2643 et
1076 2570 1221 2661 quilibet
1248 2569 1354 2641 solvit
1379 2569 1423 2639 de
1449 2568 1549 2640 laneo
1577 2562 1725 2640 mediam

179 2709 329 2788 marcam,
357 2690 443 2761 item
470 2711 537 2762 ova
563 2691 697 2782 viginti,
724 2692 807 2763 item
834 2691 946 2781 gallos
973 2691 1069 2782 duos,
1097 2693 1181 2762 item
1208 2709 1327 2762 caseos
1351 2688 1459 2780 duos,
1487 2690 1570 2761 item
1598 2709 1725 2779 pernas

178 2809 258 2882 lardi
292 2811 400 2901 duas,
429 2833 494 2902 pro
528 2811 617 2888 festo
653 2814 820 2903 paschae,
856 2813 901 2884 ad
936 2813 1120 2884 arbitrium
1155 2817 1192 2883 et
1218 2811 1431 2883 voluntatem
1458 2797 1615 2900 abbatis3
1640 2811 1725 2882 item

179 2951 307 3004 uaccam
326 2954 431 3004 uuam
460 2932 545 3004 dant
571 2953 636 3024 pro
663 2933 752 3006 festo
771 2933 889 3006 Sancti
907 2933 1015 3023 Petri,
1033 2938 1095 3005 aut
1112 2932 1291 3024 mcunim
1310 2932 1354 3004 ad
1373 2933 1558 3008 arbitrium
1576 2933 1724 3004 abbatis.

178 3051 257 3124 ltem
291 3055 461 3126 tabernae
497 3061 571 3126 tras
610 3052 776 3126 habentes
811 3075 933 3144 agros,
969 3073 1039 3126 una
1074 3054 1180 3126 solvit
1206 3053 1293 3125 duas
1319 3073 1473 3145 marcas,
1500 3054 1613 3125 altera
1639 3053 1725 3125 duas

179 3195 311 3266 marcae,
338 3178 444 3248 tertia
471 3195 574 3246 uuam
601 3195 806 3265 sexagenam
830 3196 906 3246 cum
925 3175 1048 3266 media,
1066 3181 1140 3280 tres
1157 3174 1293 3266 lapides
1311 3177 1396 3266 sepi.
1421 3175 1510 3247 Item
1528 3181 1583 3247 est
1601 3181 1726 3266 quarta
1856 3169 1860 3172 ’

179 3297 314 3368 taberna
341 3317 431 3388 qnae
467 3297 572 3368 solvit
606 3317 709 3368 unam
736 3315 898 3372 marcam.
933 3278 1022 3368 item
1039 3297 1269 3371 ,hortulaniae
1295 3303 1387 3387 tres,
1415 3297 1584 3369 habentes
1612 3317 1725 3387 agrae,

179 3417 257 3490 duae
283 3419 424 3490 solvunt
450 3437 513 3508 per
540 3423 618 3489 octo
645 3423 795 3507 scottos,
813 3419 921 3490 tertia
947 3437 1072 3504 novem
1099 3425 1241 3491 amttos.
1273 3418 1360 3490 Item
1387 3423 1443 3490 est
1467 3419 1518 3489 ibi
1544 3417 1724 3509 praedium

180 3540 326 3610 etcuna
352 3537 462 3627 bona,
489 3537 532 3608 de
559 3539 658 3608 onius
686 3539 779 3628 agris
815 3538 965 3612 solvitur
999 3539 1134 3612 decime
1160 3539 1386 3630 manipularis
1413 3559 1478 3629 pro
1505 3541 1726 3612 monasterio.

135 3745 138 3753 Ι
180 3659 255 3729 lten
289 3681 353 3750 pro
393 3677 498 3730 vacca
533 3657 671 3730 solvunt
706 3659 863 3750 quolibet
897 3679 988 3732 anno
1023 3660 1173 3733 mediam
1200 3681 1371 3750 marram,
1398 3665 1460 3732 aut
1486 3679 1626 3731 vaccam
1660 3681 1725 3750 pro
1814 3695 1818 3700 ·

181 3779 304 3849 abbatis
341 3779 529 3851 voluntate.
569 3779 658 3850 Item
693 3779 738 3850 de
773 3781 932 3854 omnihus
968 3781 1063 3872 agris
1078 3779 1387 3870 :cmethonalibua
1415 3780 1566 3852 solvitur
1592 3780 1725 3852 decima
1804 3812 1813 3834 x

180 3899 394 3990 manipularis
422 3905 458 3971 et
485 3899 660 3990 canapalis
686 3900 851 3973 ecclesiae
869 3902 1061 3992 parochiali
1078 3901 1208 3973 ibidem
1226 3901 1262 3972 in
1282 3901 1548 3991 Bodzanow,
1566 3907 1603 3973 et
1621 3901 1722 3972 valor
1868 3962 1871 3967 .

181 4019 245 4092 eiua
258 4022 474 4093 aestimatur
500 4021 545 4094 ad
572 4022 695 4112 viginti
722 4043 865 4094 marcas.
892 4023 980 4095 ltem
1007 4023 1175 4096 scultetus
1201 4043 1271 4094 non
1299 4027 1361 4093 est.
1401 4022 1487 4093 Item
1516 4042 1581 4112 pro
1608 4023 1722 4094 carni-

181 4141 236 4212 bus
260 4143 413 4233 porcinis
439 4143 586 4214 mediam
614 4163 775 4216 marcam
802 4145 889 4216 Item
917 4165 981 4236 pro
1009 4144 1161 4217 adtenta
1179 4144 1327 4217 'abbatis
1353 4149 1518 4215 tenentur
1544 4143 1628 4215 dare
1654 4143 1724 4214 duo

182 4263 318 4335 actualia
351 4249 536 4354 cervisiae,
564 4271 601 4336 et
628 4269 760 4355 septem
787 4285 967 4338 mensuras
995 4285 1073 4338 cum
1099 4286 1169 4338 uno
1197 4266 1322 4355 choro,
1348 4265 1474 4356 viginti
1501 4270 1577 4336 tres
1603 4263 1724 4356 gallos,

182 4404 272 4456 uuam
298 4375 461 4476 quartam
488 4387 643 4458 carnium
679 4388 892 4460 bovinarum.
928 4386 1089 4460 Oonlinat
1115 4407 1194 4460 curn
1219 4387 1629 4480 Przewyaczyani,
1655 4387 1724 4457 Bi-

183 4505 1724 4602 slrupicze,Zakrzou,Ochmanour,Zlornirog,Zakrzowyecz,Scze·
1800 4539 1804 4546 ·

183 4627 293 4719 glou,
319 4629 536 4721 Zagorze.

195 4815 200 4824 .
274 4750 500 4844 Lnrszrczu,
526 4752 611 4824 villa
638 4749 770 4824 habens
796 4753 832 4823 in
851 4771 889 4824 ae
907 4752 1087 4824 ecclesiam
1106 4752 1351 4844 parochialem,
1369 4751 1557 4824 Nativitati
1576 4751 1723 4823 Sanctae
1857 4779 1860 4785 ¹

185 4865 302 4942 Mariae
329 4873 486 4964 dicatam
512 4895 616 4965 quam
635 4872 895 4946 Gasimirus
922 4873 1162 4946 Secundus
1188 4873 1355 4946 Poloniae
1372 4893 1435 4945 rex
1455 4873 1588 4965 quadro
1607 4873 1722 4963 lapide

185 4987 362 5085 fabricarit,
389 4996 485 5067 cuins
511 4995 710 5087 proprietas
737 4995 781 5067 ad
808 4997 1056 5084 monasterium
1085 4995 1293 5068 Thinciense
1310 4995 1471 5086 pertinet.
1498 4995 1538 5065 In
1557 5013 1625 5085 qua
1643 4997 1724 5063 snut

186 5112 314 5202 triginta
339 5115 432 5212 lanei
459 5117 703 5208 cmethonales,
731 5117 873 5189 inclusis
900 5137 961 5189 sex
988 5118 1109 5208 laneis,
1136 5119 1196 5208 qui
1222 5117 1308 5189 alias
1336 5121 1437 5187 erant
1455 5114 1669 5187 scoltetiales
1687 5118 1724 5185 et

187 5232 301 5306 redacti
326 5244 409 5310 sunt
435 5239 471 5310 in
498 5239 743 5329 cmethonalea,
771 5243 934 5328 exempto
962 5239 1126 5329 scolteto,
1152 5243 1192 5309 et
1218 5239 1365 5329 quilibet
1391 5237 1497 5308 solvit
1522 5255 1588 5326 pro
1616 5254 1721 5305 censu

189 5355 316 5430 mediam
343 5381 509 5436 marcam,
531 5361 620 5432 Item
647 5359 807 5432 scoltetia
833 5367 887 5432 ast
914 5361 981 5451 ibi,
1010 5379 1098 5450 quae
1125 5359 1233 5431 habet
1259 5379 1319 5429 sex
1347 5357 1477 5446 laneos,
1504 5361 1541 5427 et
1566 5355 1610 5426 de
1637 5376 1722 5446 qno-

189 5469 260 5548 libet
291 5501 358 5552 una
392 5501 516 5553 marca.
558 5481 645 5553 ltem
678 5487 751 5553 tres
786 5481 971 5572 tabernae,
998 5480 1087 5551 duae
1114 5499 1179 5569 per
1204 5484 1278 5549 tras
1304 5496 1457 5566 marcas,
1483 5476 1592 5547 tertia
1618 5496 1722 5546 unam

190 5613 381 5692 aragonam,
408 5605 492 5675 item
520 5623 585 5675 oua
613 5603 760 5694 triginti,
788 5603 871 5673 item
898 5601 1009 5691 gallos
1036 5601 1133 5685 duos,
1161 5600 1244 5670 item
1272 5617 1392 5670 caseos
1418 5597 1516 5688 duos,
1542 5599 1626 5668 item
1655 5617 1721 5687 pro

190 5733 278 5792 voca
307 5724 453 5796 mediam
486 5745 637 5796 marcam
657 5725 824 5812 ¹solvunt3
850 5724 933 5794 item
968 5723 1135 5794 tabernae
1169 5720 1258 5790 duae
1293 5720 1462 5793 habentes
1489 5740 1612 5811 agros,
1637 5720 1723 5792 item
