4492 6592
1699 781 1772 854 347

206 990 243 1056 et
272 977 498 1077 canapalem,
524 1007 589 1080 pro
616 985 761 1058 ecclesia
789 991 824 1056 et
850 983 999 1075 plebano
1026 985 1062 1055 in
1088 981 1351 1073 Lamousia,
1378 987 1414 1053 et
1441 983 1540 1054 valor
1566 983 1641 1056 eius
1668 987 1774 1057 aesti-

206 1109 329 1176 matur
358 1105 408 1176 ad
436 1109 587 1196 quatuor
612 1125 756 1177 marcas.
784 1100 945 1176 Confluat
963 1158 1104 1175 ......

316 1223 624 1316 WrsuazurczA‚
651 1225 734 1297 villa
752 1225 816 1298 sub
835 1224 1000 1316 parocbia
1026 1223 1193 1296 eeclesiae
1220 1221 1265 1294 de
1290 1221 1550 1314 honorabo,
1577 1225 1674 1297 cuius
1691 1247 1773 1317 pro·

205 1347 348 1436 prietas
380 1345 439 1417 ad·
452 1345 731 1417 sanctimoniales
757 1345 1012 1418 Sandeczcnses
1038 1344 1203 1435 pertinet.
1222 1343 1287 1413 ¹·In
1317 1362 1385 1434 qua
1418 1365 1507 1416 unus
1533 1345 1772 1418 tantummodo
1893 1405 1898 1412 .

205 1467 345 1557 laneus,
376 1468 436 1558 qui
463 1461 567 1538 solvit
593 1486 657 1558 pro
685 1487 789 1538 censu
817 1470 895 1538 octo
923 1471 1063 1555 scottos,
1091 1460 1178 1536 duos
1198 1485 1328 1555 caseos,
1354 1485 1460 1537 unam
1481 1466 1621 1558 gallum,
1648 1469 1772 1560 viginti

206 1607 287 1676 ova;
316 1587 407 1658 item
430 1588 570 1658 ratione
597 1585 733 1682 oaaapcp
761 1585 865 1658 solvit
891 1603 995 1658 unam
1023 1605 1219 1656 mensuram
1246 1585 1405 1676 siliginis,
1432 1586 1517 1659 duas
1541 1608 1672 1659 avenae
1692 1609 1772 1661 con-
1806 1593 1813 1600 '

205 1706 331 1798 sertas,
361 1713 400 1778 et
427 1712 575 1798 quatuor
601 1727 752 1798 grossos3
779 1708 863 1779 item
892 1707 1028 1780 cmctlro
1055 1704 1233 1798 praefatus
1260 1727 1329 1777 oon
1355 1706 1454 1789 lacit
1464 1707 1599 1798 aliquos
1625 1707 1784 1800 laboreq.

205 1847 324 1918 neque
356 1829 557 1900 solutiones.
583 1827 671 1900 Item
690 1827 849 1900 scoltetia
867 1833 930 1919 est
957 1828 1089 1900 habens
1107 1847 1213 1898 unum
1239 1826 1377 1898 laneum
1399 1827 1557 1919 liberum,
1584 1835 1620 1901 et
1636 1836 1772 1903 ‘sextum

205 1950 401 2022 denarium
427 1948 470 2020 de
497 1969 611 2021 censu.
655 1949 742 2021 Item
778 1949 947 2021 tabernae
983 1969 1052 2020 non
1081 1951 1179 2038 sunt,
1215 1947 1299 2028 item
1331 1948 1548 2021 hortulaniae
1585 1972 1654 2022 non
1681 1955 1771 2024 sunt.

203 2067 296 2140 Item
326 2069 375 2141 de
403 2069 497 2159 agris
525 2069 717 2142 cmetbonis
746 2075 782 2140 et
809 2069 945 2140 scolteti
981 2067 1129 2140 solvitur
1155 2073 1191 2139 et
1218 2067 1423 2139 conducitur
1454 2068 1588 2141 decima
1614 2071 1770 2162 manipu-

204 2189 293 2260 larIs
323 2195 364 2260 ct
391 2190 567 2281 canapalis
594 2190 759 2262 ecclesiae
786 2195 821 2261 et
847 2189 996 2281 plebano
1023 2187 1343 2280 inhonorato,
1375 2194 1411 2260 et
1437 2189 1536 2262 valor
1562 2191 1635 2263 eius
1663 2193 1768 2264 aesti-
1839 2239 1871 2280 -,
1981 2231 1994 2242 ·

207 2317 327 2382 matur
357 2310 403 2382 ad
431 2311 517 2383 duas
544 2331 689 2383 marcas.
717 2309 877 2383 Confluat
904 2329 980 2382 cum
1000 2364 1114 2380 .....

205 2470 212 2480 -
317 2429 602 2522 KamvnnvczA,
636 2430 720 2503 villa
745 2429 877 2502 babens
904 2430 940 2500 in
968 2449 1005 2502 se
1032 2428 1212 2500 ecclesiam
1239 2413 1471 2520 parochialem
1498 2431 1658 2524 ligneam,
1676 2431 1771 2506 Sao-

105 2642 106 2655 *
209 2555 289 2622 ctae
317 2550 459 2622 Mariae
486 2547 624 2642 Virgini
651 2539 813 2655 dicatam3
839 2549 941 2625 huius
968 2549 1071 2622 villae
1093 2551 1291 2640 proprietas
1308 2551 1353 2623 ad
1371 2553 1618 2624 monasterium
1644 2555 1772 2627 sancti·
1879 2604 1884 2612 -

210 2671 418 2744 monialium
447 2671 482 2742 in
510 2671 718 2761 Antiqua
745 2670 951 2742 Sandecz
978 2671 1141 2761 pertinet.
1167 2669 1208 2740 In
1236 2675 1304 2761 qua
1330 2677 1411 2744 sunt
1435 2674 1558 2764 viginti
1585 2673 1655 2747 duo
1681 2675 1771 2746 lanei

105 2821 106 2824 Ν
212 2792 465 2882 cmethonalcs‚
494 2791 554 2864 sed
582 2809 705 2864 census
723 2813 792 2864 non
811 2796 865 2864 est
883 2770 1075 2882 unitormisj
1100 2811 1180 2862 nam
1208 2791 1395 2864 secundom
1423 2795 1651 2884 quantitatem
1670 2816 1771 2886 agro·

212 2933 289 2983 rum
319 2913 587 2985 diversificatur.
613 2911 700 2984 Item
729 2912 875 3004 quilibet
900 2911 1005 2985 solvit
1029 2911 1165 2983 ratione
1192 2934 1329 3008 aarayep
1355 2934 1457 2985 unam
1485 2937 1681 2988 mensnram
1699 2916 1771 2988 sili-

212 3033 315 3126 ginis
344 3033 434 3106 duas
461 3053 590 3108 avenae
617 3033 791 3106 confertas
819 3037 854 3105 et
882 3041 1032 3124 quatuor
1058 3053 1208 3123 grossos.
1247 3033 1334 3105 Item
1363 3035 1522 3107 scoltetia
1547 3043 1612 3127 est,
1638 3037 1771 3108 babens

212 3153 301 3224 duos
328 3155 452 3227 laneos
478 3155 617 3247 liberos,
644 3161 681 3227 et
696 3135 842 3228 'sextum
870 3153 1050 3226 denarium
1078 3153 1120 3225 de
1148 3173 1270 3245 mrsu,
1297 3155 1379 3227 item
1406 3157 1513 3228 habet
1538 3158 1770 3229 molendinum

213 3273 356 3369 bonum,
384 3277 467 3348 item
494 3295 597 3348 unam
623 3277 814 3348 tabernam.
857 3273 945 3348 Item
974 3275 1174 3347 cmetbones
1200 3273 1331 3366 donant
1357 3297 1400 3348 ex
1418 3279 1665 3350 consvetudine
1692 3299 1771 3371 san-

215 3395 475 3469 ctimonialibus
501 3397 623 3488 gallos.
648 3397 737 3470 item
765 3395 944 3489 praedium
972 3417 1041 3468 non
1068 3401 1131 3468 est.
1157 3395 1245 3468 Item
1264 3417 1332 3468 non
1359 3397 1490 3470 iaciunt
1517 3398 1651 3490 aliquos
1677 3399 1772 3470 labo-
1915 3459 1922 3472 .

215 3535 280 3586 res.
308 3517 401 3590 Item
427 3517 561 3592 decima
587 3524 641 3591 est
666 3519 702 3590 in
730 3517 850 3591 eadem
878 3515 962 3590 villa
988 3515 1169 3589 lertonalis
1196 3537 1260 3608 pro
1287 3519 1448 3611 episcopo
1477 3517 1708 3611 cracoviensi,
1735 3525 1771 3592 et

216 3635 320 3708 solvit
348 3639 496 3730 quilibet
522 3639 565 3711 de
592 3639 693 3712 laneo
719 3660 825 3711 unum
852 3637 1022 3710 fertonem
1049 3637 1198 3709 latorum
1225 3659 1436 3730 grossorum.
1463 3638 1622 3713 Confluat
1640 3697 1753 3715 .....

292 3753 521 3851 'Znaumm
561 3759 645 3832 villa
672 3761 736 3832 sub
763 3759 928 3850 parochia
954 3757 997 3828 de
1024 3755 1344 3850 Oamycnicaa,
1381 3761 1477 3832 cuias
1504 3761 1700 3852 proprietas
1727 3761 1771 3832 ad
1912 3833 1915 3841 ,

217 3881 499 3955 sanctimoniales
525 3879 781 3953 Sandeczenses
808 3879 968 3970 pertinet.
1013 3877 1054 3950 In
1082 3899 1150 3968 qua
1176 3885 1258 3950 sunt
1294 3885 1373 3950 octo
1400 3881 1492 3952 lanei
1529 3879 1771 3972 cmetbonales‚

218 3999 278 4071 sed
304 4021 432 4073 census
459 4021 527 4073 non
555 4005 610 4072 est
636 3999 827 4089 uniformis,
854 3997 916 4071 sed
939 3999 1126 4071 secundum
1154 4001 1383 4090 quantitatem
1412 4021 1574 4091 agrorum
1601 4000 1771 4074 diversifi-

219 4125 327 4192 catur.
355 4121 444 4194 Item
471 4121 577 4193 solvit
604 4121 749 4211 quilibet
775 4119 911 4192 ratione
938 4141 1075 4216 ossayep
1101 4140 1205 4192 unam
1224 4141 1419 4202 mensuram
1447 4121 1604 4214 siliginis
1631 4129 1667 4194 et
1684 4121 1771 4194 duas

219 4257 350 4313 avenae
377 4229 560 4333 conlertas
588 4248 623 4313 et
650 4247 801 4334 quatuor
826 4258 977 4333 grossos.
1017 4241 1105 4314 Item
1133 4242 1291 4315 scoltetia
1318 4249 1372 4316 est
1399 4244 1434 4315 in
1462 4243 1580 4337 eadem
1609 4243 1707 4334 villa,
1735 4249 1771 4315 et
1850 4267 1856 4277 ·

219 4358 324 4434 babet
351 4383 455 4435 unum
483 4363 620 4434 laneum
647 4363 813 4453 liberum,
841 4368 877 4435 et
903 4367 1039 4434 sertum
1066 4363 1247 4436 denarium
1274 4363 1318 4436 de
1345 4385 1470 4456 censu;
1504 4367 1587 4437 item
1614 4366 1771 4458 taberna,

220 4479 301 4553 item
329 4483 525 4574 hortulani;
562 4485 645 4557 item
673 4484 853 4576 praedium
882 4505 951 4555 non
978 4489 1042 4556 est.
1085 4483 1174 4556 Item
1201 4505 1269 4556 non
1296 4485 1427 4558 faciunt
1453 4486 1588 4578 aliquos
1614 4485 1772 4574 labores3

220 4601 303 4674 item
330 4603 465 4681 decima
490 4610 544 4677 est
570 4605 605 4676 in
634 4605 753 4677 eadem
780 4605 864 4677 villa
890 4603 1071 4678 lertonalis
1098 4627 1163 4698 pro
1190 4605 1352 4697 episcopo
1379 4604 1613 4698 Oracoviensi,
1640 4613 1677 4680 et
1703 4605 1772 4679 sol-

222 4723 271 4795 vit
297 4725 445 4817 quilibet
471 4725 514 4798 dc
540 4726 641 4799 laneo
677 4747 741 4819 pro
769 4705 902 4800 decima
937 4749 1041 4800 unum
1068 4726 1239 4800 fertonem
1274 4728 1423 4801 latorum
1458 4749 1659 4819 grossorum
1686 4726 1772 4801 Pra-

106 4879 107 4890 .
223 4848 387 4932 gensium.
415 4845 574 4919 Continet
601 4867 676 4920 cum
697 4903 811 4919 .....

324 4967 573 5040 Prsanuurua
601 4963 756 5060 Wonrin,
783 4967 865 5040 villa
888 4970 952 5041 sub
971 4969 1138 5059 parochia
1164 4969 1330 5042 ecclesiae
1357 4969 1399 5042 de
1426 4969 1666 5043 Ilanczflko
1693 4972 1772 5062 sita,

225 5088 318 5160 cuius
345 5090 541 5180 proprietas
568 5095 605 5162 et
632 5089 820 5162 dominium
847 5067 891 5160 ad
919 5089 1198 5162 sanctimoniales
1225 5091 1386 5180 pertinet.
1412 5091 1453 5162 In
1481 5113 1547 5182 qua
1567 5095 1647 5162 sunt
1674 5091 1772 5182 quln-

227 5225 289 5294 que
315 5209 408 5281 lanei
435 5209 686 5302 cmetbonales‚
722 5211 918 5302 dequibus
946 5211 1201 5284 diversificatur
1233 5233 1355 5284 census
1383 5211 1569 5283 secundum
1597 5213 1772 5303 quantita-

225 5330 291 5400 tem
319 5349 504 5421 agrorum3
540 5333 622 5404 item
651 5332 789 5404 solvunt
817 5353 922 5403 unum
948 5331 1096 5422 gallum,
1133 5331 1221 5404 duos
1248 5353 1386 5423 caseos,
1415 5329 1639 5424 viginti'ova.
1684 5335 1772 5406 Item

226 5443 383 5521 laborant
402 5449 588 5545 powobarn
614 5473 677 5542 pro
705 5473 786 5525 vere
813 5457 849 5524 et
876 5453 1007 5542 hyeme.
1043 5453 1130 5524 Item
1158 5459 1299 5526 tenetur
1339 5454 1484 5545 quilibet
1511 5454 1554 5526 de
1581 5455 1681 5526 laneo
1709 5477 1772 5546 pro

227 5564 416 5643 Nativitate
443 5570 575 5644 Christi
611 5595 716 5645 unum
753 5595 891 5645 currum
927 5573 1100 5662 lignorum
1138 5575 1272 5647 ducere.
1317 5555 1405 5646 Item
1432 5577 1579 5647 taberna
1614 5599 1683 5648 non
1710 5583 1774 5650 est.
