4492 6592
487 728 579 801 ·376

506 954 689 1021 accensus,
716 936 752 1003 et
778 932 985 1022 multiplicia
1010 932 1128 1005 divina
1154 933 1189 1003 in
1216 955 1253 1005 se
1280 940 1420 1024 praeter
1447 954 1543 1025 spem
1570 934 1697 1006 collata
1722 933 1909 1023 beneficia,
1936 954 2044 1005 secum

502 1054 685 1126 revolvens
712 1059 816 1143 atque
851 1053 1093 1144 dinumerans,
1125 1055 1197 1125 suis
1225 1076 1262 1125 se
1289 1055 1348 1145 pia
1374 1056 1542 1145 religione
1569 1060 1822 1145 coaequaturus
1850 1055 2045 1144 praedeces-

366 1196 373 1205 ·
502 1174 650 1266 sonibus,
675 1176 923 1245 monasterium
948 1176 985 1247 iu
1011 1182 1109 1247 terra
1137 1176 1417 1265 Sandomiriensi,
1444 1178 1541 1247 iuxta
1567 1176 1730 1267 oppidum
1763 1175 2048 1266 Coprzywni-

398 1334 403 1343 ·
501 1317 598 1386 oza,
624 1301 661 1365 ct
696 1296 738 1367 de
774 1316 882 1386 prope
917 1295 1058 1367 fluvium
1092 1296 1448 1387 Coprzywuicza
1482 1318 1572 1368 anno
1607 1296 1746 1367 Domini
1786 1298 1883 1368 1185
1922 1296 2046 1385 fundat,

500 1416 605 1506 erigit
631 1419 735 1505 atque
761 1416 862 1504 locat,
888 1415 1136 1507 ecclesiamque
1163 1416 1198 1488 in
1225 1417 1391 1489 honorem
1418 1416 1675 1508 Omnipotentis
1702 1418 1775 1508 Dei,
1802 1423 1839 1487 et
1866 1418 1932 1489 sub
1952 1416 2047 1487 titulo

348 1546 370 1575 '⁶
501 1536 621 1608 Sancti
647 1536 801 1607 Floriani
827 1536 1004 1627 martyris,
1030 1538 1128 1609 cuius
1155 1558 1280 1628 corpus
1306 1538 1480 1649 integrum
1507 1538 1550 1609 ad
1578 1538 1762 1627 petitiones
1789 1558 1869 1608 suas
1898 1537 1968 1609 sibi
1994 1557 2049 1626 per

380 1721 382 1724 ,
500 1657 688 1728 Lucium
715 1677 840 1747 papam
866 1656 1019 1747 tertium,
1045 1662 1083 1729 et
1107 1679 1171 1748 per
1197 1657 1443 1749 Aegidium
1471 1658 1706 1731 Mutinensem
1732 1660 1944 1748 episcopum,
1974 1679 2049 1747 apo·

500 1777 658 1849 stolicum
685 1777 843 1849 nuntium
879 1779 1120 1850 transmissum
1157 1785 1360 1870 susceperat
1394 1800 1485 1851 auno
1511 1778 1651 1850 Domini
1677 1780 1834 1868 proxime
1861 1784 2048 1867 transacto,

500 1898 634 1988 quadro
660 1897 786 1988 lapide,
811 1898 895 1969 item
922 1897 1077 1971 officinas
1103 1904 1141 1971 et
1168 1900 1282 1989 cellas,
1309 1900 1573 1989 habitaculaque
1600 1898 1744 1970 claustri
1771 1920 1871 1969 muro
1900 1899 2050 1988 propriis

500 2020 695 2109 sumptibus
721 2017 878 2109 lubricat,
904 2024 940 2090 ct
965 2020 1001 2090 in
1028 2018 1145 2091 dotem
1172 2022 1374 2092 monasterii
1400 2020 1547 2111 praefati
1574 2018 1737 2111 oppidum
1765 2018 2052 2112 Coprzywni-

500 2161 589 2230 cza,
616 2162 693 2210 cum
720 2161 783 2211 suo
809 2139 915 2211 fundo
941 2144 978 2211 et
1003 2141 1225 2230 pertinentiis
1252 2142 1333 2231 suis,
1361 2142 1443 2212 item
1471 2142 1574 2213 villas
1601 2140 1741 2212 ducales
1759 2140 1877 2231 donat,
1897 2141 2052 2231 largitur,

500 2267 536 2331 et
562 2260 733 2350 inscribit,
760 2240 1059 2351 libertatibusque,
1085 2262 1278 2353 privilegiis
1304 2257 1417 2333 locum
1444 2258 1556 2351 ipsium
1584 2262 1629 2333 ab
1656 2262 1748 2331 omni
1775 2262 1968 2352 servitute,
1996 2282 2052 2332 au·

498 2382 616 2471 garis,
643 2380 774 2453 tributo
809 2387 847 2452 et
872 2354 988 2472 datia,
1014 2388 1051 2453 et
1077 2382 1233 2473 qualibet
1258 2383 1439 2454 exactione
1466 2383 1588 2454 eximit
1614 2388 1652 2454 et
1678 2382 1831 2473 insignit.
1870 2381 1929 2453 Ad
1956 2384 2052 2454 cuius

499 2502 701 2592 ampliorem
736 2501 853 2573 dotem
889 2502 1023 2575 nobiles
1050 2509 1086 2574 et
1113 2502 1282 2575 militares
1309 2502 1352 2575 de
1379 2504 1484 2575 armis
1512 2502 1726 2596 Bogorya
1752 2509 1789 2574 et
1815 2502 2052 2592 Habdanlr,

497 2627 534 2693 et
559 2621 638 2693 aliis
664 2622 802 2693 familiis
828 2626 865 2693 et
891 2622 1058 2715 domibus,
1087 2624 1188 2695 villas
1215 2644 1303 2714 suas,
1332 2630 1445 2697 sortes
1472 2630 1509 2696 et
1535 2622 1679 2715 praedia
1705 2625 1939 2696 contulerunt.
1966 2624 2052 2695 Con-

498 2743 604 2815 cessit
630 2748 746 2815 autem
773 2742 951 2834 praelatus
978 2743 1237 2816 Casimirus
1264 2744 1428 2816 Polouiae
1454 2744 1524 2816 dux
1550 2750 1587 2815 et
1612 2746 1809 2835 monarcha,
1836 2745 1968 2836 oppido
1987 2742 2051 2816 Co

169 2877 179 2923 >
498 2864 798 2956 przywnicza
832 2885 917 2935 ase
944 2864 1088 2955 collato,
1115 2866 1199 2951 item
1226 2865 1318 2937 villis
1345 2864 1455 2938 eidem
1493 2865 1704 2937 monasterio
1732 2864 2052 2957 Coprzywniczensi

498 2983 634 3056 collatis
661 2990 697 3056 et
724 2984 951 3076 conferendis,
977 2985 1173 3076 singulares
1199 2991 1236 3057 et
1262 2986 1462 3076 magnificas
1480 2986 1670 3075 libertates,
1689 2986 1928 3077 privilegians,
1946 2986 2048 3059 liber-

497 3112 577 3176 tans
604 3110 640 3176 et
666 3106 849 3179 absolvens
875 3106 1012 3197 singula
1038 3107 1130 3177 bona
1157 3108 1358 3181 monasterii
1386 3104 1575 3196 praedicti,
1601 3112 1672 3178 tam
1701 3108 1921 3198 praeseutia,
1950 3129 2048 3199 quam

366 3326 370 3333 Ι
495 3225 624 3317 lutura,
650 3227 694 3297 ab
721 3227 814 3297 omni
840 3246 946 3299 onere
971 3226 1123 3317 dominii,
1143 3228 1295 3318 angaria,
1322 3228 1454 3299 tributo
1481 3233 1517 3299 et
1543 3228 1730 3317 servitute;
1754 3227 1883 3300 batres
1911 3230 2050 3319 insuper

498 3346 630 3417 ordinis
665 3344 906 3419 cisterciensis
942 3368 985 3419 ex
1020 3348 1231 3421 monasterio
1260 3348 1572 3431 Morimuudiuensi
1600 3370 1643 3420 ex
1671 3346 1782 3421 Callis
1810 3355 1992 3439 sumptos,
2017 3352 2048 3419 iu

497 3468 707 3539 monasterio
742 3467 900 3557 praelato
927 3467 1247 3561 Coprzywniczensi
1274 3491 1384 3553 novae
1412 3466 1624 3542 fundationis
1650 3470 1789 3541 locavit.
1825 3470 1910 3542 Fuit
1938 3475 2046 3541 autem

499 3589 631 3679 primus
658 3590 857 3660 monasterii
893 3589 1065 3680 praedicti
1099 3591 1208 3663 abbas
1235 3590 1524 3665 Theodrieus
1551 3614 1594 3663 ex
1621 3593 1832 3664 monasterio
1858 3590 2048 3663 Morimun-
2141 3580 2143 3621 l

498 3709 633 3781 diuensi
661 3709 696 3780 in
724 3710 883 3782 abbatem
911 3709 1273 3803 Coprzywniczensem
1301 3708 1501 3803 designatus
1519 3719 1556 3784 et
1574 3713 1736 3785 directus.
1763 3710 1920 3786 Contulit
1937 3718 2047 3785 autem
2141 3700 2143 3767 l

496 3832 708 3929 monasterio
743 3831 921 3921 praedicto
957 3827 1277 3924 Coprzywniczen'si
1313 3834 1455 3906 Fulco
1492 3834 1674 3931 episcopus
1711 3833 1973 3925 Cracovieusis‚
1999 3836 2046 3905 vir
2141 3820 2143 3843 ¹

493 3951 623 4023 nobilis
658 3951 702 4023 de
727 3973 857 4043 genere
883 3958 919 4023 et
945 3951 1076 4024 familia
1102 3953 1333 4045 Vulpium‚
1361 3954 1404 4026 ad
1432 3954 1596 4045 suplicem
1624 3956 1826 4044 petitionem
1854 3962 1892 4025 et
1920 3956 2048 4027 instan-

495 4074 580 4144 tiam
608 4063 830 4145 Ca'simiri
861 4074 1010 4164 praefati
1037 4060 1135 4146 ducis
1163 4080 1199 4146 et
1226 4076 1325 4166 regni
1352 4076 1518 4147 Polouiae
1546 4076 1772 4165 monarchae,
1800 4076 1955 4149 decimus
1981 4097 2047 4147 mu·
2142 4096 2143 4127 1

494 4194 672 4284 nipulares
699 4214 839 4266 mensae
865 4214 949 4267 suae
975 4196 1181 4286 episcopalis
1208 4196 1244 4267 in
1263 4197 1390 4287 oppido
1409 4195 1467 4268 Co
1479 4198 1782 4287 przywnicza,
1801 4198 1886 4268 item
1905 4198 1943 4268 in
1961 4197 2047 4269 uillis

495 4314 816 4405 Stranczkow,
851 4314 1204 4408 Szoszniczani,
1233 4315 1502 4408 Czissycza,
1538 4317 1852 4408 Swinszycza,
1890 4317 2048 4410 Pyela-
2142 4306 2143 4353 ³

496 4457 620 4525 szow,
647 4436 839 4508 Sdanow
866 4442 902 4507 et
927 4436 1161 4508 Skotbnik
1170 4460 1212 4530 y,
1239 4444 1275 4509 et
1302 4460 1359 4510 eas
1387 4438 1597 4510 monasterio
1625 4437 1780 4529 praelato
1808 4438 1851 4509 de
1879 4458 2049 4510 consensu
2142 4492 2143 4499 κ

495 4558 549 4658 sui
576 4557 718 4647 capituli
744 4556 983 4631 Cracoriensis
1010 4564 1180 4649 perpetuo
1199 4558 1357 4651 'donavit
1385 4564 1420 4631 et
1446 4560 1641 4651 inscripsit,
1669 4570 1722 4631 eu¹
1739 4580 1884 4649 quarum
1914 4559 2049 4651 quidem
2142 4582 2143 4663 3

495 4678 705 4749 decimarum
741 4678 945 4770 donatione,
979 4679 1171 4773 amplitudo
1207 4700 1332 4771 magna
1368 4680 1567 4753 donationis
1600 4680 1793 4753 coenobiali
1819 4682 1988 4771 accessit,
2015 4688 2050 4752 ut
2142 4668 2143 4707 ἶ

494 4805 577 4890 pote
605 4820 692 4893 quae
720 4800 970 4893 proprietatem
997 4780 1034 4873 et
1058 4790 1207 4873 fructum
1235 4807 1339 4892 atque
1366 4823 1504 4874 censum
1533 4802 1651 4893 oppidi
1678 4807 1715 4873 ct
1733 4801 1903 4893 villarum,
1922 4804 1960 4874 in
1979 4802 2049 4895 qui-

429 5001 436 5009 ·
494 4922 559 4994 bus
586 4921 740 4995 decimae
766 4924 968 5013 consistunt,
996 4923 1335 5014 supergrediebatur.
1371 4922 1526 4996 Contulit
1552 4924 1695 5015 iusuper
1721 4922 1900 5015 praelatus
1928 4922 2048 4997 Casi-

494 5046 638 5118 mirus
673 5044 744 5118 dux
780 5048 816 5115 et
841 5042 1006 5117 Polouiae
1032 5046 1238 5136 monarcha,
1266 5045 1452 5135 primarius
1480 5044 1563 5117 dicti
1591 5032 1793 5117 monesterii
1820 5042 1990 5118 fundator
2016 5052 2047 5116 et

495 5160 655 5259 dotatur,
690 5167 726 5240 in
762 5166 846 5239 dicti
865 5167 1085 5247 ‚monasterii
1121 5166 1441 5259 Coprzywuiceusis
1467 5166 1598 5259 prima,
1625 5172 1662 5237 et
1688 5167 1819 5239 receuti
1846 5166 2046 5239 fundatione

494 5288 630 5361 alveum
657 5288 749 5380 salis,
776 5288 812 5360 in
840 5288 1023 5361 salifodina
1049 5288 1085 5359 in
1112 5286 1276 5379 Magno
1304 5287 1421 5379 Sale,
1450 5288 1508 5379 qui
1535 5288 1631 5359 locus
1658 5309 1749 5360 nunc
1776 5286 1820 5358 W
1830 5288 2048 5378 yeliczku

395 5436 404 5493 g
494 5409 628 5500 vulgari
657 5410 888 5502 appellatione
923 5409 1140 5499 intitulatur,
1168 5397 1336 5501 insignem
1364 5414 1400 5481 et
1427 5430 1495 5482 non
1521 5408 1699 5500 vudgarem
1726 5408 1905 5501 praedicto
1933 5430 2048 5482 mona-
2142 5442 2143 5445 ¹

495 5531 602 5602 sterio
629 5530 756 5623 dotem,
783 5531 985 5603 foecundum
1012 5532 1158 5606 cientem
1186 5516 1334 5621 ventum,¹
1355 5538 1391 5604 et
1418 5531 1630 5603 monasterio
1658 5536 1924 5621 quaestuosum,
1955 5532 2048 5603 curius

493 5648 634 5723 donatio
669 5653 735 5724 soli
770 5652 919 5743 principi
954 5657 990 5724 et
1004 5635 1222 5727 ¹monarchae
1249 5652 1348 5744 regni
1375 5649 1540 5725 Polouiae
1567 5654 1789 5745 congruebat.
1830 5651 1990 5727 Contudit
2014 5657 2047 5724 et
2142 5638 2143 5643 ‘
