4492 6592
1672 771 1740 840 131

197 991 315 1061 panes,
342 991 448 1045 unum
477 971 613 1044 oetaale
641 971 822 1044 cervisiae
859 969 946 1044 Cum
972 977 1085 1046 autem
1114 973 1260 1044 eeclesia
1286 973 1496 1062 parochialis
1522 975 1558 1045 in
1576 972 1748 1065 Pyandzi-

197 1112 282 1162 orov
317 1091 459 1162 humilis
496 1096 532 1162 ct
557 1090 760 1180 imperfecta
794 1091 902 1181 foret,
924 1093 1080 1168 ,eborum
1118 1069 1256 1183 quidem
1283 1095 1358 1164 eius
1394 1101 1431 1166 et
1457 1096 1651 1167 sacristiam
1679 1117 1775 1169 non·

198 1213 310 1302 movit,
339 1233 452 1302 neque
471 1213 670 1304 ampliavit,
695 1213 756 1284 sed
775 1221 927 1299 veterem
946 1215 1121 1306 supplevit
1139 1221 1176 1286 et
1193 1199 1440 1306 testudiuavit‚
1468 1237 1613 1307 corpore
1631 1223 1747 1288 tamen
1774 1254 1779 1261 ·

176 1334 300 1406 *veteri
328 1333 496 1404 demolito
523 1355 648 1404 novum
676 1333 881 1406 fabricatum
909 1340 963 1407 est
981 1336 1089 1424 magis
1116 1337 1221 1408 latius
1248 1342 1284 1408 et
1302 1338 1496 1428 extensius,
1524 1339 1615 1428 quod
1643 1340 1748 1410 etiam

196 1453 443 1542 metudinatum
473 1474 548 1526 cum
568 1453 729 1524 sacristia
755 1459 791 1524 et
809 1454 954 1526 libraria
979 1454 1183 1545 fabricavit,
1210 1461 1246 1526 et
1263 1457 1377 1545 lapide
1404 1458 1483 1528 albo
1502 1460 1748 1530 monasterium

197 1554 446 1664 laqueorum,
473 1579 510 1644 et
537 1574 788 1663 pulcherrimas
816 1575 937 1648 stabas
965 1576 1173 1665 caminatas,
1208 1577 1368 1664 cellaria,
1404 1578 1508 1648 cellas
1535 1584 1571 1647 et
1597 1580 1748 1649 ambitus

196 1694 428 1766 testudinatos
464 1695 664 1784 constituit,
709 1697 907 1768 coemeterii
943 1717 1079 1786 quoque
1123 1697 1342 1768 latitudinem
1378 1719 1476 1770 muro
1513 1679 1748 1770 circumdedit.

197 1815 351 1886 Providit
379 1816 523 1905 insuper
550 1817 760 1890 monasterio
779 1815 956 1905 praefato,
983 1817 1025 1888 de
1049 1817 1168 1906 libris,
1195 1818 1378 1906 calicibus,
1410 1820 1587 1908 crucibus,
1614 1819 1749 1907 casulis,

110 1997 114 2002 .
198 1938 320 2026 cappis,
349 1937 568 2025 choralibus,
597 1937 781 2026 campanis,
809 1937 1027 2027 imaginibus,
1053 1943 1091 2008 et
1109 1959 1243 2010 omrrem
1272 1939 1517 2028 sepellectilem
1545 1942 1748 2010 monasterii

198 2055 341 2147 praelati
351 2056 490 2128 efficere
504 2064 647 2128 conatus
666 2057 899 2147 estfflulgidam
917 2065 954 2128 et
968 2059 1150 2129 lucentem.
1177 2058 1315 2137 Primus
1329 2067 1443 2159 autom
1457 2060 1525 2130 luit
1538 2058 1634 2150 prior
1649 2061 1751 2131 Nico‘-

198 2179 267 2250 laus
293 2178 338 2247 de
357 2178 613 2267 Borainow,
630 2179 694 2248 -vir
722 2184 898 2268 spectatae
917 2179 1077 2267 virtutis,
1104 2180 1198 2250 vitae
1212 2181 1357 2268 pudicae
1385 2187 1422 2249 et
1439 2182 1661 2270 exemplaris,
1689 2183 1747 2272 qui

198 2297 473 2387 anniapluribus
501 2299 748 2368 monasterium
776 2277 870 2368 illud
885 2298 1144 2388 administrans,
1171 2300 1338 2388 plurimas
1366 2301 1432 2389 illi,
1460 2309 1496 2371 et
1514 2303 1549 2372 in
1568 2303 1749 2372 vinearum
1876 2318 1879 2324 ·

199 2425 232 2488 et
247 2420 280 2488 in
309 2420 544 2507 pomeriorum
573 2419 806 2508 plantatione,
834 2425 871 2488 et
887 2419 923 2488 in
952 2421 1059 2490 muris
1086 2425 1122 2490 et
1150 2421 1185 2490 in
1204 2416 1371 2512 aediliciis
1398 2424 1576 2510 praestitit
1602 2443 1751 2498 commo-

198 2541 338 2628 ditates,
366 2546 405 2610 et
431 2540 586 2629 porticus
612 2540 686 2631 eins
714 2561 755 2610 ao
782 2541 1024 2616 coemeterium
1043 2561 1085 2611 ex
1104 2561 1202 2612 muro
1222 2540 1385 2630 fabricas
1412 2544 1611 2614 monasterii
1631 2551 1746 2616 autem

101 2667 102 2720 1
199 2659 340 2750 praelati
359 2660 452 2735 tales
470 2661 504 2732 in
525 2661 639 2749 specie
667 2661 838 2744 habentur
856 2660 1023 2749 decimae,
1049 2661 1215 2732 introitus
1233 2666 1270 2731 et
1295 2669 1494 2752 proventus.

101 2755 103 2768 ’
297 2780 583 2854 monasterium
611 2779 994 2874 Pyandziozovlenae
1021 2801 1144 2854 versus
1170 2787 1304 2872 partem
1328 2784 1532 2856 orientalem
1551 2789 1748 2874 pomectum

101 2879 103 2890 ι
201 2904 232 2972 in
256 2903 370 2991 basso,
400 2909 436 2974 et
462 2903 561 2994 iusta
588 2903 843 2990 coemeterium,
869 2906 924 2972 est
951 2901 995 2974 ad
1022 2922 1142 2974 omnes
1159 2910 1289 2993 partes,
1308 2905 1452 2976 orientis
1471 2905 1642 2995 videlicet,
1661 2906 1751 2976 ocei-

201 3023 317 3113 deutis
344 3015 468 3110 austri
488 3029 523 3094 et
550 3024 797 3112 septentrionis
826 3023 1017 3113 aequaliter
1044 3025 1168 3112 situm3
1195 3025 1326 3097 babens
1354 3032 1491 3115 aparte
1509 3026 1749 3098 meriodionali

202 3150 234 3214 et
257 3143 421 3214 orientali
449 3143 604 3232 pomaria
631 3149 667 3216 et
685 3143 817 3232 vineas,
836 3149 1060 3233 caeterasque
1079 3142 1321 3235 plantationes,
1349 3166 1370 3216 a
1391 3151 1492 3234 parte
1511 3167 1593 3219 vero
1612 3153 1749 3235 septen-

101 3335 103 3354 ,
200 3265 332 3336 ulouali
361 3265 496 3336 curiam
524 3265 775 3350 coenobialem,
803 3265 838 3336 in
866 3285 940 3356 qua
961 3270 1212 3337 conservantur
1238 3261 1381 3357 peoora,
1411 3289 1493 3340 oves
1521 3274 1557 3339 et
1584 3270 1748 3356 iumenta,

101 3365 103 3392 '
203 3391 403 3476 meteraque
429 3387 474 3458 ad
501 3407 599 3458 usum
627 3387 828 3457 monasterii
856 3377 1068 3476 pertinentia
1095 3387 1357 3478 suppellectilia,
1385 3391 1442 3459 cui
1460 3390 1679 3461 coniunctum
1699 3394 1751 3460 est

101 3533 103 3540 ·
204 3507 372 3602 borreum,¹
399 3509 433 3580 in
462 3507 555 3597 quod
580 3506 830 3608 frumentorum
856 3513 936 3581 sata
962 3512 998 3578 et
1024 3527 1079 3600 err
1094 3509 1247 3600 propriis
1275 3530 1438 3598 agrorum
1456 3510 1634 3583 laboribus
1653 3517 1689 3582 et
1707 3531 1750 3581 er
1802 3578 1807 3586 .

101 3617 103 3668 f
203 3627 337 3700 decimis
365 3629 627 3718 provenientia,
655 3627 881 3710 deducuntur.
922 3628 953 3698 A
981 3635 1081 3718 parte
1108 3635 1223 3702 autem
1252 3630 1457 3702 occidentali
1485 3632 1591 3703 habet
1618 3651 1750 3703 coeme-

101 3779 103 3840 ς
204 3750 331 3838 lenum
359 3769 424 3839 per
451 3749 542 3839 quod
569 3769 677 3839 usque
706 3749 747 3819 ad
777 3750 964 3840 librariam,
992 3757 1029 3820 et
1055 3751 1181 3822 abinde
1208 3752 1382 3842 usquead
1415 3753 1609 3823 sacristiam
1642 3753 1750 3822 ambi-

101 3863 103 3960 }
205 3875 255 3941 tus
280 3890 432 3960 superne
459 3876 605 3960 erectus
633 3851 787 3962 quietum
815 3877 972 3960 praestat
998 3871 1175 3943 monachis
1202 3872 1244 3942 ad
1273 3872 1451 3964 ecclesiam
1470 3894 1512 3942 ex
1532 3874 1753 3961 monasterio,

144 4031 149 4040 ·
206 4010 262 4080 pro
277 4011 504 4084 ¹quocumque
531 3999 687 4080 ternpore
715 3997 749 4062 ct
776 3991 967 4080 ingressum
996 3998 1033 4062 et
1059 4012 1245 4081 egressum.
1386 4031 1389 4035 ·

101 4095 103 4102 ¹
300 4111 474 4203 Oppidum
512 4111 844 4203 Pyandaiczow
878 4113 984 4184 situm
1021 4113 1119 4184 iuxta
1154 4112 1297 4184 fluvium
1331 4112 1465 4202 Nida,
1492 4114 1624 4184 haberis
1651 4115 1686 4184 in
1714 4133 1751 4185 so

101 4263 103 4334 ;
207 4233 378 4318 ecclesiam
406 4234 638 4324 parochialem
667 4240 702 4304 et
727 4233 1001 4323 conventualem,
1029 4233 1144 4324 lapide
1166 4235 1251 4320 'albo
1277 4233 1420 4324 pulchre
1446 4233 1661 4323 fabricatam,
1689 4236 1751 4306 bo-

101 4339 103 4428 l
208 4355 343 4444 nomque
380 4354 497 4425 Sancti
533 4353 703 4426 lobannis
739 4341 984 4444 Evangelistae
1021 4355 1190 4444 dicatam,
1226 4356 1325 4426 cuius
1360 4356 1485 4426 haeres
1521 4356 1681 4426 Andreas
1709 4352 1776 4426 dex

101 4515 102 4572 p
209 4471 543 4564 Olyeschnioza
569 4474 612 4548 de
640 4475 745 4546 amma
772 4475 984 4546 Dambno.
1012 4475 1119 4548 Vicus
1139 4477 1188 4548 ibi
1211 4474 1382 4566 qnondam
1401 4484 1486 4567 erat,
1505 4478 1540 4550 in
1561 4471 1628 4567 ouo
1647 4478 1752 4548 babe—
1854 4549 1862 4562 ,

101 4575 103 4650 l
166 4645 170 4657 .
208 4593 327 4666 bantur
353 4597 445 4682 lanei
470 4597 637 4668 mannus
656 4587 1145 4687 oppidanisdlstriburi,‘item
1162 4597 1344 4688 praedium
1362 4604 1548 4687 castrense,
1566 4598 1610 4668 de
1628 4598 1751 4708 quibus

101 4721 103 4804 l
211 4715 410 4807 solvebatur,
437 4738 528 4788 nunc
556 4737 690 4808 quoque
718 4717 865 4789 solvitur
893 4717 1026 4788 decima
1052 4718 1279 4808 manipularis
1305 4718 1471 4792 ecclesiae
1490 4703 1752 4790 et'monasterio
1829 4817 1833 4825 .
1929 4729 1935 4736 ’
2021 4741 2028 4748 ·

101 4865 103 4930 3
211 4831 556 4934 Pyandzyoaoviensi,
577 4845 619 4908 et
646 4837 850 4908 conducitur
878 4859 940 4928 per
967 4838 1159 4928 oppidanos
1185 4838 1221 4908 in
1248 4840 1411 4909 horreum
1439 4840 1641 4938 monasterii
1667 4859 1750 4928 pro-

212 4957 289 5044 priis
315 4959 483 5048 curribus,
511 4967 547 5029 et
574 4959 671 5030 valor
699 4961 773 5028 eius
800 4960 1003 5030 aestimatur
1030 4959 1217 5030 addacem
1246 4980 1390 5030 marcas
1417 4960 1504 5032 Item
1533 4967 1586 5030 est
1613 4961 1662 5030 ibi
1680 4980 1753 5028 mo-

101 5087 103 5174 ;
213 5077 377 5156 leudinum
404 5080 556 5151 notabile
584 5081 619 5150 in
647 5079 784 5150 flumine
812 5079 949 5171 Nyda,
977 5082 1113 5167 solvens
1142 5087 1307 5152 metretas
1327 5102 1398 5169 ‘pro
1427 5081 1595 5168 dominio,
1623 5082 1656 5148 in
1686 5101 1752 5168 quo

215 5202 454 5286 monasterium
469 5199 805 5292 Pyandaiczoviense
826 5221 868 5272 ex
883 5201 1066 5292 privilegio
1079 5201 1302 5291 fundationis,
1317 5201 1415 5272 molit
1433 5201 1569 5289 singula
1582 5201 1754 5270 frumenta

214 5320 388 5392 cuiuslibet
412 5323 590 5411 germinis,
617 5328 653 5392 et
681 5318 785 5394 etiam
814 5323 949 5412 brisea,
976 5324 1106 5411 absque
1132 5327 1280 5392 metreta
1305 5321 1511 5410 molendini,
1539 5341 1753 5410 quocumque

101 5461 102 5552 ζ
217 5445 360 5530 tempore
386 5450 423 5512 et
450 5463 549 5532 casu,
585 5463 748 5514 mensura
783 5451 899 5516 mareu
935 5442 1222 5516 molendinatoris
1257 5448 1409 5532 excepta.
1454 5442 1542 5511 Item
1582 5449 1753 5528 monaste-

218 5560 297 5644 rinm
323 5561 655 5653 Pyandziczoviense
682 5565 788 5635 habet
814 5564 862 5636 ibi
890 5563 1032 5654 propria
1052 5569 1160 5666 prata
1186 5563 1287 5651 bona,
1314 5563 1350 5634 in
1368 5561 1507 5633 flumine
1525 5561 1643 5635 Nida
1670 5565 1755 5652 sita;
1894 5576 1898 5584 '

217 5679 291 5782 item
325 5682 517 5774 praelatum
552 5686 799 5790 monasterium
834 5685 940 5756 habet
975 5685 1153 5776 proprium
1189 5683 1300 5770 lacum
1335 5684 1427 5755 iuter
1462 5683 1573 5756 undas
1609 5683 1754 5756 Nidae
