<?xml version="1.0" encoding="UTF-8"?>
<!DOCTYPE html PUBLIC "-//W3C//DTD XHTML 1.0 Transitional//EN"
    "http://www.w3.org/TR/xhtml1/DTD/xhtml1-transitional.dtd">
<html xmlns="http://www.w3.org/1999/xhtml" xml:lang="en" lang="en">
 <head>
  <title>
</title>
<meta http-equiv="Content-Type" content="text/html;charset=utf-8" />
  <meta name='ocr-system' content='tesseract 3.04.00' />
  <meta name='ocr-capabilities' content='ocr_page ocr_carea ocr_par ocr_line ocrx_word'/>
</head>
<body>
  <div class='ocr_page' id='page_1' title='image "./operaomnia00paulgoog_0410.png"; bbox 0 0 4492 6592; ppageno 0'>
   <div class='ocr_carea' id='block_1_1' title="bbox 1689 798 1763 869">
    <p class='ocr_par' dir='ltr' id='par_1_1' title="bbox 1689 798 1763 869">
     <span class='ocr_line' id='line_1_1' title="bbox 1689 798 1763 869; baseline 0.014 -1"><span class='ocrx_word' id='word_1_1' title='bbox 1689 798 1763 869; x_wconf 86' lang='lat'>385</span> 
     </span>
    </p>
   </div>
   <div class='ocr_carea' id='block_1_2' title="bbox 194 964 1935 1095">
    <p class='ocr_par' dir='ltr' id='par_1_2' title="bbox 194 964 1935 1095">
     <span class='ocr_line' id='line_1_2' title="bbox 194 964 1935 1095; baseline 0.007 -34"><span class='ocrx_word' id='word_1_2' title='bbox 194 989 323 1061; x_wconf 82' lang='lat' dir='ltr'>bonae.</span> <span class='ocrx_word' id='word_1_3' title='bbox 354 990 614 1064; x_wconf 79' lang='lat' dir='ltr'>Confluatcum</span> <span class='ocrx_word' id='word_1_4' title='bbox 639 964 1028 1086; x_wconf 75' lang='lat' dir='ltr'>Kyelczyowiene</span> <span class='ocrx_word' id='word_1_5' title='bbox 1064 996 1225 1087; x_wconf 89' lang='lat' dir='ltr'>scopulis,</span> <span class='ocrx_word' id='word_1_6' title='bbox 1253 996 1542 1091; x_wconf 83' lang='lat' dir='ltr'>Wylkolasz,</span> <span class='ocrx_word' id='word_1_7' title='bbox 1569 999 1783 1095; x_wconf 79' lang='lat' dir='ltr'>Gal-yan--</span> <span class='ocrx_word' id='word_1_8' title='bbox 1929 1027 1935 1034; x_wconf 94' lang='lat'>·</span> 
     </span>
    </p>
   </div>
   <div class='ocr_carea' id='block_1_3' title="bbox 192 1113 1853 2301">
    <p class='ocr_par' dir='ltr' id='par_1_3' title="bbox 194 1113 1269 1207">
     <span class='ocr_line' id='line_1_3' title="bbox 194 1113 1269 1207; baseline 0.004 -24"><span class='ocrx_word' id='word_1_9' title='bbox 194 1132 339 1201; x_wconf 77' lang='lat' dir='ltr'>uzon,</span> <span class='ocrx_word' id='word_1_10' title='bbox 370 1135 451 1185; x_wconf 87' lang='lat' dir='ltr'>cnm</span> <span class='ocrx_word' id='word_1_11' title='bbox 478 1113 811 1206; x_wconf 80' lang='lat' dir='ltr'>Stndzuulryet</span> <span class='ocrx_word' id='word_1_12' title='bbox 837 1114 996 1207; x_wconf 89' lang='lat' dir='ltr'>Wolya</span> <span class='ocrx_word' id='word_1_13' title='bbox 1022 1117 1269 1189; x_wconf 80' lang='lat' dir='ltr'>Boturslra.</span> 
     </span>
    </p>

    <p class='ocr_par' dir='ltr' id='par_1_4' title="bbox 192 1228 1853 2301">
     <span class='ocr_line' id='line_1_4' title="bbox 304 1228 1763 1335; baseline 0.009 -31"><span class='ocrx_word' id='word_1_14' title='bbox 304 1233 518 1325; x_wconf 77' lang='lat' dir='ltr'>anrn&#39;zow,</span> <span class='ocrx_word' id='word_1_15' title='bbox 558 1236 642 1307; x_wconf 89' lang='lat' dir='ltr'>villa</span> <span class='ocrx_word' id='word_1_16' title='bbox 679 1237 743 1309; x_wconf 89' lang='lat' dir='ltr'>snb</span> <span class='ocrx_word' id='word_1_17' title='bbox 770 1238 937 1327; x_wconf 88' lang='lat' dir='ltr'>parocbia</span> <span class='ocrx_word' id='word_1_18' title='bbox 963 1238 1130 1310; x_wconf 88' lang='lat' dir='ltr'>ecclesiae</span> <span class='ocrx_word' id='word_1_19' title='bbox 1164 1228 1209 1310; x_wconf 77' lang='lat' dir='ltr'>¹de</span> <span class='ocrx_word' id='word_1_20' title='bbox 1241 1238 1473 1312; x_wconf 79' lang='lat' dir='ltr'>Orasznilr</span> <span class='ocrx_word' id='word_1_21' title='bbox 1509 1244 1594 1333; x_wconf 86' lang='lat' dir='ltr'>site,</span> <span class='ocrx_word' id='word_1_22' title='bbox 1637 1251 1672 1316; x_wconf 92' lang='lat' dir='ltr'>et</span> <span class='ocrx_word' id='word_1_23' title='bbox 1700 1267 1763 1335; x_wconf 91' lang='lat' dir='ltr'>per</span> 
     </span>
     <span class='ocr_line' id='line_1_5' title="bbox 192 1354 1853 1455; baseline 0.008 -30"><span class='ocrx_word' id='word_1_24' title='bbox 192 1354 397 1426; x_wconf 87' lang='lat' dir='ltr'>Paulum</span> <span class='ocrx_word' id='word_1_25' title='bbox 426 1357 585 1429; x_wconf 91' lang='lat' dir='ltr'>comitem</span> <span class='ocrx_word' id='word_1_26' title='bbox 614 1358 811 1448; x_wconf 87' lang='lat' dir='ltr'>degenere</span> <span class='ocrx_word' id='word_1_27' title='bbox 838 1359 1065 1430; x_wconf 83' lang='lat' dir='ltr'>Habdaulr</span> <span class='ocrx_word' id='word_1_28' title='bbox 1093 1359 1234 1448; x_wconf 75' lang='lat' dir='ltr'>donata3</span> <span class='ocrx_word' id='word_1_29' title='bbox 1261 1361 1367 1432; x_wconf 92' lang='lat' dir='ltr'>habet</span> <span class='ocrx_word' id='word_1_30' title='bbox 1394 1362 1542 1434; x_wconf 83' lang='lat' dir='ltr'>sedecim</span> <span class='ocrx_word' id='word_1_31' title='bbox 1571 1364 1698 1455; x_wconf 86' lang='lat' dir='ltr'>laneos,</span> <span class='ocrx_word' id='word_1_32' title='bbox 1718 1364 1763 1438; x_wconf 78' lang='lat' dir='ltr'>&#39;et</span> <span class='ocrx_word' id='word_1_33' title='bbox 1849 1394 1853 1397; x_wconf 93' lang='lat'>·</span> 
     </span>
     <span class='ocr_line' id='line_1_6' title="bbox 193 1476 1785 1579; baseline 0.006 -34"><span class='ocrx_word' id='word_1_34' title='bbox 193 1476 350 1567; x_wconf 82' lang='lat' dir='ltr'>quilibet</span> <span class='ocrx_word' id='word_1_35' title='bbox 380 1478 484 1551; x_wconf 87' lang='lat' dir='ltr'>solvit</span> <span class='ocrx_word' id='word_1_36' title='bbox 519 1500 583 1569; x_wconf 90' lang='lat' dir='ltr'>pro</span> <span class='ocrx_word' id='word_1_37' title='bbox 610 1502 715 1551; x_wconf 87' lang='lat' dir='ltr'>censu</span> <span class='ocrx_word' id='word_1_38' title='bbox 752 1502 854 1551; x_wconf 89' lang='lat' dir='ltr'>uuum</span> <span class='ocrx_word' id='word_1_39' title='bbox 883 1482 1073 1569; x_wconf 84' lang='lat' dir='ltr'>fertonem3</span> <span class='ocrx_word' id='word_1_40' title='bbox 1109 1480 1196 1553; x_wconf 89' lang='lat' dir='ltr'>dnos</span> <span class='ocrx_word' id='word_1_41' title='bbox 1224 1504 1323 1553; x_wconf 89' lang='lat' dir='ltr'>coros</span> <span class='ocrx_word' id='word_1_42' title='bbox 1350 1504 1414 1573; x_wconf 90' lang='lat' dir='ltr'>pro</span> <span class='ocrx_word' id='word_1_43' title='bbox 1448 1506 1547 1573; x_wconf 87' lang='lat' dir='ltr'>vere,</span> <span class='ocrx_word' id='word_1_44' title='bbox 1584 1486 1671 1559; x_wconf 92' lang='lat' dir='ltr'>duos</span> <span class='ocrx_word' id='word_1_45' title='bbox 1699 1508 1785 1579; x_wconf 89' lang='lat' dir='ltr'>pro.</span> 
     </span>
     <span class='ocr_line' id='line_1_7' title="bbox 194 1585 1771 1693; baseline 0.008 -24"><span class='ocrx_word' id='word_1_46' title='bbox 194 1599 324 1689; x_wconf 85' lang='lat' dir='ltr'>hyeme</span> <span class='ocrx_word' id='word_1_47' title='bbox 354 1600 528 1671; x_wconf 88' lang='lat' dir='ltr'>seminare</span> <span class='ocrx_word' id='word_1_48' title='bbox 555 1607 592 1672; x_wconf 90' lang='lat' dir='ltr'>et</span> <span class='ocrx_word' id='word_1_49' title='bbox 618 1598 803 1692; x_wconf 84' lang='lat' dir='ltr'>disponere</span> <span class='ocrx_word' id='word_1_50' title='bbox 839 1623 902 1693; x_wconf 87' lang='lat' dir='ltr'>pro</span> <span class='ocrx_word' id='word_1_51' title='bbox 930 1603 1141 1675; x_wconf 85' lang='lat' dir='ltr'>monasterio</span> <span class='ocrx_word' id='word_1_52' title='bbox 1177 1606 1350 1674; x_wconf 88' lang='lat' dir='ltr'>tenentur.</span> <span class='ocrx_word' id='word_1_53' title='bbox 1395 1604 1472 1677; x_wconf 91' lang='lat' dir='ltr'>Non</span> <span class='ocrx_word' id='word_1_54' title='bbox 1501 1607 1661 1679; x_wconf 90' lang='lat' dir='ltr'>laborant</span> <span class='ocrx_word' id='word_1_55' title='bbox 1688 1585 1771 1682; x_wconf 57' lang='lat' dir='ltr'>dies&#39;</span> 
     </span>
     <span class='ocr_line' id='line_1_8' title="bbox 193 1720 1762 1821; baseline 0.007 -31"><span class='ocrx_word' id='word_1_56' title='bbox 193 1720 228 1790; x_wconf 94' lang='lat' dir='ltr'>in</span> <span class='ocrx_word' id='word_1_57' title='bbox 258 1721 473 1811; x_wconf 81' lang='lat' dir='ltr'>septimana,</span> <span class='ocrx_word' id='word_1_58' title='bbox 501 1722 562 1795; x_wconf 90' lang='lat' dir='ltr'>sed</span> <span class='ocrx_word' id='word_1_59' title='bbox 590 1722 754 1795; x_wconf 87' lang='lat' dir='ltr'>ducturas</span> <span class='ocrx_word' id='word_1_60' title='bbox 781 1724 912 1795; x_wconf 87' lang='lat' dir='ltr'>laciuut</span> <span class='ocrx_word' id='word_1_61' title='bbox 940 1724 1115 1795; x_wconf 81' lang='lat' dir='ltr'>ordinarie</span> <span class='ocrx_word' id='word_1_62' title='bbox 1134 1746 1243 1815; x_wconf 88' lang='lat' dir='ltr'>usqne</span> <span class='ocrx_word' id='word_1_63' title='bbox 1270 1724 1314 1795; x_wconf 88' lang='lat' dir='ltr'>nd</span> <span class='ocrx_word' id='word_1_64' title='bbox 1331 1726 1762 1821; x_wconf 70' lang='lat' dir='ltr'>‘Goprzywuiezam</span> 
     </span>
     <span class='ocr_line' id='line_1_9' title="bbox 193 1836 1761 1936; baseline 0.009 -26"><span class='ocrx_word' id='word_1_65' title='bbox 193 1840 277 1911; x_wconf 88' lang='lat' dir='ltr'>item</span> <span class='ocrx_word' id='word_1_66' title='bbox 309 1842 404 1915; x_wconf 87' lang='lat' dir='ltr'>duos</span> <span class='ocrx_word' id='word_1_67' title='bbox 429 1843 549 1933; x_wconf 85' lang='lat' dir='ltr'>gallos,</span> <span class='ocrx_word' id='word_1_68' title='bbox 577 1843 694 1916; x_wconf 86' lang='lat' dir='ltr'>decern</span> <span class='ocrx_word' id='word_1_69' title='bbox 722 1864 796 1935; x_wconf 81' lang='lat' dir='ltr'>ors,</span> <span class='ocrx_word' id='word_1_70' title='bbox 824 1846 906 1919; x_wconf 90' lang='lat' dir='ltr'>item</span> <span class='ocrx_word' id='word_1_71' title='bbox 927 1867 1031 1917; x_wconf 90' lang='lat' dir='ltr'>unum</span> <span class='ocrx_word' id='word_1_72' title='bbox 1056 1866 1203 1936; x_wconf 87' lang='lat' dir='ltr'>caseum,</span> <span class='ocrx_word' id='word_1_73' title='bbox 1231 1845 1316 1919; x_wconf 92' lang='lat' dir='ltr'>dnos</span> <span class='ocrx_word' id='word_1_74' title='bbox 1337 1868 1436 1936; x_wconf 85' lang='lat' dir='ltr'>coros</span> <span class='ocrx_word' id='word_1_75' title='bbox 1455 1870 1585 1921; x_wconf 87' lang='lat' dir='ltr'>avenae</span> <span class='ocrx_word' id='word_1_76' title='bbox 1604 1858 1640 1921; x_wconf 90' lang='lat' dir='ltr'>et</span> <span class='ocrx_word' id='word_1_77' title='bbox 1657 1836 1761 1923; x_wconf 86' lang='lat' dir='ltr'>unum</span> 
     </span>
     <span class='ocr_line' id='line_1_10' title="bbox 194 1950 1762 2058; baseline 0.008 -26"><span class='ocrx_word' id='word_1_78' title='bbox 194 1962 323 2033; x_wconf 85' lang='lat' dir='ltr'>bovem</span> <span class='ocrx_word' id='word_1_79' title='bbox 354 1964 505 2036; x_wconf 91' lang='lat' dir='ltr'>solvunt.</span> <span class='ocrx_word' id='word_1_80' title='bbox 532 1964 619 2037; x_wconf 83' lang='lat' dir='ltr'>Item</span> <span class='ocrx_word' id='word_1_81' title='bbox 647 1971 702 2037; x_wconf 83' lang='lat' dir='ltr'>est</span> <span class='ocrx_word' id='word_1_82' title='bbox 728 1966 776 2037; x_wconf 90' lang='lat' dir='ltr'>ibi</span> <span class='ocrx_word' id='word_1_83' title='bbox 789 1950 985 2057; x_wconf 81' lang='lat' dir='ltr'>¹praedium</span> <span class='ocrx_word' id='word_1_84' title='bbox 1012 1966 1230 2056; x_wconf 82' lang='lat' dir='ltr'>coenobiale,</span> <span class='ocrx_word' id='word_1_85' title='bbox 1259 1966 1397 2058; x_wconf 88' lang='lat' dir='ltr'>dequo</span> <span class='ocrx_word' id='word_1_86' title='bbox 1425 1968 1510 2039; x_wconf 93' lang='lat' dir='ltr'>nulli</span> <span class='ocrx_word' id='word_1_87' title='bbox 1538 1970 1643 2042; x_wconf 89' lang='lat' dir='ltr'>solvit</span> <span class='ocrx_word' id='word_1_88' title='bbox 1669 1972 1762 2049; x_wconf 71' lang='lat' dir='ltr'>deci,-</span> 
     </span>
     <span class='ocr_line' id='line_1_11' title="bbox 193 2084 1767 2180; baseline 0.008 -27"><span class='ocrx_word' id='word_1_89' title='bbox 193 2104 298 2173; x_wconf 88' lang='lat' dir='ltr'>mam,</span> <span class='ocrx_word' id='word_1_90' title='bbox 328 2084 398 2155; x_wconf 88' lang='lat' dir='ltr'>sed</span> <span class='ocrx_word' id='word_1_91' title='bbox 422 2106 497 2156; x_wconf 84' lang='lat' dir='ltr'>enm</span> <span class='ocrx_word' id='word_1_92' title='bbox 525 2106 589 2175; x_wconf 89' lang='lat' dir='ltr'>pro</span> <span class='ocrx_word' id='word_1_93' title='bbox 616 2107 655 2157; x_wconf 86' lang='lat' dir='ltr'>se</span> <span class='ocrx_word' id='word_1_94' title='bbox 680 2086 783 2159; x_wconf 90' lang='lat' dir='ltr'>tollit.</span> <span class='ocrx_word' id='word_1_95' title='bbox 810 2088 896 2159; x_wconf 92' lang='lat' dir='ltr'>Item</span> <span class='ocrx_word' id='word_1_96' title='bbox 924 2093 1006 2159; x_wconf 89' lang='lat' dir='ltr'>sunt</span> <span class='ocrx_word' id='word_1_97' title='bbox 1032 2087 1121 2160; x_wconf 88' lang='lat' dir='ltr'>dnae</span> <span class='ocrx_word' id='word_1_98' title='bbox 1148 2089 1332 2179; x_wconf 87' lang='lat' dir='ltr'>tabernae,</span> <span class='ocrx_word' id='word_1_99' title='bbox 1360 2111 1505 2180; x_wconf 92' lang='lat' dir='ltr'>quorum</span> <span class='ocrx_word' id='word_1_100' title='bbox 1534 2112 1604 2163; x_wconf 90' lang='lat' dir='ltr'>una</span> <span class='ocrx_word' id='word_1_101' title='bbox 1629 2094 1767 2165; x_wconf 84' lang='lat' dir='ltr'>babens</span> 
     </span>
     <span class='ocr_line' id='line_1_12' title="bbox 192 2194 1760 2301; baseline 0.007 -26"><span class='ocrx_word' id='word_1_102' title='bbox 192 2226 301 2294; x_wconf 77' lang='lat' dir='ltr'>agros</span> <span class='ocrx_word' id='word_1_103' title='bbox 340 2206 449 2277; x_wconf 86' lang='lat' dir='ltr'>solvit</span> <span class='ocrx_word' id='word_1_104' title='bbox 484 2227 586 2277; x_wconf 83' lang='lat' dir='ltr'>noem</span> <span class='ocrx_word' id='word_1_105' title='bbox 621 2227 847 2298; x_wconf 78' lang='lat' dir='ltr'>sexagenum,</span> <span class='ocrx_word' id='word_1_106' title='bbox 882 2214 920 2300; x_wconf 90' lang='lat' dir='ltr'>et</span> <span class='ocrx_word' id='word_1_107' title='bbox 945 2208 1013 2280; x_wconf 89' lang='lat' dir='ltr'>alia</span> <span class='ocrx_word' id='word_1_108' title='bbox 1040 2230 1108 2281; x_wconf 92' lang='lat' dir='ltr'>non</span> <span class='ocrx_word' id='word_1_109' title='bbox 1138 2194 1310 2301; x_wconf 79' lang='lat' dir='ltr'>babens„</span> <span class='ocrx_word' id='word_1_110' title='bbox 1328 2212 1432 2283; x_wconf 85' lang='lat' dir='ltr'>solvit</span> <span class='ocrx_word' id='word_1_111' title='bbox 1468 2232 1570 2284; x_wconf 87' lang='lat' dir='ltr'>unam</span> <span class='ocrx_word' id='word_1_112' title='bbox 1599 2234 1760 2286; x_wconf 86' lang='lat' dir='ltr'>marcam.</span> 
     </span>
    </p>
   </div>
   <div class='ocr_carea' id='block_1_4' title="bbox 194 2320 1944 2423">
    <p class='ocr_par' dir='ltr' id='par_1_5' title="bbox 194 2320 1944 2423">
     <span class='ocr_line' id='line_1_13' title="bbox 194 2320 1944 2423; baseline 0.007 -27"><span class='ocrx_word' id='word_1_113' title='bbox 194 2326 283 2409; x_wconf 86' lang='lat' dir='ltr'>Item</span> <span class='ocrx_word' id='word_1_114' title='bbox 313 2327 486 2412; x_wconf 83' lang='lat' dir='ltr'>decimam</span> <span class='ocrx_word' id='word_1_115' title='bbox 514 2329 637 2419; x_wconf 82' lang='lat' dir='ltr'>canapi</span> <span class='ocrx_word' id='word_1_116' title='bbox 664 2351 733 2401; x_wconf 91' lang='lat' dir='ltr'>non</span> <span class='ocrx_word' id='word_1_117' title='bbox 760 2320 909 2401; x_wconf 89' lang='lat' dir='ltr'>solvunt.</span> <span class='ocrx_word' id='word_1_118' title='bbox 936 2330 1024 2402; x_wconf 91' lang='lat' dir='ltr'>Item</span> <span class='ocrx_word' id='word_1_119' title='bbox 1043 2320 1211 2402; x_wconf 77' lang='lat' dir='ltr'>decimam</span> <span class='ocrx_word' id='word_1_120' title='bbox 1235 2333 1450 2423; x_wconf 85' lang='lat' dir='ltr'>pecunialem</span> <span class='ocrx_word' id='word_1_121' title='bbox 1479 2334 1618 2407; x_wconf 90' lang='lat' dir='ltr'>solvunt</span> <span class='ocrx_word' id='word_1_122' title='bbox 1644 2358 1760 2408; x_wconf 89' lang='lat' dir='ltr'>mona·</span> <span class='ocrx_word' id='word_1_123' title='bbox 1896 2362 1901 2369; x_wconf 94' lang='lat'>·</span> <span class='ocrx_word' id='word_1_124' title='bbox 1940 2326 1944 2333; x_wconf 69' lang='grc'><strong>’</strong></span> 
     </span>
    </p>
   </div>
   <div class='ocr_carea' id='block_1_5' title="bbox 191 2448 1787 2907">
    <p class='ocr_par' dir='ltr' id='par_1_6' title="bbox 191 2448 1787 2907">
     <span class='ocr_line' id='line_1_14' title="bbox 193 2448 1759 2547; baseline 0.006 -28"><span class='ocrx_word' id='word_1_125' title='bbox 193 2448 314 2538; x_wconf 83' lang='lat' dir='ltr'>sterio,</span> <span class='ocrx_word' id='word_1_126' title='bbox 345 2450 495 2540; x_wconf 78' lang='lat' dir='ltr'>quilibet</span> <span class='ocrx_word' id='word_1_127' title='bbox 521 2450 564 2521; x_wconf 93' lang='lat' dir='ltr'>de</span> <span class='ocrx_word' id='word_1_128' title='bbox 592 2450 692 2522; x_wconf 88' lang='lat' dir='ltr'>laneo</span> <span class='ocrx_word' id='word_1_129' title='bbox 719 2472 782 2541; x_wconf 88' lang='lat' dir='ltr'>per</span> <span class='ocrx_word' id='word_1_130' title='bbox 808 2457 887 2524; x_wconf 83' lang='lat' dir='ltr'>octo</span> <span class='ocrx_word' id='word_1_131' title='bbox 913 2470 1056 2542; x_wconf 86' lang='lat' dir='ltr'>grossos</span> <span class='ocrx_word' id='word_1_132' title='bbox 1082 2452 1283 2543; x_wconf 88' lang='lat' dir='ltr'>communis,</span> <span class='ocrx_word' id='word_1_133' title='bbox 1312 2460 1373 2525; x_wconf 87' lang='lat' dir='ltr'>aut</span> <span class='ocrx_word' id='word_1_134' title='bbox 1401 2476 1461 2526; x_wconf 81' lang='lat' dir='ltr'>sex</span> <span class='ocrx_word' id='word_1_135' title='bbox 1489 2454 1579 2527; x_wconf 90' lang='lat' dir='ltr'>latos</span> <span class='ocrx_word' id='word_1_136' title='bbox 1607 2456 1759 2547; x_wconf 81' lang='lat' dir='ltr'>Progen-</span> 
     </span>
     <span class='ocr_line' id='line_1_15' title="bbox 191 2571 1787 2673; baseline 0.006 -32"><span class='ocrx_word' id='word_1_137' title='bbox 191 2591 258 2641; x_wconf 88' lang='lat' dir='ltr'>ses.</span> <span class='ocrx_word' id='word_1_138' title='bbox 286 2571 384 2642; x_wconf 90' lang='lat' dir='ltr'>Item</span> <span class='ocrx_word' id='word_1_139' title='bbox 411 2578 464 2643; x_wconf 86' lang='lat' dir='ltr'>est</span> <span class='ocrx_word' id='word_1_140' title='bbox 491 2572 526 2643; x_wconf 93' lang='lat' dir='ltr'>in</span> <span class='ocrx_word' id='word_1_141' title='bbox 554 2571 675 2643; x_wconf 81' lang='lat' dir='ltr'>eadem</span> <span class='ocrx_word' id='word_1_142' title='bbox 703 2572 797 2664; x_wconf 83' lang='lat' dir='ltr'>villa</span> <span class='ocrx_word' id='word_1_143' title='bbox 812 2572 997 2663; x_wconf 85' lang='lat' dir='ltr'>scoltetns,</span> <span class='ocrx_word' id='word_1_144' title='bbox 1033 2572 1092 2663; x_wconf 91' lang='lat' dir='ltr'>qui</span> <span class='ocrx_word' id='word_1_145' title='bbox 1120 2574 1226 2645; x_wconf 83' lang='lat' dir='ltr'>hebet</span> <span class='ocrx_word' id='word_1_146' title='bbox 1253 2594 1376 2647; x_wconf 88' lang='lat' dir='ltr'>novem</span> <span class='ocrx_word' id='word_1_147' title='bbox 1404 2575 1522 2648; x_wconf 84' lang='lat' dir='ltr'>laneos</span> <span class='ocrx_word' id='word_1_148' title='bbox 1550 2577 1689 2667; x_wconf 71' lang='lat' dir='ltr'>liberos</span> <span class='ocrx_word' id='word_1_149' title='bbox 1716 2579 1760 2650; x_wconf 87' lang='lat' dir='ltr'>de</span> <span class='ocrx_word' id='word_1_150' title='bbox 1783 2665 1787 2673; x_wconf 24' lang='grc' dir='ltr'><strong><em>Ι</em></strong></span> 
     </span>
     <span class='ocr_line' id='line_1_16' title="bbox 192 2670 1760 2783; baseline 0.005 -20"><span class='ocrx_word' id='word_1_151' title='bbox 192 2670 326 2781; x_wconf 77' lang='lat' dir='ltr'>¹quibus</span> <span class='ocrx_word' id='word_1_152' title='bbox 357 2692 517 2764; x_wconf 90' lang='lat' dir='ltr'>omuibus</span> <span class='ocrx_word' id='word_1_153' title='bbox 544 2692 649 2765; x_wconf 86' lang='lat' dir='ltr'>solvit</span> <span class='ocrx_word' id='word_1_154' title='bbox 674 2713 739 2783; x_wconf 91' lang='lat' dir='ltr'>pro</span> <span class='ocrx_word' id='word_1_155' title='bbox 756 2692 891 2765; x_wconf 88' lang='lat' dir='ltr'>decima</span> <span class='ocrx_word' id='word_1_156' title='bbox 913 2694 1079 2766; x_wconf 85' lang='lat' dir='ltr'>ecclesiae</span> <span class='ocrx_word' id='word_1_157' title='bbox 1106 2695 1142 2765; x_wconf 94' lang='lat' dir='ltr'>in</span> <span class='ocrx_word' id='word_1_158' title='bbox 1170 2693 1399 2773; x_wconf 84' lang='lat' dir='ltr'>Grasznilr</span> <span class='ocrx_word' id='word_1_159' title='bbox 1427 2702 1506 2769; x_wconf 87' lang='lat' dir='ltr'>octo</span> <span class='ocrx_word' id='word_1_160' title='bbox 1534 2703 1669 2781; x_wconf 57' lang='lat' dir='ltr'>scottos,</span> <span class='ocrx_word' id='word_1_161' title='bbox 1683 2704 1760 2771; x_wconf 84' lang='lat' dir='ltr'>lau-</span> 
     </span>
     <span class='ocr_line' id='line_1_17' title="bbox 193 2814 1755 2907; baseline 0.004 -23"><span class='ocrx_word' id='word_1_162' title='bbox 193 2814 390 2885; x_wconf 88' lang='lat' dir='ltr'>tummodo.</span> <span class='ocrx_word' id='word_1_163' title='bbox 433 2814 520 2886; x_wconf 87' lang='lat' dir='ltr'>Item</span> <span class='ocrx_word' id='word_1_164' title='bbox 548 2814 656 2886; x_wconf 84' lang='lat' dir='ltr'>hebet</span> <span class='ocrx_word' id='word_1_165' title='bbox 691 2815 856 2887; x_wconf 87' lang='lat' dir='ltr'>scoltetus</span> <span class='ocrx_word' id='word_1_166' title='bbox 892 2816 980 2887; x_wconf 90' lang='lat' dir='ltr'>duas</span> <span class='ocrx_word' id='word_1_167' title='bbox 1012 2815 1198 2907; x_wconf 79' lang='lat' dir='ltr'>tabernae,</span> <span class='ocrx_word' id='word_1_168' title='bbox 1234 2838 1378 2907; x_wconf 89' lang='lat' dir='ltr'>quarum</span> <span class='ocrx_word' id='word_1_169' title='bbox 1416 2838 1486 2889; x_wconf 90' lang='lat' dir='ltr'>nna</span> <span class='ocrx_word' id='word_1_170' title='bbox 1521 2818 1626 2891; x_wconf 90' lang='lat' dir='ltr'>solvit</span> <span class='ocrx_word' id='word_1_171' title='bbox 1653 2840 1755 2891; x_wconf 76' lang='lat' dir='ltr'>urnam</span> 
     </span>
    </p>
   </div>
   <div class='ocr_carea' id='block_1_6' title="bbox 194 2935 1937 3036">
    <p class='ocr_par' dir='ltr' id='par_1_7' title="bbox 194 2935 1937 3036">
     <span class='ocr_line' id='line_1_18' title="bbox 194 2935 1937 3036; baseline 0.006 -32"><span class='ocrx_word' id='word_1_172' title='bbox 194 2955 373 3024; x_wconf 75' lang='lat' dir='ltr'>marcam,</span> <span class='ocrx_word' id='word_1_173' title='bbox 409 2935 521 3007; x_wconf 86' lang='lat' dir='ltr'>altera</span> <span class='ocrx_word' id='word_1_174' title='bbox 557 2956 660 3036; x_wconf 89' lang='lat' dir='ltr'>nuum</span> <span class='ocrx_word' id='word_1_175' title='bbox 688 2935 856 3008; x_wconf 78' lang='lat' dir='ltr'>fertonem</span> <span class='ocrx_word' id='word_1_176' title='bbox 868 2936 883 3025; x_wconf 90' lang='grc'>;’</span> <span class='ocrx_word' id='word_1_177' title='bbox 917 2937 999 3009; x_wconf 90' lang='lat' dir='ltr'>item</span> <span class='ocrx_word' id='word_1_178' title='bbox 1027 2943 1101 3009; x_wconf 89' lang='lat' dir='ltr'>tres</span> <span class='ocrx_word' id='word_1_179' title='bbox 1129 2938 1366 3029; x_wconf 87' lang='lat' dir='ltr'>hortulanias,</span> <span class='ocrx_word' id='word_1_180' title='bbox 1401 2958 1491 3031; x_wconf 89' lang='lat' dir='ltr'>qnae</span> <span class='ocrx_word' id='word_1_181' title='bbox 1522 2951 1661 3013; x_wconf 79' lang='lat' dir='ltr'>censuum</span> <span class='ocrx_word' id='word_1_182' title='bbox 1690 2964 1758 3021; x_wconf 89' lang='lat' dir='ltr'>non</span> <span class='ocrx_word' id='word_1_183' title='bbox 1827 3024 1829 3035; x_wconf 29' lang='lat'><strong>¹</strong></span> <span class='ocrx_word' id='word_1_184' title='bbox 1932 2940 1937 2947; x_wconf 82' lang='grc'><strong>’</strong></span> 
     </span>
    </p>
   </div>
   <div class='ocr_carea' id='block_1_7' title="bbox 195 3036 1817 3391">
    <p class='ocr_par' dir='ltr' id='par_1_8' title="bbox 195 3036 1817 3391">
     <span class='ocr_line' id='line_1_19' title="bbox 196 3036 1759 3149; baseline 0.004 -22"><span class='ocrx_word' id='word_1_185' title='bbox 196 3055 360 3145; x_wconf 85' lang='lat' dir='ltr'>solvunt,</span> <span class='ocrx_word' id='word_1_186' title='bbox 397 3057 459 3128; x_wconf 89' lang='lat' dir='ltr'>sed</span> <span class='ocrx_word' id='word_1_187' title='bbox 485 3063 620 3129; x_wconf 86' lang='lat' dir='ltr'>tautum</span> <span class='ocrx_word' id='word_1_188' title='bbox 657 3078 762 3129; x_wconf 91' lang='lat' dir='ltr'>unum</span> <span class='ocrx_word' id='word_1_189' title='bbox 789 3057 879 3129; x_wconf 90' lang='lat' dir='ltr'>diem</span> <span class='ocrx_word' id='word_1_190' title='bbox 916 3058 1095 3149; x_wconf 79' lang='lat' dir='ltr'>pedestres</span> <span class='ocrx_word' id='word_1_191' title='bbox 1131 3036 1325 3149; x_wconf 50' lang='lat' dir='ltr'>laborante</span> <span class='ocrx_word' id='word_1_192' title='bbox 1349 3060 1431 3131; x_wconf 89' lang='lat' dir='ltr'>item</span> <span class='ocrx_word' id='word_1_193' title='bbox 1459 3060 1626 3133; x_wconf 84' lang='lat' dir='ltr'>scultetus</span> <span class='ocrx_word' id='word_1_194' title='bbox 1653 3063 1759 3134; x_wconf 88' lang='lat' dir='ltr'>habet</span> 
     </span>
     <span class='ocr_line' id='line_1_20' title="bbox 195 3177 1817 3291; baseline 0.006 -44"><span class='ocrx_word' id='word_1_195' title='bbox 195 3177 282 3248; x_wconf 90' lang='lat' dir='ltr'>duas</span> <span class='ocrx_word' id='word_1_196' title='bbox 311 3178 484 3270; x_wconf 89' lang='lat' dir='ltr'>piscinas,</span> <span class='ocrx_word' id='word_1_197' title='bbox 500 3258 504 3265; x_wconf 22' lang='lat'><strong>¹</strong></span> <span class='ocrx_word' id='word_1_198' title='bbox 520 3179 613 3250; x_wconf 90' lang='lat' dir='ltr'>cirea</span> <span class='ocrx_word' id='word_1_199' title='bbox 639 3199 784 3270; x_wconf 85' lang='lat' dir='ltr'>quarum</span> <span class='ocrx_word' id='word_1_200' title='bbox 812 3198 883 3250; x_wconf 84' lang='lat' dir='ltr'>unu</span> <span class='ocrx_word' id='word_1_201' title='bbox 908 3180 944 3251; x_wconf 93' lang='lat' dir='ltr'>in</span> <span class='ocrx_word' id='word_1_202' title='bbox 972 3179 1002 3249; x_wconf 91' lang='lat' dir='ltr'>B</span> <span class='ocrx_word' id='word_1_203' title='bbox 1011 3183 1258 3270; x_wconf 84' lang='lat' dir='ltr'>ystrzyczu</span> <span class='ocrx_word' id='word_1_204' title='bbox 1294 3180 1402 3251; x_wconf 88' lang='lat' dir='ltr'>habet</span> <span class='ocrx_word' id='word_1_205' title='bbox 1427 3180 1678 3273; x_wconf 86' lang='lat' dir='ltr'>molendinum,</span> <span class='ocrx_word' id='word_1_206' title='bbox 1715 3182 1759 3255; x_wconf 90' lang='lat' dir='ltr'>de</span> <span class='ocrx_word' id='word_1_207' title='bbox 1801 3275 1817 3291; x_wconf 25' lang='grc' dir='ltr'>ἢ</span> 
     </span>
     <span class='ocr_line' id='line_1_21' title="bbox 196 3300 1759 3391; baseline 0.004 -22"><span class='ocrx_word' id='word_1_208' title='bbox 196 3321 262 3389; x_wconf 92' lang='lat' dir='ltr'>quo</span> <span class='ocrx_word' id='word_1_209' title='bbox 291 3300 364 3373; x_wconf 89' lang='lat' dir='ltr'>sibi</span> <span class='ocrx_word' id='word_1_210' title='bbox 399 3300 583 3373; x_wconf 87' lang='lat' dir='ltr'>solvuntur</span> <span class='ocrx_word' id='word_1_211' title='bbox 608 3306 787 3372; x_wconf 88' lang='lat' dir='ltr'>metretae.</span> <span class='ocrx_word' id='word_1_212' title='bbox 832 3301 919 3372; x_wconf 87' lang='lat' dir='ltr'>Item</span> <span class='ocrx_word' id='word_1_213' title='bbox 948 3301 1206 3391; x_wconf 54' lang='lat' dir='ltr'>monasterinm„</span> <span class='ocrx_word' id='word_1_214' title='bbox 1233 3322 1301 3373; x_wconf 93' lang='lat' dir='ltr'>nou</span> <span class='ocrx_word' id='word_1_215' title='bbox 1329 3301 1437 3374; x_wconf 86' lang='lat' dir='ltr'>habet</span> <span class='ocrx_word' id='word_1_216' title='bbox 1463 3303 1499 3373; x_wconf 94' lang='lat' dir='ltr'>in</span> <span class='ocrx_word' id='word_1_217' title='bbox 1528 3302 1647 3375; x_wconf 85' lang='lat' dir='ltr'>eodem</span> <span class='ocrx_word' id='word_1_218' title='bbox 1676 3304 1759 3375; x_wconf 80' lang='lat' dir='ltr'>ville</span> 
     </span>
    </p>
   </div>
   <div class='ocr_carea' id='block_1_8' title="bbox 195 3409 1984 3525">
    <p class='ocr_par' dir='ltr' id='par_1_9' title="bbox 195 3409 1984 3525">
     <span class='ocr_line' id='line_1_22' title="bbox 195 3409 1984 3525; baseline 0.006 -33"><span class='ocrx_word' id='word_1_219' title='bbox 195 3422 434 3495; x_wconf 88' lang='lat' dir='ltr'>molendinum</span> <span class='ocrx_word' id='word_1_220' title='bbox 462 3441 574 3513; x_wconf 89' lang='lat' dir='ltr'>neque</span> <span class='ocrx_word' id='word_1_221' title='bbox 602 3414 781 3515; x_wconf 78' lang='lat' dir='ltr'>piscIna&#39;m.</span> <span class='ocrx_word' id='word_1_222' title='bbox 823 3420 983 3495; x_wconf 85' lang='lat' dir='ltr'>Oonliuat</span> <span class='ocrx_word' id='word_1_223' title='bbox 1009 3442 1085 3494; x_wconf 87' lang='lat' dir='ltr'>cnm</span> <span class='ocrx_word' id='word_1_224' title='bbox 1113 3426 1283 3494; x_wconf 81' lang='lat' dir='ltr'>Stroza</span> <span class='ocrx_word' id='word_1_225' title='bbox 1310 3426 1345 3494; x_wconf 91' lang='lat' dir='ltr'>et</span> <span class='ocrx_word' id='word_1_226' title='bbox 1371 3422 1611 3495; x_wconf 86' lang='lat' dir='ltr'>Studzouk</span> <span class='ocrx_word' id='word_1_227' title='bbox 1621 3448 1662 3517; x_wconf 85' lang='lat' dir='ltr'>y,</span> <span class='ocrx_word' id='word_1_228' title='bbox 1690 3425 1758 3497; x_wconf 88' lang='lat' dir='ltr'>Bi·</span> <span class='ocrx_word' id='word_1_229' title='bbox 1853 3443 1859 3457; x_wconf 82' lang='lat'>‘</span> <span class='ocrx_word' id='word_1_230' title='bbox 1963 3409 1984 3525; x_wconf 44' lang='lat'>¹,</span> 
     </span>
    </p>
   </div>
   <div class='ocr_carea' id='block_1_9' title="bbox 112 3542 1862 5701">
    <p class='ocr_par' dir='ltr' id='par_1_10' title="bbox 112 3542 1862 5701">
     <span class='ocr_line' id='line_1_23' title="bbox 197 3542 688 3617; baseline 0.004 -4"><span class='ocrx_word' id='word_1_231' title='bbox 197 3544 413 3616; x_wconf 85' lang='lat' dir='ltr'>strzicza</span> <span class='ocrx_word' id='word_1_232' title='bbox 438 3549 475 3617; x_wconf 88' lang='lat' dir='ltr'>et</span> <span class='ocrx_word' id='word_1_233' title='bbox 501 3542 688 3616; x_wconf 84' lang='lat' dir='ltr'>Sznlow.</span> 
     </span>
     <span class='ocr_line' id='line_1_24' title="bbox 299 3648 1862 3757; baseline 0.001 -20"><span class='ocrx_word' id='word_1_234' title='bbox 299 3665 472 3756; x_wconf 85' lang='lat' dir='ltr'>Runmn,</span> <span class='ocrx_word' id='word_1_235' title='bbox 508 3665 592 3738; x_wconf 86' lang='lat' dir='ltr'>villa</span> <span class='ocrx_word' id='word_1_236' title='bbox 617 3666 682 3737; x_wconf 89' lang='lat' dir='ltr'>sub</span> <span class='ocrx_word' id='word_1_237' title='bbox 708 3662 876 3756; x_wconf 86' lang='lat' dir='ltr'>parocbia</span> <span class='ocrx_word' id='word_1_238' title='bbox 901 3663 1068 3737; x_wconf 87' lang='lat' dir='ltr'>ecclesiae</span> <span class='ocrx_word' id='word_1_239' title='bbox 1094 3648 1139 3735; x_wconf 92' lang='lat' dir='ltr'>de</span> <span class='ocrx_word' id='word_1_240' title='bbox 1165 3663 1520 3757; x_wconf 88' lang='lat' dir='ltr'>Kyelczowicze</span> <span class='ocrx_word' id='word_1_241' title='bbox 1547 3666 1625 3751; x_wconf 84' lang='lat' dir='ltr'>sita,</span> <span class='ocrx_word' id='word_1_242' title='bbox 1652 3671 1688 3737; x_wconf 92' lang='lat' dir='ltr'>et</span> <span class='ocrx_word' id='word_1_243' title='bbox 1715 3689 1757 3739; x_wconf 85' lang='lat' dir='ltr'>ex</span> <span class='ocrx_word' id='word_1_244' title='bbox 1861 3698 1862 3702; x_wconf 39' lang='lat'>¹</span> 
     </span>
     <span class='ocr_line' id='line_1_25' title="bbox 197 3783 1754 3878; baseline 0.002 -23"><span class='ocrx_word' id='word_1_245' title='bbox 197 3786 287 3858; x_wconf 84' lang='lat' dir='ltr'>villis</span> <span class='ocrx_word' id='word_1_246' title='bbox 316 3787 558 3876; x_wconf 81' lang='lat' dir='ltr'>Zalrrzow,</span> <span class='ocrx_word' id='word_1_247' title='bbox 594 3786 885 3878; x_wconf 84' lang='lat' dir='ltr'>Bystrzycza</span> <span class='ocrx_word' id='word_1_248' title='bbox 919 3791 956 3857; x_wconf 91' lang='lat' dir='ltr'>et</span> <span class='ocrx_word' id='word_1_249' title='bbox 991 3783 1132 3856; x_wconf 85' lang='lat' dir='ltr'>Sudol</span> <span class='ocrx_word' id='word_1_250' title='bbox 1160 3785 1196 3855; x_wconf 94' lang='lat' dir='ltr'>in</span> <span class='ocrx_word' id='word_1_251' title='bbox 1224 3784 1332 3855; x_wconf 85' lang='lat' dir='ltr'>cruda</span> <span class='ocrx_word' id='word_1_252' title='bbox 1358 3785 1476 3856; x_wconf 89' lang='lat' dir='ltr'>radice</span> <span class='ocrx_word' id='word_1_253' title='bbox 1504 3786 1626 3875; x_wconf 75' lang='lat' dir='ltr'>locata,</span> <span class='ocrx_word' id='word_1_254' title='bbox 1655 3788 1754 3859; x_wconf 88' lang='lat' dir='ltr'>cuins</span> 
     </span>
     <span class='ocr_line' id='line_1_26' title="bbox 181 3892 1755 3998; baseline 0 -21"><span class='ocrx_word' id='word_1_255' title='bbox 181 3908 397 3998; x_wconf 85' lang='lat' dir='ltr'>proprietas</span> <span class='ocrx_word' id='word_1_256' title='bbox 432 3892 477 3980; x_wconf 79' lang='lat' dir='ltr'>ad</span> <span class='ocrx_word' id='word_1_257' title='bbox 504 3907 751 3980; x_wconf 83' lang='lat' dir='ltr'>monesterium</span> <span class='ocrx_word' id='word_1_258' title='bbox 778 3904 1111 3996; x_wconf 79' lang='lat' dir='ltr'>Koprzywniczense</span> <span class='ocrx_word' id='word_1_259' title='bbox 1148 3904 1307 3995; x_wconf 87' lang='lat' dir='ltr'>pertinet</span> <span class='ocrx_word' id='word_1_260' title='bbox 1352 3898 1391 3975; x_wconf 89' lang='lat' dir='ltr'>In</span> <span class='ocrx_word' id='word_1_261' title='bbox 1421 3926 1490 3995; x_wconf 89' lang='lat' dir='ltr'>qua</span> <span class='ocrx_word' id='word_1_262' title='bbox 1522 3913 1603 3977; x_wconf 88' lang='lat' dir='ltr'>snut</span> <span class='ocrx_word' id='word_1_263' title='bbox 1630 3907 1755 3997; x_wconf 86' lang='lat' dir='ltr'>viginti</span> 
     </span>
     <span class='ocr_line' id='line_1_27' title="bbox 195 4025 1755 4122; baseline 0.001 -24"><span class='ocrx_word' id='word_1_264' title='bbox 195 4028 295 4118; x_wconf 89' lang='lat' dir='ltr'>lanei,</span> <span class='ocrx_word' id='word_1_265' title='bbox 324 4036 363 4103; x_wconf 90' lang='lat' dir='ltr'>et</span> <span class='ocrx_word' id='word_1_266' title='bbox 381 4030 530 4122; x_wconf 87' lang='lat' dir='ltr'>quilibet</span> <span class='ocrx_word' id='word_1_267' title='bbox 548 4026 653 4101; x_wconf 89' lang='lat' dir='ltr'>solvit</span> <span class='ocrx_word' id='word_1_268' title='bbox 671 4048 776 4100; x_wconf 91' lang='lat' dir='ltr'>uuum</span> <span class='ocrx_word' id='word_1_269' title='bbox 803 4026 985 4115; x_wconf 84' lang='lat' dir='ltr'>fertonem3</span> <span class='ocrx_word' id='word_1_270' title='bbox 1012 4025 1099 4097; x_wconf 91' lang='lat' dir='ltr'>duos</span> <span class='ocrx_word' id='word_1_271' title='bbox 1117 4046 1218 4097; x_wconf 88' lang='lat' dir='ltr'>coros</span> <span class='ocrx_word' id='word_1_272' title='bbox 1237 4045 1301 4116; x_wconf 91' lang='lat' dir='ltr'>pro</span> <span class='ocrx_word' id='word_1_273' title='bbox 1320 4044 1411 4116; x_wconf 89' lang='lat' dir='ltr'>vere,</span> <span class='ocrx_word' id='word_1_274' title='bbox 1439 4026 1526 4097; x_wconf 91' lang='lat' dir='ltr'>duos</span> <span class='ocrx_word' id='word_1_275' title='bbox 1545 4046 1608 4117; x_wconf 93' lang='lat' dir='ltr'>pro</span> <span class='ocrx_word' id='word_1_276' title='bbox 1633 4029 1755 4117; x_wconf 70' lang='lat' dir='ltr'>hyeme</span> 
     </span>
     <span class='ocr_line' id='line_1_28' title="bbox 197 4146 1754 4244; baseline 0.001 -25"><span class='ocrx_word' id='word_1_277' title='bbox 197 4152 369 4224; x_wconf 85' lang='lat' dir='ltr'>seminare</span> <span class='ocrx_word' id='word_1_278' title='bbox 396 4157 432 4224; x_wconf 86' lang='lat' dir='ltr'>et</span> <span class='ocrx_word' id='word_1_279' title='bbox 458 4150 643 4244; x_wconf 84' lang='lat' dir='ltr'>disponere</span> <span class='ocrx_word' id='word_1_280' title='bbox 677 4154 849 4221; x_wconf 81' lang='lat' dir='ltr'>leuentur.</span> <span class='ocrx_word' id='word_1_281' title='bbox 894 4147 979 4219; x_wconf 89' lang='lat' dir='ltr'>Non</span> <span class='ocrx_word' id='word_1_282' title='bbox 1001 4146 1162 4219; x_wconf 85' lang='lat' dir='ltr'>laborant</span> <span class='ocrx_word' id='word_1_283' title='bbox 1197 4146 1289 4235; x_wconf 93' lang='lat' dir='ltr'>dies,</span> <span class='ocrx_word' id='word_1_284' title='bbox 1326 4146 1386 4218; x_wconf 89' lang='lat' dir='ltr'>sed</span> <span class='ocrx_word' id='word_1_285' title='bbox 1423 4146 1586 4220; x_wconf 88' lang='lat' dir='ltr'>ducturas</span> <span class='ocrx_word' id='word_1_286' title='bbox 1622 4148 1754 4221; x_wconf 84' lang='lat' dir='ltr'>iaciunt</span> 
     </span>
     <span class='ocr_line' id='line_1_29' title="bbox 137 4268 1752 4364; baseline -0.001 -21"><span class='ocrx_word' id='word_1_287' title='bbox 137 4295 146 4303; x_wconf 92' lang='lat'><em>·</em></span> <span class='ocrx_word' id='word_1_288' title='bbox 197 4292 305 4362; x_wconf 88' lang='lat' dir='ltr'>usque</span> <span class='ocrx_word' id='word_1_289' title='bbox 333 4272 379 4344; x_wconf 87' lang='lat' dir='ltr'>ad</span> <span class='ocrx_word' id='word_1_290' title='bbox 405 4268 830 4364; x_wconf 81' lang='lat' dir='ltr'>Ooprzywuiozam;</span> <span class='ocrx_word' id='word_1_291' title='bbox 857 4269 941 4340; x_wconf 91' lang='lat' dir='ltr'>item</span> <span class='ocrx_word' id='word_1_292' title='bbox 969 4268 1056 4341; x_wconf 93' lang='lat' dir='ltr'>dnos</span> <span class='ocrx_word' id='word_1_293' title='bbox 1081 4268 1205 4359; x_wconf 80' lang='lat' dir='ltr'>gallos,</span> <span class='ocrx_word' id='word_1_294' title='bbox 1232 4268 1445 4359; x_wconf 80' lang='lat' dir='ltr'>decem-ova,</span> <span class='ocrx_word' id='word_1_295' title='bbox 1473 4288 1577 4340; x_wconf 92' lang='lat' dir='ltr'>unum</span> <span class='ocrx_word' id='word_1_296' title='bbox 1607 4290 1752 4362; x_wconf 89' lang='lat' dir='ltr'>caseum,</span> 
     </span>
     <span class='ocr_line' id='line_1_30' title="bbox 197 4390 1752 4482; baseline 0.001 -21"><span class='ocrx_word' id='word_1_297' title='bbox 197 4413 301 4466; x_wconf 87' lang='lat' dir='ltr'>unum</span> <span class='ocrx_word' id='word_1_298' title='bbox 338 4395 462 4467; x_wconf 88' lang='lat' dir='ltr'>bovem</span> <span class='ocrx_word' id='word_1_299' title='bbox 498 4393 647 4465; x_wconf 87' lang='lat' dir='ltr'>solvunt.</span> <span class='ocrx_word' id='word_1_300' title='bbox 692 4391 780 4463; x_wconf 89' lang='lat' dir='ltr'>Item</span> <span class='ocrx_word' id='word_1_301' title='bbox 815 4412 881 4482; x_wconf 89' lang='lat' dir='ltr'>pro</span> <span class='ocrx_word' id='word_1_302' title='bbox 907 4390 1042 4472; x_wconf 83' lang='lat' dir='ltr'>decimu</span> <span class='ocrx_word' id='word_1_303' title='bbox 1078 4390 1218 4462; x_wconf 87' lang='lat' dir='ltr'>solvuut</span> <span class='ocrx_word' id='word_1_304' title='bbox 1253 4390 1464 4462; x_wconf 88' lang='lat' dir='ltr'>monasterio</span> <span class='ocrx_word' id='word_1_305' title='bbox 1496 4396 1576 4463; x_wconf 85' lang='lat' dir='ltr'>octo</span> <span class='ocrx_word' id='word_1_306' title='bbox 1602 4411 1752 4481; x_wconf 86' lang='lat' dir='ltr'>grossos.</span> 
     </span>
     <span class='ocr_line' id='line_1_31' title="bbox 139 4511 1751 4605; baseline 0 -21"><span class='ocrx_word' id='word_1_307' title='bbox 139 4544 143 4552; x_wconf 92' lang='lat'>·</span> <span class='ocrx_word' id='word_1_308' title='bbox 197 4513 283 4586; x_wconf 87' lang='lat' dir='ltr'>Item</span> <span class='ocrx_word' id='word_1_309' title='bbox 311 4522 368 4588; x_wconf 89' lang='lat' dir='ltr'>est</span> <span class='ocrx_word' id='word_1_310' title='bbox 394 4516 570 4605; x_wconf 84' lang='lat' dir='ltr'>scultetus,</span> <span class='ocrx_word' id='word_1_311' title='bbox 611 4514 669 4605; x_wconf 91' lang='lat' dir='ltr'>qni</span> <span class='ocrx_word' id='word_1_312' title='bbox 696 4513 804 4585; x_wconf 88' lang='lat' dir='ltr'>babet</span> <span class='ocrx_word' id='word_1_313' title='bbox 830 4534 934 4583; x_wconf 91' lang='lat' dir='ltr'>uuum</span> <span class='ocrx_word' id='word_1_314' title='bbox 961 4512 1118 4603; x_wconf 88' lang='lat' dir='ltr'>laneum,</span> <span class='ocrx_word' id='word_1_315' title='bbox 1154 4512 1198 4583; x_wconf 89' lang='lat' dir='ltr'>de</span> <span class='ocrx_word' id='word_1_316' title='bbox 1226 4511 1425 4603; x_wconf 76' lang='lat' dir='ltr'>quostiam</span> <span class='ocrx_word' id='word_1_317' title='bbox 1453 4512 1559 4583; x_wconf 84' lang='lat' dir='ltr'>solvit</span> <span class='ocrx_word' id='word_1_318' title='bbox 1586 4512 1751 4585; x_wconf 87' lang='lat' dir='ltr'>decimam</span> 
     </span>
     <span class='ocr_line' id='line_1_32' title="bbox 197 4633 1751 4728; baseline 0 -23"><span class='ocrx_word' id='word_1_319' title='bbox 197 4637 408 4711; x_wconf 88' lang='lat' dir='ltr'>monasterio</span> <span class='ocrx_word' id='word_1_320' title='bbox 435 4658 498 4728; x_wconf 91' lang='lat' dir='ltr'>per</span> <span class='ocrx_word' id='word_1_321' title='bbox 525 4640 603 4709; x_wconf 90' lang='lat' dir='ltr'>octo</span> <span class='ocrx_word' id='word_1_322' title='bbox 630 4656 781 4727; x_wconf 84' lang='lat' dir='ltr'>grossos.</span> <span class='ocrx_word' id='word_1_323' title='bbox 821 4634 909 4706; x_wconf 87' lang='lat' dir='ltr'>Item</span> <span class='ocrx_word' id='word_1_324' title='bbox 937 4633 1104 4706; x_wconf 89' lang='lat' dir='ltr'>scoltetus</span> <span class='ocrx_word' id='word_1_325' title='bbox 1131 4633 1237 4705; x_wconf 88' lang='lat' dir='ltr'>habet</span> <span class='ocrx_word' id='word_1_326' title='bbox 1263 4654 1367 4705; x_wconf 90' lang='lat' dir='ltr'>uuam</span> <span class='ocrx_word' id='word_1_327' title='bbox 1394 4633 1595 4725; x_wconf 87' lang='lat' dir='ltr'>tabernam,</span> <span class='ocrx_word' id='word_1_328' title='bbox 1623 4635 1751 4707; x_wconf 90' lang='lat' dir='ltr'>haben-</span> 
     </span>
     <span class='ocr_line' id='line_1_33' title="bbox 198 4730 1769 4860; baseline 0 -33"><span class='ocrx_word' id='word_1_329' title='bbox 198 4759 264 4827; x_wconf 85' lang='lat' dir='ltr'>tem</span> <span class='ocrx_word' id='word_1_330' title='bbox 291 4730 413 4850; x_wconf 74' lang='lat' dir='ltr'>ngros,</span> <span class='ocrx_word' id='word_1_331' title='bbox 450 4758 588 4849; x_wconf 90' lang='lat' dir='ltr'>dequo</span> <span class='ocrx_word' id='word_1_332' title='bbox 615 4778 718 4829; x_wconf 88' lang='lat' dir='ltr'>unam</span> <span class='ocrx_word' id='word_1_333' title='bbox 746 4776 898 4828; x_wconf 84' lang='lat' dir='ltr'>marcam</span> <span class='ocrx_word' id='word_1_334' title='bbox 924 4755 1040 4828; x_wconf 87' lang='lat' dir='ltr'>solvit.</span> <span class='ocrx_word' id='word_1_335' title='bbox 1082 4754 1171 4827; x_wconf 90' lang='lat' dir='ltr'>Item</span> <span class='ocrx_word' id='word_1_336' title='bbox 1200 4761 1254 4827; x_wconf 86' lang='lat' dir='ltr'>est</span> <span class='ocrx_word' id='word_1_337' title='bbox 1281 4754 1351 4825; x_wconf 82' lang='lat' dir='ltr'>elia</span> <span class='ocrx_word' id='word_1_338' title='bbox 1376 4755 1524 4827; x_wconf 89' lang='lat' dir='ltr'>taberna</span> <span class='ocrx_word' id='word_1_339' title='bbox 1549 4757 1769 4860; x_wconf 76' lang='lat' dir='ltr'>monasterii</span> 
     </span>
     <span class='ocr_line' id='line_1_34' title="bbox 187 4876 1749 4979; baseline 0 -31"><span class='ocrx_word' id='word_1_340' title='bbox 187 4876 328 4979; x_wconf 23' lang='lat' dir='ltr'>‘babens</span> <span class='ocrx_word' id='word_1_341' title='bbox 354 4900 475 4971; x_wconf 80' lang='lat' dir='ltr'>agros,</span> <span class='ocrx_word' id='word_1_342' title='bbox 516 4900 605 4970; x_wconf 89' lang='lat' dir='ltr'>quae</span> <span class='ocrx_word' id='word_1_343' title='bbox 631 4879 736 4949; x_wconf 86' lang='lat' dir='ltr'>solvit</span> <span class='ocrx_word' id='word_1_344' title='bbox 770 4898 834 4969; x_wconf 91' lang='lat' dir='ltr'>pro</span> <span class='ocrx_word' id='word_1_345' title='bbox 862 4898 967 4957; x_wconf 83' lang='lat' dir='ltr'>censu</span> <span class='ocrx_word' id='word_1_346' title='bbox 1003 4897 1106 4949; x_wconf 89' lang='lat' dir='ltr'>onam</span> <span class='ocrx_word' id='word_1_347' title='bbox 1144 4895 1315 4966; x_wconf 87' lang='lat' dir='ltr'>marcam,</span> <span class='ocrx_word' id='word_1_348' title='bbox 1351 4881 1387 4947; x_wconf 90' lang='lat' dir='ltr'>et</span> <span class='ocrx_word' id='word_1_349' title='bbox 1421 4897 1486 4967; x_wconf 91' lang='lat' dir='ltr'>pro</span> <span class='ocrx_word' id='word_1_350' title='bbox 1513 4876 1645 4949; x_wconf 89' lang='lat' dir='ltr'>decima</span> <span class='ocrx_word' id='word_1_351' title='bbox 1672 4883 1749 4948; x_wconf 84' lang='lat' dir='ltr'>octo</span> 
     </span>
     <span class='ocr_line' id='line_1_35' title="bbox 198 4996 1750 5090; baseline -0.002 -19"><span class='ocrx_word' id='word_1_352' title='bbox 198 5019 337 5087; x_wconf 84' lang='lat' dir='ltr'>grossos</span> <span class='ocrx_word' id='word_1_353' title='bbox 351 5002 570 5090; x_wconf 85' lang='lat' dir='ltr'>communis,</span> <span class='ocrx_word' id='word_1_354' title='bbox 585 5007 659 5073; x_wconf 80' lang='lat' dir='ltr'>aut</span> <span class='ocrx_word' id='word_1_355' title='bbox 686 5020 747 5071; x_wconf 84' lang='lat' dir='ltr'>sex</span> <span class='ocrx_word' id='word_1_356' title='bbox 774 5000 923 5073; x_wconf 87' lang='lat' dir='ltr'>latorum</span> <span class='ocrx_word' id='word_1_357' title='bbox 950 5019 1152 5090; x_wconf 81' lang='lat' dir='ltr'>grossorum</span> <span class='ocrx_word' id='word_1_358' title='bbox 1179 4996 1417 5088; x_wconf 81' lang='lat' dir='ltr'>Prageusium.</span> <span class='ocrx_word' id='word_1_359' title='bbox 1457 4998 1544 5069; x_wconf 91' lang='lat' dir='ltr'>Item</span> <span class='ocrx_word' id='word_1_360' title='bbox 1572 5018 1639 5069; x_wconf 92' lang='lat' dir='ltr'>non</span> <span class='ocrx_word' id='word_1_361' title='bbox 1669 5003 1750 5069; x_wconf 90' lang='lat' dir='ltr'>sunt</span> 
     </span>
     <span class='ocr_line' id='line_1_36' title="bbox 198 5118 1748 5230; baseline 0.001 -42"><span class='ocrx_word' id='word_1_362' title='bbox 198 5118 244 5190; x_wconf 91' lang='lat' dir='ltr'>ibi</span> <span class='ocrx_word' id='word_1_363' title='bbox 270 5125 442 5213; x_wconf 87' lang='lat' dir='ltr'>piscinae,</span> <span class='ocrx_word' id='word_1_364' title='bbox 478 5144 547 5195; x_wconf 92' lang='lat' dir='ltr'>uon</span> <span class='ocrx_word' id='word_1_365' title='bbox 574 5128 629 5194; x_wconf 88' lang='lat' dir='ltr'>est</span> <span class='ocrx_word' id='word_1_366' title='bbox 655 5122 898 5193; x_wconf 84' lang='lat' dir='ltr'>molendqum.</span> <span class='ocrx_word' id='word_1_367' title='bbox 942 5120 1104 5195; x_wconf 73' lang='lat' dir='ltr'>Conona</span> <span class='ocrx_word' id='word_1_368' title='bbox 1140 5140 1217 5191; x_wconf 89' lang='lat' dir='ltr'>enm</span> <span class='ocrx_word' id='word_1_369' title='bbox 1244 5119 1337 5192; x_wconf 86' lang='lat' dir='ltr'>villis</span> <span class='ocrx_word' id='word_1_370' title='bbox 1372 5118 1486 5191; x_wconf 88' lang='lat' dir='ltr'>Pnss</span> <span class='ocrx_word' id='word_1_371' title='bbox 1500 5118 1748 5230; x_wconf 83' lang='lat' dir='ltr'>zlrowieze,</span> 
     </span>
     <span class='ocr_line' id='line_1_37' title="bbox 112 5234 1682 5335; baseline -0.001 -24"><span class='ocrx_word' id='word_1_372' title='bbox 112 5326 121 5333; x_wconf 31' lang='grc'><em>,</em></span> <span class='ocrx_word' id='word_1_373' title='bbox 201 5237 528 5334; x_wconf 80' lang='lat' dir='ltr'>Gauluscliow,</span> <span class='ocrx_word' id='word_1_374' title='bbox 556 5244 830 5334; x_wconf 80' lang='lat' dir='ltr'>Orasszuilr,</span> <span class='ocrx_word' id='word_1_375' title='bbox 858 5242 1018 5335; x_wconf 87' lang='lat' dir='ltr'>Wolya</span> <span class='ocrx_word' id='word_1_376' title='bbox 1049 5242 1322 5333; x_wconf 84' lang='lat' dir='ltr'>Bothnrslra</span> <span class='ocrx_word' id='word_1_377' title='bbox 1348 5248 1384 5313; x_wconf 88' lang='lat' dir='ltr'>et</span> <span class='ocrx_word' id='word_1_378' title='bbox 1405 5234 1682 5331; x_wconf 63' lang='lat' dir='ltr'>&#39;Studzanlr&#39;y</span> 
     </span>
     <span class='ocr_line' id='line_1_38' title="bbox 167 5357 1748 5461; baseline -0.005 -20"><span class='ocrx_word' id='word_1_379' title='bbox 167 5383 185 5461; x_wconf 61' lang='grc' dir='ltr'>ᾗ</span> <span class='ocrx_word' id='word_1_380' title='bbox 221 5376 225 5390; x_wconf 88' lang='grc'><strong><em>·</em></strong></span> <span class='ocrx_word' id='word_1_381' title='bbox 296 5367 498 5457; x_wconf 83' lang='lat' dir='ltr'>Rczrszrn,</span> <span class='ocrx_word' id='word_1_382' title='bbox 538 5366 621 5438; x_wconf 79' lang='lat' dir='ltr'>villu</span> <span class='ocrx_word' id='word_1_383' title='bbox 648 5366 713 5438; x_wconf 93' lang='lat' dir='ltr'>snb</span> <span class='ocrx_word' id='word_1_384' title='bbox 732 5365 906 5457; x_wconf 87' lang='lat' dir='ltr'>parocbia</span> <span class='ocrx_word' id='word_1_385' title='bbox 931 5365 1097 5437; x_wconf 87' lang='lat' dir='ltr'>ecclesiae</span> <span class='ocrx_word' id='word_1_386' title='bbox 1123 5357 1168 5435; x_wconf 86' lang='lat' dir='ltr'>de</span> <span class='ocrx_word' id='word_1_387' title='bbox 1195 5362 1558 5455; x_wconf 85' lang='lat' dir='ltr'>Kyelczowyoze</span> <span class='ocrx_word' id='word_1_388' title='bbox 1590 5362 1676 5452; x_wconf 87' lang='lat' dir='ltr'>sita,</span> <span class='ocrx_word' id='word_1_389' title='bbox 1713 5368 1748 5433; x_wconf 88' lang='lat' dir='ltr'>et</span> 
     </span>
     <span class='ocr_line' id='line_1_39' title="bbox 201 5482 1747 5581; baseline 0.001 -28"><span class='ocrx_word' id='word_1_390' title='bbox 201 5503 240 5555; x_wconf 80' lang='lat' dir='ltr'>en</span> <span class='ocrx_word' id='word_1_391' title='bbox 265 5488 357 5564; x_wconf 83' lang='lat' dir='ltr'>villis</span> <span class='ocrx_word' id='word_1_392' title='bbox 382 5490 689 5581; x_wconf 86' lang='lat' dir='ltr'>Bystrzycza‚</span> <span class='ocrx_word' id='word_1_393' title='bbox 718 5485 938 5558; x_wconf 84' lang='lat' dir='ltr'>Zakrzow</span> <span class='ocrx_word' id='word_1_394' title='bbox 968 5493 1005 5557; x_wconf 89' lang='lat' dir='ltr'>et</span> <span class='ocrx_word' id='word_1_395' title='bbox 1031 5485 1211 5557; x_wconf 88' lang='lat' dir='ltr'>Sznlow</span> <span class='ocrx_word' id='word_1_396' title='bbox 1238 5486 1274 5555; x_wconf 91' lang='lat' dir='ltr'>in</span> <span class='ocrx_word' id='word_1_397' title='bbox 1302 5483 1410 5556; x_wconf 86' lang='lat' dir='ltr'>cruda</span> <span class='ocrx_word' id='word_1_398' title='bbox 1436 5482 1553 5555; x_wconf 89' lang='lat' dir='ltr'>radice</span> <span class='ocrx_word' id='word_1_399' title='bbox 1580 5482 1661 5573; x_wconf 89' lang='lat' dir='ltr'>sita,</span> <span class='ocrx_word' id='word_1_400' title='bbox 1689 5504 1747 5555; x_wconf 85' lang='lat' dir='ltr'>cu-</span> 
     </span>
     <span class='ocr_line' id='line_1_40' title="bbox 200 5602 1747 5701; baseline 0.001 -27"><span class='ocrx_word' id='word_1_401' title='bbox 200 5602 250 5676; x_wconf 90' lang='lat' dir='ltr'>ins</span> <span class='ocrx_word' id='word_1_402' title='bbox 275 5610 472 5701; x_wconf 86' lang='lat' dir='ltr'>proprietas</span> <span class='ocrx_word' id='word_1_403' title='bbox 498 5609 543 5681; x_wconf 88' lang='lat' dir='ltr'>ad</span> <span class='ocrx_word' id='word_1_404' title='bbox 570 5608 817 5681; x_wconf 86' lang='lat' dir='ltr'>monasterium</span> <span class='ocrx_word' id='word_1_405' title='bbox 846 5606 1173 5698; x_wconf 81' lang='lat' dir='ltr'>Goprzywniczense</span> <span class='ocrx_word' id='word_1_406' title='bbox 1199 5606 1362 5696; x_wconf 86' lang='lat' dir='ltr'>pertinet.</span> <span class='ocrx_word' id='word_1_407' title='bbox 1391 5604 1430 5675; x_wconf 90' lang='lat' dir='ltr'>In</span> <span class='ocrx_word' id='word_1_408' title='bbox 1458 5624 1527 5696; x_wconf 90' lang='lat' dir='ltr'>qua</span> <span class='ocrx_word' id='word_1_409' title='bbox 1554 5609 1636 5676; x_wconf 90' lang='lat' dir='ltr'>sunt</span> <span class='ocrx_word' id='word_1_410' title='bbox 1662 5604 1747 5676; x_wconf 93' lang='lat' dir='ltr'>duo-</span> 
     </span>
    </p>
   </div>
   <div class='ocr_carea' id='block_1_10' title="bbox 200 5722 1888 5821">
    <p class='ocr_par' dir='ltr' id='par_1_11' title="bbox 200 5722 1888 5821">
     <span class='ocr_line' id='line_1_41' title="bbox 200 5722 1888 5821; baseline -0.005 -20"><span class='ocrx_word' id='word_1_411' title='bbox 200 5722 302 5801; x_wconf 81' lang='lat' dir='ltr'>decim</span> <span class='ocrx_word' id='word_1_412' title='bbox 328 5730 439 5821; x_wconf 92' lang='lat' dir='ltr'>lauei,</span> <span class='ocrx_word' id='word_1_413' title='bbox 466 5738 503 5802; x_wconf 88' lang='lat' dir='ltr'>et</span> <span class='ocrx_word' id='word_1_414' title='bbox 530 5722 690 5821; x_wconf 82' lang='lat' dir='ltr'>quilibet</span> <span class='ocrx_word' id='word_1_415' title='bbox 712 5729 816 5801; x_wconf 86' lang='lat' dir='ltr'>solvit</span> <span class='ocrx_word' id='word_1_416' title='bbox 843 5750 948 5801; x_wconf 90' lang='lat' dir='ltr'>uuum</span> <span class='ocrx_word' id='word_1_417' title='bbox 973 5728 1165 5817; x_wconf 81' lang='lat' dir='ltr'>lertouem3</span> <span class='ocrx_word' id='word_1_418' title='bbox 1206 5726 1293 5799; x_wconf 88' lang='lat' dir='ltr'>duos</span> <span class='ocrx_word' id='word_1_419' title='bbox 1319 5746 1420 5799; x_wconf 91' lang='lat' dir='ltr'>coros</span> <span class='ocrx_word' id='word_1_420' title='bbox 1457 5745 1521 5818; x_wconf 89' lang='lat' dir='ltr'>pro</span> <span class='ocrx_word' id='word_1_421' title='bbox 1549 5744 1631 5798; x_wconf 89' lang='lat' dir='ltr'>rere</span> <span class='ocrx_word' id='word_1_422' title='bbox 1659 5725 1747 5799; x_wconf 89' lang='lat' dir='ltr'>duos</span> <span class='ocrx_word' id='word_1_423' title='bbox 1885 5786 1888 5793; x_wconf 82' lang='grc'><strong><em>,</em></strong></span> 
     </span>
    </p>
   </div>
   <div class='ocr_carea' id='block_1_11' title="bbox 231 5853 1573 5956">
    <p class='ocr_par' dir='ltr' id='par_1_12' title="bbox 231 5853 1573 5956">
     <span class='ocr_line' id='line_1_42' title="bbox 231 5853 1573 5956; baseline 0.004 -43"><span class='ocrx_word' id='word_1_424' title='bbox 231 5853 254 5956; x_wconf 43' lang='grc' dir='ltr'>η’</span> <span class='ocrx_word' id='word_1_425' title='bbox 296 5872 344 5924; x_wconf 76' lang='lat' dir='ltr'>no.</span> <span class='ocrx_word' id='word_1_426' title='bbox 357 5873 454 5914; x_wconf 70' lang='lat' dir='ltr'>nmmo.</span> <span class='ocrx_word' id='word_1_427' title='bbox 468 5872 510 5913; x_wconf 88' lang='lat'>111.</span> <span class='ocrx_word' id='word_1_428' title='bbox 895 5871 898 5878; x_wconf 54' lang='lat'><em>¹</em></span> <span class='ocrx_word' id='word_1_429' title='bbox 1497 5868 1501 5879; x_wconf 93' lang='grc'>·</span> <span class='ocrx_word' id='word_1_430' title='bbox 1536 5868 1573 5925; x_wconf 76' lang='lat'>49</span> 
     </span>
    </p>
   </div>
   <div class='ocr_carea' id='block_1_12' title="bbox 0 0 2250 6592">
    <p class='ocr_par' dir='ltr' id='par_1_13' title="bbox 0 0 2250 6592">
     <span class='ocr_line' id='line_1_43' title="bbox 0 0 2250 6592; baseline 0 0"><span class='ocrx_word' id='word_1_431' title='bbox 0 0 2250 6592; x_wconf 95' lang='lat' dir='ltr'> </span> 
     </span>
    </p>
   </div>
  </div>
 </body>
</html>
