4492 6592
530 728 604 804 194

477 894 482 906 Ι
528 937 726 1028 proprietas
761 933 806 1005 ad
843 933 1070 1004 Thincziense
1105 930 1356 1026 monasterium
1392 931 1554 1020 pertinet.
1594 930 1635 1001 In
1671 949 1740 1019 qua
1775 934 1860 1000 snut
1895 950 1955 1001 sex
1978 952 2059 1006 areae

528 1057 621 1129 lanei
647 1055 900 1143 cmethouales,
927 1053 1096 1126 habentes
1123 1073 1247 1142 agros,
1273 1056 1311 1122 et
1336 1051 1483 1142 quilibet
1507 1052 1614 1124 solvit
1639 1072 1704 1142 pro
1731 1071 1837 1122 censu
1864 1070 1966 1121 unam
1989 1073 2060 1126 mar-

534 1196 609 1249 oam
636 1177 750 1248 minus
769 1181 919 1266 quatuor
936 1174 1082 1265 grossis,
1110 1174 1193 1244 item
1212 1193 1279 1245 ova
1297 1172 1460 1262 triginta,
1488 1174 1572 1245 item
1589 1172 1700 1264 gallos
1717 1171 1819 1261 duos,
1846 1171 1932 1242 item
1948 1193 2062 1246 rasum

407 1395 408 1398 Ἴ
526 1319 652 1388 unum;
678 1298 762 1368 item
789 1297 926 1369 labores
953 1317 1022 1368 uon
1048 1293 1200 1383 faciunt,
1235 1293 1297 1366 sed
1324 1293 1398 1365 rias
1424 1295 1606 1384 pedestres
1642 1293 1818 1366 ordinarie
1855 1293 1895 1362 in
1922 1292 2060 1368 'l'biniecz

527 1420 675 1509 faciunt3
710 1419 792 1490 item
813 1413 986 1512 porodloc
1022 1416 1162 1488 solvunt
1197 1414 1346 1486 mediam
1381 1435 1534 1487 mmcam
1568 1416 1720 1488 latorum
1750 1434 1973 1504 grossorum,
1995 1416 2061 1488 item

458 1626 461 1632 ¹
526 1561 663 1634 orezyqo
690 1559 758 1610 non
777 1537 931 1625 solvunt,
957 1537 1040 1608 item
1068 1537 1216 1608 taberna
1241 1542 1400 1623 nonest,
1427 1537 1563 1608 cmetbo
1589 1542 1705 1607 tamen
1731 1535 1792 1624 qui
1818 1534 1983 1624 propinet
2004 1556 2062 1607 cer-

527 1662 668 1749 visiam,
694 1649 1028 1730 solvitmonasterio
1047 1655 1194 1730 mediam
1214 1677 1380 1744 marcam3
1408 1657 1489 1728 item
1507 1656 1706 1729 hortulania
1723 1677 1794 1726 una
1810 1655 1945 1728 babens
1970 1636 2062 1747 aqroq

528 1782 633 1854 solvit
659 1801 723 1872 pro
751 1799 856 1851 censu
892 1783 969 1850 octo
996 1799 1147 1868 grossos.
1187 1778 1283 1848 Item·
1307 1777 1717 1868 praediummonosterii
1743 1784 1799 1849 est
1825 1777 1897 1866 ibi,
1928 1777 1987 1848 sed
2010 1799 2063 1849 uon

528 1903 665 1992 colitur,
692 1900 882 1972 arendotor
898 1906 1013 1972 tamen
1038 1899 1132 1970 illius
1150 1898 1257 1970 solvit
1283 1895 1370 1972 duas
1396 1919 1596 2000 sexagenas.
1623 1899 1711 1972 Item
1730 1918 1852 1971 omnes
1879 1899 1956 1988 agri
1979 1899 2063 1972 villae

529 2023 669 2096 solvunt
687 2022 853 2096 decimam
873 2075 969 2093 .....
996 2020 1084 2092 Item
1112 2025 1168 2092 est
1194 2021 1244 2092 ibi
1270 2021 1384 2109 lacus,
1411 2020 1470 2111 qui
1489 2020 1687 2111 appellatur
1713 2040 1880 2112 magnus,
1907 2020 1966 2110 qui
1981 2041 2062 2092 aren-

529 2145 631 2216 datus
651 2143 755 2215 solvit
772 2142 951 2214 duodecim
970 2161 1112 2214 marcas.
1141 2141 1231 2213 Item
1248 2143 1326 2232 ripa
1351 2141 1447 2214 fluvii
1475 2141 1618 2232 Visla,
1645 2163 1690 2214 ex
1712 2163 1783 2233 quo
1799 2141 1956 2232 piscator
1979 2142 2064 2214 solvit

528 2273 609 2358 tres
629 2287 705 2338 cum
723 2263 838 2336 media
863 2284 1007 2336 marcas.
1042 2263 1204 2336 Confluat
1221 2284 1299 2334 cum
1325 2263 1521 2355 Riczow,
1547 2263 1804 2354 Polowsze,
1831 2262 2062 2336 Gbransto

528 2387 684 2476 wicze,
711 2385 928 2477 Kamyen,
954 2385 1307 2458 Russzoczicze.
1502 2394 1504 2397 ’
1931 2388 1939 2396 ’

493 2533 498 2552 ·
634 2506 992 2596 Orrnruuowrczu,
1030 2527 1136 2597 super
1162 2500 1324 2599 Wylga
1358 2507 1513 2596 fluvium,
1548 2505 1631 2578 villa
1665 2507 1731 2579 sub
1765 2507 1936 2597 parocbia
1966 2505 2064 2578 Sancti

504 2618 650 2701 'iacobi
676 2630 712 2700 in
740 2627 1008 2718 Oasimiria,
1044 2628 1145 2701 iuxta
1170 2627 1443 2700 cracoviam
1463 2628 1557 2718 sita,
1589 2628 1688 2700 caius
1714 2628 1916 2719 proprietas
1940 2627 1984 2699 ad
2005 2649 2061 2699 no

526 2749 717 2822 uasterium
744 2749 979 2841 Thyncziense
1014 2749 1178 2841 pertinet.
1217 2749 1257 2820 ln
1285 2771 1354 2841 qua
1380 2755 1462 2821 sunt
1496 2771 1558 2821 sex
1584 2749 1677 2821 lanei
1703 2749 1943 2821 emethonales
1967 2769 2063 2820 mona·

527 2872 643 2961 sterii,
670 2877 707 2943 et
725 2871 830 2943 solvit
848 2870 993 2961 quilibet
1010 2891 1074 2962 pro
1102 2891 1208 2942 censu
1225 2877 1299 2942 tres
1316 2871 1488 2961 fertones,
1515 2873 1599 2943 item
1617 2893 1684 2942 ura
1701 2871 1845 2961 viginti,
1873 2871 1956 2942 item
1971 2870 2062 2960 gallos

527 2995 685 3081 quatuor,
712 2993 796 3064 item
814 3013 951 3064 caseum
979 3013 1104 3080 unum3
1131 2993 1215 3064 item
1233 2991 1466 3065 molendinum
1493 2993 1785 3082 haereditarium,
1802 2993 1947 3069 babens
1971 2997 2061 3082 prela

527 3117 565 3181 et
582 3111 687 3183 solvit
712 3118 784 3183 tres
812 3133 890 3186 cum
917 3113 1032 3186 media
1050 3134 1186 3186 marcas
1213 3113 1363 3187 latorum
1389 3135 1590 3204 grossorum
1615 3119 1653 3186 et
1671 3135 1776 3186 unum
1792 3113 1965 3187 fertonem
1988 3134 2062 3184 oon-

529 3233 659 3314 munla,
693 3233 752 3322 qui
779 3253 901 3306 census
927 3234 1055 3308 dicitur
1082 3257 1262 3331 woyeoae3
1297 3235 1381 3308 item
1408 3257 1553 3326 perram
1580 3235 1669 3307 lardi
1704 3235 1889 3326 profesto
1920 3234 2061 3322 Paschae,
2111 3263 2117 3274 ·

530 3350 592 3418 aut
617 3363 722 3416 unum
746 3350 931 3444 fertonem3
958 3357 1040 3428 item
1068 3377 1185 3452 corycp
1211 3376 1281 3428 non
1309 3357 1462 3447 solvunt,
1489 3357 1551 3429 sed
1578 3379 1756 3452 oqrrorooro
1781 3363 1840 3429 ter
1866 3357 1903 3428 iu
1929 3377 2011 3427 anuo
2033 3355 2059 3425 iu

530 3467 644 3538 tribus
670 3465 822 3554 iudiciis,
846 3473 958 3549 dando
977 3497 1040 3568 per
1058 3477 1209 3550 medium
1231 3499 1406 3569 grossum3
1432 3479 1516 3552 item
1541 3480 1689 3550 taberna
1715 3499 1785 3550 una
1808 3479 1943 3552 habens
1968 3498 2061 3568 agros

437 3637 443 3648 ·
530 3595 567 3660 et
594 3587 698 3659 solvit
723 3608 787 3677 pro
815 3605 919 3658 censu
943 3597 1093 3689 quinque
1120 3620 1275 3689 marcas3
1310 3600 1395 3672 item
1421 3600 1654 3691 hortulauiae,
1686 3601 1769 3672 item
1795 3601 1974 3691 praedium
1999 3619 2060 3670 coe

379 3756 381 3765 t
529 3709 667 3782 nobiale
686 3729 755 3778 non
774 3712 845 3797 est,
872 3707 933 3778 sed
951 3722 1051 3797 prato
1069 3721 1239 3810 quinque,
1265 3741 1355 3812 quae
1382 3728 1565 3813 vocantur,
1592 3721 1755 3795 videlicet
1771 3720 2060 3815 Klymkowlm,

528 3829 759 3918 &⁰20er
785 3827 1036 3918 KOSsszolka‚
1062 3827 1310 3932 Postwisko,
1336 3840 1561 3934 Gospotka
1601 3844 1690 3916 item
1725 3865 1846 3916 omnes
1882 3843 1957 3935 agri
1988 3861 2059 3912 one·
2129 3902 2131 3945 ,

413 3985 454 4012 ’-
530 3951 704 4041 thonales,
733 3949 901 4022 tabernae
919 3955 956 4021 el
973 3949 1248 4032 hortulanum
1266 3965 1469 4036 monasterii
1487 3965 1627 4038 solvunt
1643 3972 1681 4038 et
1698 3964 1899 4038 conducunt
1917 3964 2059 4036 decium

529 4071 777 4162 manipularem
805 4077 841 4144 et
868 4071 1068 4161 canepalem
1097 4091 1161 4160 pro
1186 4086 1394 4156 monasterio
1421 4084 1658 4176 Thincziensi,
1686 4094 1722 4158 et
1747 4087 1848 4160 valor
1875 4087 1949 4158 eius
1973 4082 2059 4155 oesti-
2130 4092 2131 4185 ᾗ

529 4198 644 4264 matur
670 4192 714 4264 ad
733 4213 793 4264 sex
811 4212 955 4264 marcas.
996 4191 1085 4263 item
1103 4198 1186 4264 sunt
1203 4192 1239 4264 in
1257 4203 1373 4276 eadem
1391 4205 1474 4278 villa
1492 4208 1560 4279 (1120
1585 4209 1677 4280 lanei
1705 4209 1888 4300 speciales,
1914 4204 2058 4279 habentes
2124 4190 2131 4266 f

529 4315 660 4404 optima
686 4319 807 4403 prate,
834 4313 893 4404 qui
912 4311 1084 4403 quondam
1102 4318 1204 4384 erant
1221 4321 1492 4399 sanctuariomm
1515 4329 1681 4401 ecclesiae
1707 4329 2058 4417 Gracovieoaimono

528 4454 611 4506 vero
647 4435 822 4523 pertinent
849 4433 894 4504 ud
920 4434 1173 4524 proprietatem
1217 4439 1417 4526 monasterii
1452 4449 1485 4517 ln
1521 4449 1740 4540 Rupella3
1775 4451 1953 4523 lohannes
1984 4445 2056 4518 enin

388 4597 390 4600 -
528 4553 766 4644 Dlugosch
793 4555 909 4626 senior
936 4555 1029 4627 datis
1053 4559 1195 4628 ¹orantum
1221 4556 1347 4628 marcis
1375 4567 1598 4661 sanctuariis,
1634 4573 1679 4643 de
1705 4593 1877 4646 consensu
1911 4565 2056 4645 Johmis
2130 4624 2131 4630 ,

528 4673 779 4765 Woyschik
807 4675 959 4748 custodis
978 4674 1228 4769 Gracoviensis,
1255 4678 1381 4751 coemit
1399 4699 1467 4752 ,eoa
1493 4702 1556 4772 pro
1573 4695 1783 4766 monasterio
1810 4695 1846 4765 in
1874 4688 2054 4789 Repello,
2130 4746 2131 4759 ,

527 4794 565 4866 'et
582 4796 828 4868 monasterium
856 4797 1035 4887 praedium
1063 4799 1232 4889 optimum
1258 4801 1391 4872 crearit
1418 4802 1485 4874 sibi
1511 4823 1554 4874 ex
1573 4804 1658 4895 illis,
1684 4813 1871 4904 dequibus
1898 4813 1977 4886 nolli
2000 4807 2052 4881 sol·

527 4918 578 4989 vit
596 4917 782 5008 decimam,
802 4917 871 5024 ¹sed
890 4939 966 4990 eam
993 4940 1057 5009 pro
1085 4941 1123 4992 se
1142 4920 1253 5010 tollit,
1281 4944 1385 5012 quum
1413 4929 1450 4996 et
1468 4925 1678 5017 sanctuarii,
1704 4930 1782 5006 dum
1801 4937 1880 5009 illos
1905 4933 2053 5015 tenebant

526 5037 693 5114 decimam
713 5038 799 5110 nulli
818 5039 1020 5112 reddebant.
1047 5039 1209 5114 Confluat
1226 5063 1302 5113 cum
1323 5043 1709 5138 Wrzoszowieze,
1736 5051 2052 5134 Wroblowieze,

525 5159 1114 5252 Lagewniky,Jugowicze,
1141 5163 1418 5257 Kobyerzyn
1437 5167 1790 5271 etLubyertour,
1817 5173 1966 5264 Borelr,
1989 5169 2052 5242 Kc

526 5277 728 5372 byerzyn
756 5286 792 5352 et
819 5281 1058 5374 Szydzina.

631 5397 919 5496 Gouruowrezn,
946 5403 1030 5476 villa
1056 5406 1121 5477 sub
1148 5406 1315 5495 parochia
1342 5408 1509 5482 ecclesiae
1526 5409 1571 5482 de
1589 5409 1633 5480 W
1645 5412 1864 5502 yeliczlra
1890 5415 1961 5502 sita,
1973 5410 2052 5485 cuim

528 5521 724 5608 proprietas
752 5523 796 5594 ad
823 5526 1071 5628 monasterium
1100 5526 1328 5600 Thincziense
1354 5530 1518 5620 pertinet.
1545 5531 1587 5603 In
1614 5555 1684 5623 qua
1708 5539 1789 5606 sunt
1815 5535 1904 5606 lanei
1928 5531 2052 5604 cnuto

526 5636 632 5727 noles,
658 5647 695 5712 et
722 5643 869 5732 quilibet
896 5646 1001 5718 solvit
1028 5668 1092 5737 pro
1120 5669 1225 5722 censu
1244 5704 1252 5720 .
1270 5705 1278 5720 .
1298 5705 1324 5742 .,
1351 5650 1436 5724 item
1462 5674 1529 5726 ova
1554 5654 1711 5744 triginta,
1737 5656 1821 5728 item
1845 5673 1957 5728 caseos
1971 5649 2043 5720 duos
2130 5698 2131 5747 ,

2073 5905 2087 6263 ³
