4492 6592
375 745 377 752 ·
491 721 562 790 146

343 981 348 994 .
382 987 388 996 .
486 926 636 995 latorum
663 941 862 1011 grossorum
890 939 979 989 anno
1007 919 1148 988 Domini
1180 918 1288 989 1437.
1315 915 1486 1004 vendidit,
1514 935 1630 986 coram
1656 913 1831 986 Stanislao
1859 912 2043 986 111)οὰ-

486 1045 731 1134 dombycze
759 1045 984 1130 procuratore
1012 1039 1167 1127 generali
1194 1036 1413 1107 Craeoviensi
1441 1036 1644 1126 resignavit,
1672 1057 1774 1125 quam
1803 1035 2044 1106 venditionem

369 1161 376 1170 '
486 1163 761 1234 Vladislaus
789 1153 1031 1230 Secundus
1059 1159 1230 1260 Polouiae
1250 1179 1310 1228 rex
1338 1157 1458 1228 eodem
1478 1179 1568 1228 anno
1595 1157 1791 1244 notificavit,
1819 1156 2046 1230 confirmavit

412 1343 415 1358 .
485 1289 521 1356 et
547 1283 697 1354 admisit.
1567 1293 1574 1299 ·

580 1393 830 1473 'stnrczrra
857 1399 1131 1471 Vladislaus
1158 1397 1397 1469 Secundus
1424 1397 1599 1476 Polouiae,
1617 1418 1692 1485 rer,
1719 1397 1883 1468 fundator
1909 1396 2045 1486 prima-

486 1525 558 1594 rius
586 1522 749 1612 Corporis
768 1521 907 1610 Christi,
935 1521 1181 1590 monasterium
1208 1517 1402 1608 praelatum
1430 1519 1466 1587 in
1494 1519 1565 1588 suis
1593 1517 1783 1589 defectibus
1810 1518 2046 1606 relevaturus,

487 1644 672 1714 donatione
708 1645 877 1732 perpetua
913 1647 949 1711 et
975 1640 1214 1728 irrevocabili,
1252 1645 1288 1709 et
1315 1660 1377 1728 per
1413 1639 1549 1708 litteras
1585 1645 1745 1728 patentes
1780 1658 1870 1708 anno
1898 1637 2046 1708 Domini
2159 1624 2162 1639 '

491 1765 598 1834 1431.
625 1783 689 1852 pro
717 1782 835 1832 mensa
870 1760 1059 1860 praepositi
1088 1765 1123 1829 et
1149 1759 1296 1829 fratrum
1323 1758 1525 1828 monasterii
1560 1757 1725 1848 praefati,
1766 1758 1866 1830 annis
1893 1757 2046 1848 singulis

487 1885 573 1955 duos
601 1885 730 1954 bancos
756 1883 886 1973 grossi,
915 1887 950 1952 11
977 1881 1062 1951 duas
1089 1901 1269 1950 mensuras
1305 1880 1430 1950 minuti
1467 1879 1550 1950 salis
1577 1880 1613 1949 in
1641 1879 1762 1969 cuppis
1795 1879 1903 1969 regiis
1929 1878 2046 1949 Vieli-

488 2005 648 2075 censibus
675 2003 913 2094 percipiendas
941 2002 1101 2072 munifica
1127 2001 1312 2090 largitione
1335 2000 1482 2096 contulit
1508 2005 1544 2071 et
1570 2000 1722 2089 donavit,
1749 2000 1925 2071 11111111
1955 2005 2047 2070 1111-

224 2127 229 2134 ’
370 2123 387 2201 s
453 2145 572 2238 'pora
600 2123 846 2196 monasterium
874 2122 1038 2212 Corporis
1067 2121 1198 2193 Christi
1226 2121 1278 2190 sal
1305 2121 1503 2192 huiusmodi
1538 2121 1688 2211 percipit
1713 2127 1751 2192 et
1776 2121 1880 2210 levat,
1908 2121 2046 2210 absque

489 2246 582 2317 omni
610 2245 864 2334 impedimento.
1136 2335 1139 2340 .

593 2363 813 2438 vladislaus
842 2363 1049 2436 Secundus
1086 2362 1251 2433 Polouiae
1279 2382 1341 2432 rex
1376 2361 1529 2433 levorem
1556 2368 1593 2434 et
1618 2363 1767 2453 gratiam
1802 2363 1839 2433 in
1865 2367 2045 2434 monaste

488 2487 588 2557 rium'
615 2485 779 2576 Corporis
816 2485 947 2586 Christi
975 2507 995 2556 a
1023 2505 1059 2555 se
1086 2484 1268 2554 fundatum
1304 2489 1525 2574 ostensurus,
1562 2485 1809 2556 monasterium
1845 2483 2045 2575 praefatum

489 2607 759 2697 quotiescunque
786 2607 880 2696 ligna
920 2627 983 2695 pro
1011 2627 1075 2676 usu
1102 2604 1157 2675 vel
1184 2603 1351 2674 aediliciis
1378 2605 1450 2676 suis
1479 2607 1612 2694 coemit,
1639 2627 1661 2675 a
1687 2605 1860 2676 solutione
1886 2605 2045 2681 decimae
2161 2636 2162 2695 3

489 2727 663 2817 lignorum
695 2727 777 2798 11111
802 2727 970 2816 liberum,
1010 2730 1046 2796 et
1073 2745 1136 2814 per
1161 2725 1299 2824 litteras
1325 2731 1485 2815 patentes
1512 2747 1602 2796 anno
1628 2726 1768 2796 Domini
1785 2727 1895 2796 1411.
1921 2727 2047 2797 111111-

353 2936 358 2941 ,
492 2849 562 2938 psit
589 2854 625 2918 et
651 2847 887 2937 privilegiavit
914 2846 1004 2916 1111
1033 2845 1204 2915 solutione
1231 2845 1384 2916 decimae
1412 2845 1583 2935 lignorum
1604 2852 1805 2936 perpetuam
1826 2847 2044 2916 libertatem.

593 2967 809 3038 Kazrmmra.
849 2967 975 3036 Petrus
1003 2965 1168 3055 Wysch
1195 2966 1376 3055 episcopus
1403 2965 1642 3038 Cracoviensis
1668 2959 1894 3038 necessitates
1921 2987 2044 3038 mona-

490 3088 587 3159 sterii
615 3087 779 3177 Corporis
807 3086 938 3158 Christi
965 3087 1177 3176 provisurus,
1204 3086 1345 3157 hortum
1364 3088 1450 3158 satis
1469 3088 1619 3176 amplum
1646 3087 1857 3159 monasterio
1876 3086 2044 3178 Corporis

490 3206 620 3278 Christi
648 3192 855 3297 contiguum,
884 3227 983 3296 quem
1012 3207 1164 3296 propriis
1191 3207 1345 3296 pecuniis
1378 3208 1412 3277 in
1440 3209 1567 3298 oppido
1595 3207 1831 3280 Casimirieusi
1857 3214 2045 3296 coemerat,
2159 3250 2163 3280 ⁶.

491 3333 527 3398 et
555 3327 710 3417 domum,
748 3331 848 3417 quom
876 3326 1027 3417 propriis
1055 3327 1249 3416 sumptibus
1276 3329 1312 3397 in
1339 3328 1493 3401 eiusdem
1520 3329 1613 3399 horti
1649 3349 1732 3400 1111
1767 3328 2044 3400 1111111111-
2161 3317 2163 3320 ’

491 3454 601 3538 verat,
628 3449 839 3520 monasterio
866 3446 1023 3538 praefato
1051 3429 1216 3538 Corporis
1244 3447 1375 3519 Christi
1402 3449 1510 3521 donat
1532 3456 1710 3541 perpetuo,
1737 3452 1891 3520 annectit
1918 3456 1958 3520 11
1977 3450 2043 3519 111-

490 3571 595 3660 gitur,
623 3591 712 3640 anno
739 3569 877 3640 Domini
909 3570 1006 3640 1407
1017 3624 1025 3658 ,
1061 3568 1257 3658 primodie
1284 3568 1442 3660 Augusti.
1489 3570 1594 3642 Cuius
1623 3572 1760 3662 quidem
1780 3571 1919 3642 'domus
1947 3571 2042 3642 horti

492 3690 712 3762 donationem
738 3711 802 3780 per
828 3689 1019 3780 praefatum
1042 3689 1186 3760 Petrum
1212 3689 1384 3780 Wysch'
1405 3692 1603 3783 episcopum
1622 3691 1884 3763 Cracovieusem
1902 3691 2042 3780 iactam,

490 3810 769 3882 Vladislaus
806 3809 1041 3882 Secundus
1077 3809 1243 3881 Polouiae
1278 3831 1340 3881 rer
1376 3831 1439 3901 per
1464 3813 1601 3883 litteras
1637 3830 1719 3883 suas
1754 3818 1914 3902 patentes
1951 3831 2041 3882 anno
2158 3878 2162 3884 .

490 3931 629 4002 Domini
661 3933 777 4021 1426,
814 3931 857 4002 ab
885 3932 1043 4002 omnibus
1080 3931 1262 4020 oneribus,
1299 3932 1527 4004 servitutibus
1562 3939 1600 4004 et
1626 3933 1753 4023 dariis,
1791 3933 1982 4004 ordinariis
2008 3938 2042 4002 et

491 4051 794 4142 extraordinariis,
831 4052 937 4142 regiis
965 4057 1001 4122 et
1028 4052 1187 4123 civilibus
1214 4053 1377 4142 libertat,
1404 4054 1501 4124 etin
1530 4059 1659 4125 sortem
1686 4052 1853 4124 transfert
1879 4054 2041 4124 ecclesia-

492 4172 599 4244 sticae
625 4173 808 4246 libertatis.

951 4659 955 4668 -
1074 4598 1458 4704 MSTOVJENSE,

492 4791 725 4872 secundum
760 4796 1060 4872 monasterium
1094 4795 1395 4873 canonicorum
1430 4795 1682 4897 regularium
1715 4795 1876 4874 ordinis
1898 4795 2038 4876 Sancti
2161 4780 2162 4783 ¹

832 4929 1070 5032 Augustini,
1117 4931 1377 5013 indioecesi
1410 4930 1701 5012 Oracovienal.

594 5148 832 5222 Cracoviensis
848 5149 1041 5240 ,episcopus
1074 5149 1168 5222 Yvo
1204 5150 1247 5221 de
1273 5150 1479 5240 Konslre,
1519 5172 1561 5222 ex
1589 5153 1697 5224 nobili
1724 5153 1834 5242 stirpe
1860 5171 2039 5242 procerum

363 5365 366 5379 1
490 5269 670 5360 Ρ1111111,
706 5292 793 5360 quae
828 5292 866 5341 se
894 5268 1201 5342 Odrowausch
1237 5256 1414 5361 nuncupat
1449 5278 1565 5362 ortus,
1600 5274 1655 5355 vir
1687 5273 1980 5360 singularissimae
2007 5277 2039 5343 et

488 5412 590 5461 rarae
625 5392 658 5461 in
688 5391 799 5462 Deum
826 5397 863 5463 et
889 5390 1091 5482 religionem
1119 5391 1349 5464 orthodoxam
1375 5392 1541 5465 ferventis
1569 5393 1763 5465 devotionis
1789 5401 1827 5464 et
1852 5395 2038 5484 religionis,

489 5509 533 5580 ad
561 5511 793 5600 ampliandum
821 5519 856 5584 11
875 5513 1134 5604 propagandum
1163 5514 1294 5584 cultum
1321 5513 1434 5585 laudis
1461 5521 1497 5585 et
1515 5515 1664 5586 nominis
1691 5514 1809 5602 divini,
1837 5515 1873 5584 in
1892 5513 2037 5584 dioecesi

353 5703 357 5712 ,
491 5649 571 5721 sua,
599 5637 634 5704 11
660 5632 703 5702 11
730 5631 907 5704 11111111
932 5655 1111 5710 servorum
1138 5635 1222 5727 Dei,
1254 5640 1290 5706 et
1316 5636 1428 5729 vitam
1452 5637 1676 5707 monasticam
1704 5642 1741 5707 11
1767 5635 2054 5728 anachoreticam.
2161 5716 2162 5743 ,
