4492 6592
391 819 396 824 .
484 755 559 828 280

482 961 740 1050 monasterium,
758 959 901 1050 eiusque
919 958 1073 1031 officinas
1092 964 1191 1032 cocto
1205 961 1316 1032 latere
1334 961 1408 1032 suis
1426 959 1621 1051 sumptibus
1638 959 1796 1032 lubricat
1823 957 1889 1032 Gui
1906 965 1942 1032 et
1956 960 2024 1032 inn-

482 1083 563 1154 dum
590 1102 631 1153 ao
658 1081 770 1153 vicum
798 1079 992 1172 praefatum
1019 1081 1360 1173 Sthanyqthlry,
1380 1081 1472 1180 ,item
1495 1081 1597 1152 villas
1623 1082 1871 1172 Lyppowa,
1898 1081 2024 1172 Zago

481 1225 575 1293 rze,
602 1203 824 1292 Babicze,
851 1200 1177 1292 Roszkochow,
1203 1203 1515 1291 Luszowicze,
1541 1202 1819 1292 Dlugoszin,
1845 1201 2024 1276 Gzesho

480 1325 634 1414 wicze,
652 1323 675 1395 J
685 1343 869 1395 aworno
896 1323 1055 1413 mediam,
1073 1325 1157 1395 item
1177 1323 1413 1414 Smolycze
1439 1343 1517 1394 cum
1535 1323 1852 1413 custoribus-item
1870 1323 2023 1415 oppidum

481 1446 653 1517 Zathor
680 1465 757 1518 cum
784 1444 999 1534 castoribus,
1027 1445 1109 1516 item
1136 1445 1323 1536 Kanthy
1349 1445 1533 1536 oppidum,
1567 1445 1653 1516 item
1679 1443 1911 1536 Ozelyadz
1937 1448 2025 1537 oppi-

479 1568 561 1639 dum
588 1587 694 1658 snpra
719 1567 845 1638 flumen
872 1566 1176 1658 Brzennycza
1203 1567 1309 1638 situm
1337 1587 1415 1638 curn
1446 1567 1652 1656 custoribus,
1678 1571 1716 1638 et
1741 1567 1925 1638 tabernam
1951 1566 2027 1638 Wi-

479 1690 599 1761 thovv
635 1707 744 1779 prope
778 1687 1064 1780 Schyevvior,
1100 1687 1208 1759 etde
1234 1691 1332 1759 terra
1358 1687 1403 1758 ad
1430 1687 1555 1777 viginti
1581 1691 1701 1759 aratra
1735 1707 1863 1779 magna
1898 1709 2030 1780 quaes

478 1810 581 1900 vulgo
607 1815 691 1882 tune
717 1807 827 1880 carolo
858 1807 1059 1898 dicebatur,
1095 1808 1180 1880 item
1219 1806 1425 1898 Ostrovv,
1465 1808 1550 1878 item
1594 1807 1912 1902 Podlanszye,
1949 1831 2030 1900 quas

480 1931 567 2002 duas
594 1931 694 2002 villas
722 1935 905 2021 acceperat
935 1951 999 2020 per
1027 1930 1198 2005 cambium
1225 1949 1290 2020 pro
1317 1929 1683 2001 Lanthkowicze
1708 1936 1747 2002 et
1771 1930 2030 2023 Wosznihy,

478 2053 563 2124 item
590 2051 955 2143 Lyanslrovvicze
982 2071 1058 2124 cum
1087 2051 1284 2123 custoribus
1311 2055 1347 2122 et
1373 2050 1571 2145 molendino
1599 2071 1707 2143 snpra
1732 2051 1919 2142 Rabam,
1951 2053 2029 2124 iten

481 2175 580 2246 villas
607 2172 825 2268 Plonsze,
845 2171 1135 2265 Zagrodzye,
1154 2151 2031 2266 Nahusze,Druszow,Praemancz'any,

479 2295 666 2388 Szycze,
694 2294 1036 2383 Lusszovvicze3
1062 2295 1146 2366 item
1173 2293 1291 2366 villam
1318 2294 1486 2385 optimam
1512 2293 1872 2386 Olymponthov,
1898 2317 1944 2366 ex
1972 2317 2030 2367 sno

478 2417 616 2521 nomine
643 2416 693 2488 sic
718 2416 936 2507 appellatam,
963 2417 1000 2488 in
1027 2416 1145 2488 dotem
1171 2413 1359 2488 confortet
1377 2415 1541 2506 assignat.
1568 2414 1625 2488 Ad
1639 2415 1935 2490 cohonestandum
1948 2438 2030 2508 quo-

480 2559 546 2627 que
573 2537 664 2610 filiae
692 2559 774 2610 suae
801 2537 1107 2629 Wyszenczae
1135 2537 1180 2608 ad
1206 2537 1337 2609 dictnrn
1363 2538 1612 2610 monasterinm
1639 2539 1676 2608 in
1702 2537 2031 2630 Sthauyathky

479 2659 682 2750 ingressum,
709 2659 825 2731 villam
852 2651 1044 2751 Nyenryl
1071 2659 1284 2731 monasterio
1311 2658 1469 2750 praefato
1487 2664 1656 2750 perpetue
1674 2659 1791 2750 donat,
1818 2660 1920 2750 qnasi
1937 2661 2031 2751 prior

479 2781 621 2852 donatio
648 2801 771 2871 parum
799 2779 974 2852 sufficiens
1000 2779 1132 2852 finisset.
1158 2779 1213 2850 Ex
1241 2781 1339 2852 cuius
1366 2780 1504 2870 quidem
1531 2779 1624 2852 dotis
1650 2780 1909 2871 magnitudine,
1937 2784 2031 2873 regia

478 2901 594 2973 verius
613 2921 714 2994 quam
741 2901 901 2991 militari,
928 2906 964 2972 et
981 2901 1201 2973 devotionem
1227 2900 1499 2992 religionemque
1525 2901 1593 2972 viri
1620 2902 1757 2973 eteius
1783 2901 2029 2974 abundantiam

476 3023 609 3113 poteris
636 3023 839 3112 aestimare,
868 3023 927 3113 qui
954 3023 1133 3094 ecclesiam
1159 3022 1357 3094 huiusmodi
1383 3028 1420 3093 et
1445 3022 1656 3094 monasterio
1681 3022 1871 3114 fabricatis,
1897 3024 2031 3112 calices,

478 3165 608 3234 cruces,
635 3143 780 3234 casulas,
808 3163 936 3235 cappas
954 3149 991 3216 et
1008 3143 1146 3234 singula
1171 3143 1405 3217 ecclesiastica
1430 3143 1602 3234 cumnilia,
1630 3143 1743 3216 eidem
1767 3143 1845 3217 loco
1870 3145 2031 3218 munifica

477 3266 664 3362 donatione
692 3264 772 3337 dum
799 3265 943 3356 viveret,
970 3267 1025 3336 est
1050 3265 1208 3356 largitus.
1234 3264 1275 3336 In
1303 3265 1400 3338 cuius
1426 3265 1630 3338 monasterii
1656 3265 1834 3356 sacristia,
1861 3266 1915 3338 ita
1942 3267 2030 3338 enin

477 3387 598 3458 vivens
625 3385 866 3474 ordinaverat,
902 3405 1074 3458 unacum
1102 3387 1249 3477 coniuge
1275 3405 1340 3459 sua
1371 3385 1657 3477 Raczslawa,
1690 3386 1842 3460 foemina
1876 3385 1972 3478 hugi
1998 3393 2032 3458 et

477 3507 631 3579 honestis
650 3507 803 3580 moribus
821 3507 934 3598 plena,
962 3507 1133 3598 separatis
1151 3508 1375 3599 sarcophagis
1393 3508 1550 3598 sepultus
1568 3508 1764 3600 requiescit
1790 3506 1900 3581 (iuius
1915 3529 2031 3581 exem·
2131 3507 2135 3514 ’

475 3629 553 3721 plar
580 3633 719 3702 secutus
746 3649 854 3732 nepos
886 3649 969 3702 suus
995 3629 1208 3702 Andreas
1243 3629 1422 3705 Plocensis
1449 3629 1651 3721 episcopus,
1686 3631 1747 3722 qui
1772 3649 1864 3702 anno
1891 3631 2030 3702 Domini

479 3751 576 3822 1238
604 3750 757 3842 petalum
785 3749 981 3842 pontificale
1008 3751 1044 3823 in
1072 3751 1218 3822 ecelesia
1244 3749 1405 3823 Plocensi
1431 3771 1554 3842 gerere
1581 3752 1705 3842 coepit,
1731 3751 1824 3824 lilius
1846 3750 1964 3824 Marci
1989 3753 2030 3824 de

475 3871 788 3944 Brzesznicza
814 3871 959 3963 palatini
987 3870 1246 3960 Gronovieuais,
1281 3872 1421 3962 generis
1447 3877 1483 3943 et
1509 3873 1585 3962 ipse
1611 3869 1845 3963 Gryphum
1871 3871 2028 3945 deferen-

475 3994 571 4083 tium,
599 3999 635 4064 et
661 3993 789 4066 iratres
808 3994 862 4064 sni
879 3994 1036 4084 germani
1062 3993 1086 4065 J
1096 3995 1214 4064 auko
1246 4012 1361 4066 comes
1379 3993 1587 4065 castellanus
1606 3993 1649 4066 de
1667 3992 1796 4066 Ruda
1821 3999 1859 4066 et
1876 3993 2028 4087 Wyrz·

474 4116 680 4206 byantha
715 4115 935 4206 praepositus
971 4115 1014 4186 de
1047 4115 1364 4206 Stanyathhy,
1399 4115 1492 4187 hona
1526 4114 1695 4187 notabilia
1729 4121 1767 4186 et
1792 4115 2029 4189 haereditates

475 4241 637 4326 paternas
673 4235 784 4308 eidem
825 4235 1035 4308 monasterio
1069 4237 1105 4306 in
1147 4237 1497 4329 Sthanyathky,
1536 4235 1700 4308 videlicet
1738 4236 1857 4308 villam
1897 4237 2028 4310 Brze-

437 4399 443 4407 ·
475 4359 660 4429 sznicza
686 4379 763 4430 cum
790 4357 935 4428 ecclesia
961 4357 1154 4447 parochiali
1180 4358 1281 4428 Beati
1308 4356 1495 4428 Clementis
1513 4357 1617 4430 villae
1643 4358 1800 4430 eiusdem
1824 4364 1862 4430 et
1887 4360 2028 4432 decimis

475 4479 519 4550 ad
537 4479 771 4570 parochialem
790 4477 932 4550 eandem
952 4479 1134 4550 ecclesiam
1152 4478 1418 4570 pertinentibus,
1444 4479 1529 4550 item
1555 4479 1673 4550 villam
1699 4479 2028 4570 Lyopyanlram

476 4621 553 4670 cum
580 4600 662 4689 sale,
689 4601 771 4671 item
797 4599 1051 4672 haereditatem
1088 4599 1352 4689 Vincentii,
1394 4620 1483 4690 quae
1523 4619 1615 4672 nunc
1650 4601 1868 4692 Bochnya
1902 4601 2030 4674 dicitur

475 4723 557 4793 item
576 4720 676 4793 villas
703 4721 898 4810 Birkow,
928 4719 1285 4812 Nidoluszicze,
1313 4720 1594 4812 Wisznioze,
1620 4721 2028 4813 Dobronyowicze,

476 4841 947 4934 Ozyendaczovvicze,
990 4844 1072 4914 item
1100 4843 1187 4914 duas
1223 4843 1403 4933 portiones
1440 4841 1523 4914 salis
1549 4843 1595 4914 ad
1620 4823 1833 4936 Magnum
1868 4841 2028 4932 Salem,

474 4983 562 5055 quae
589 4985 610 5035 a
637 4963 741 5055 vulgo
768 4961 992 5054 Pyeczini
1020 4971 1056 5036 et
1082 4963 1260 5035 Korone
1287 4963 1459 5054 dicuntur,
1485 4969 1654 5055 perpetuo
1671 4964 1860 5055 inscripsit,
1882 4965 2028 5038 contulit

415 5077 418 5086 '
473 5091 510 5158 et
532 5083 684 5158 donavit.
702 5085 919 5158 Donationes
937 5091 1053 5157 autem
1070 5084 1249 5176 praefatae
1266 5085 1478 5158 monasterio
1504 5086 1541 5156 in
1569 5083 1902 5178 Stanyanthky
1929 5107 2027 5177 prae·

473 5207 576 5296 dicto,
603 5227 667 5297 per
693 5203 977 5278 Clementem
1005 5207 1231 5278 castellanum
1244 5205 1518 5296 Gracoviensem,
1546 5211 1583 5278 et
1607 5225 1672 5297 per
1697 5206 1929 5280 Andream
1957 5209 2026 5298 epi·

473 5346 613 5418 scopum
639 5325 851 5418 Plocensem,
878 5329 969 5400 sicut
990 5327 1232 5419 praemisimus
1249 5325 1373 5417 iactae,
1400 5347 1470 5400 non
1488 5327 1618 5400 debent
1635 5328 1769 5400 censeri
1795 5327 2025 5417 incredibiles,

472 5451 533 5519 aut
558 5449 716 5521 revocari
743 5469 786 5521 ex
812 5469 855 5522 eo
882 5449 920 5521 in
947 5449 1098 5540 dubium,
1128 5449 1221 5540 qnod
1246 5449 1495 5522 monasterium
1521 5449 1558 5520 in
1585 5447 1921 5542 Stanyanthlry
1945 5452 2025 5522 hae-
2137 5546 2138 5549 Ν

472 5566 649 5658 reditates,
676 5569 803 5661 oppida
820 5575 857 5642 et
873 5571 975 5642 villas
992 5569 1168 5661 praefatas
1194 5571 1363 5642 hactenus
1389 5569 1544 5661 plenarie
1570 5589 1640 5642 nou
1665 5569 1832 5662 possidet
1858 5591 2024 5663 processu

472 5687 767 5779 cointemporis,
793 5689 930 5780 aliquae
956 5711 1075 5764 earum
1094 5711 1159 5783 pro
1178 5691 1257 5764 aliis
1274 5691 1549 5764 haereditatibus
1572 5691 1743 5766 cambitae
1770 5697 1863 5783 sunt,
1890 5692 2024 5785 aliquae
2137 5696 2138 5785 ζ
