4492 6592
1645 797 1717 872 229

167 1013 277 1106 spatio
304 1013 475 1085 nobiliter
500 1009 566 1084 fuit
593 1017 629 1084 et
655 1010 797 1084 dotatus
824 1017 860 1082 et
885 1009 1092 1100 insignitus3
1128 1008 1173 1081 ad
1201 1005 1433 1099 populandum
1466 1013 1582 1079 autem
1608 1029 1719 1081 novae

167 1134 381 1208 fundationis
410 1133 620 1222 coenobium,
648 1133 692 1202 ad
720 1131 880 1203 abbatem
899 1132 1025 1203 montis
1053 1129 1240 1202 Cossini
1267 1150 1331 1219 per
1357 1128 1625 1200 Boleslaum
1652 1128 1720 1203 Po·

168 1256 277 1327 loniae
313 1274 436 1343 regem
471 1273 632 1326 recursus
669 1253 809 1324 babitus
843 1258 916 1339 est,
953 1259 989 1322 et
1015 1271 1077 1341 per
1105 1252 1244 1322 nuntios
1279 1248 1447 1340 speciales
1482 1251 1555 1320 illic
1589 1270 1719 1340 arege

169 1378 297 1462 missos,
327 1373 509 1446 duodecim
536 1372 664 1446 fratres
692 1393 735 1443 ex
766 1372 933 1444 coenobio
960 1369 1190 1460 Cassiniensi‚
1218 1391 1336 1442 omnes
1362 1391 1490 1461 genere
1515 1371 1658 1443 natione
1684 1377 1721 1444 et

169 1498 284 1585 lingva
311 1495 449 1583 Italici,
483 1494 650 1566 Poloniae
677 1495 752 1582 regi
779 1493 1000 1564 Boleslao
1036 1491 1251 1581 transmissi,
1286 1497 1323 1562 et
1347 1493 1392 1563 ab
1418 1491 1479 1563 illo
1506 1493 1720 1582 benignitate

170 1618 263 1706 regia
289 1615 456 1705 suscepti,
483 1616 579 1686 etin
606 1614 818 1686 monasterio
846 1611 1078 1684 Calvariensis
1101 1612 1259 1682 coenobii
1285 1611 1454 1682 collocati.
1481 1612 1514 1684 A
1542 1635 1609 1702 quo
1634 1621 1722 1684 tem·

170 1757 250 1828 pure
275 1735 352 1808 fere
380 1757 489 1826 usque
508 1735 552 1806 ad
570 1743 725 1806 nostram
753 1738 913 1822 aetatem,
941 1733 975 1803 in
1003 1730 1152 1803 fratrum
1171 1732 1408 1803 decedentium
1436 1733 1722 1825 supplementum,

172 1859 247 1930 novi
282 1856 417 1928 fratres
453 1857 497 1928 nd
533 1857 781 1927 monasterium
817 1853 964 1924 Sanctae
1000 1852 1122 1960 Crucis
1158 1851 1290 1924 calvi
1325 1855 1495 1924 montis
1531 1875 1573 1925 ex
1603 1864 1722 1927 monte
1844 1859 1848 1864 ’

173 1979 368 2050 Gasaino
397 1976 576 2048 Poloniam
603 1977 840 2047 mittebantur.
867 1975 907 2045 ln
934 1973 1132 2046 novissimis
1157 1973 1298 2044 tandem
1316 1974 1447 2064 diebus,
1475 1977 1586 2047 veteri
1603 1978 1722 2048 obser-

174 2100 289 2171 nantia
315 2098 467 2186 abolita,
504 2074 687 2168 Polonicae
722 2097 837 2185 gentis
873 2095 1030 2166 homines
1066 2095 1268 2166 coenobium
1300 2095 1387 2166 illud
1414 2103 1451 2167 et
1476 2096 1722 2168 administrare

175 2225 361 2308 coeperunt
388 2224 426 2288 et
452 2217 612 2306 incolere,
640 2217 730 2306 qnod
749 2223 786 2286 et
803 2217 973 2286 hactenus
998 2216 1091 2304 regit
1118 2216 1284 2304 religiosa
1309 2217 1534 2288 observantia
1560 2220 1725 2307 magister

176 2337 320 2410 Michael
350 2337 395 2408 de
422 2336 627 2427 Lyppye,
654 2337 708 2407 vir
735 2355 843 2426 sagax
870 2343 907 2406 et
933 2334 1102 2424 eruditus,
1129 2335 1189 2424 qui
1215 2343 1252 2406 et
1278 2336 1410 2426 liguum
1436 2337 1653 2409 Dominicum
1680 2339 1724 2410 de

177 2465 337 2549 argenteo
366 2458 403 2528 in
430 2456 516 2528 fulvi
542 2458 619 2528 anri
646 2457 822 2528 vasculum
857 2456 1083 2545 transposuit,
1110 2457 1270 2527 etunius
1305 2457 1526 2545 providentia
1550 2467 1724 2530 monaste-

178 2581 261 2650 rium
287 2578 376 2648 illud
405 2577 573 2650 notabilia
599 2577 750 2667 accepit,
788 2577 882 2647 intra
908 2583 945 2646 et
970 2575 1056 2647 toris
1082 2575 1305 2667 incrementa,
1331 2597 1373 2648 eo
1400 2599 1469 2650 uno
1495 2579 1552 2649 vel
1578 2581 1726 2652 mammo
1806 2564 1811 2572 ⁵

112 2789 117 2794 .
179 2701 264 2770 inter
291 2699 410 2770 omnia
436 2699 535 2787 regni
560 2696 725 2769 Poloniae
752 2697 904 2769 omnium
931 2696 1090 2768 ordinum
1117 2699 1330 2768 monasteria
1355 2699 1596 2789 nobilitatum,
1631 2701 1724 2791 qnod

180 2827 212 2890 et
236 2826 415 2890 vetustum
442 2823 478 2888 et
504 2818 653 2907 primum
680 2817 773 2888 inter
800 2817 915 2888 omnia
941 2817 995 2905 sit,
1023 2816 1058 2885 iu
1086 2817 1205 2888 arduis
1223 2825 1260 2888 et
1277 2819 1427 2907 petrosis
1453 2820 1589 2909 alpibus
1612 2821 1726 2910 situm,

182 2941 427 3029 pretiosissimo
454 2945 494 3010 ut
520 2939 760 3028 praemisimus
796 2936 953 3008 vivificae
989 2917 1110 3008 Crucis
1136 2937 1230 3027 ligno
1258 2938 1404 3028 celebre,
1442 2946 1479 3010 et
1505 2941 1727 3012 multitudine

183 3060 222 3130 ad
255 3060 341 3130 illud
378 3059 592 3132 adorandum
628 3064 664 3129 et
691 3057 876 3148 quotannis
912 3065 949 3128 et
975 3063 1060 3147 quot
1095 3056 1218 3129 diebus
1252 3059 1434 3148 utriusque
1469 3081 1572 3132 sexus
1607 3062 1727 3152 populi

184 3180 385 3250 confluentia
419 3178 597 3250 lamosum.
642 3177 740 3266 Quod
775 3175 1056 3249 Vladislans
1092 3175 1332 3249 Secundus
1366 3178 1542 3251 Poloniae¹
1566 3201 1628 3252 rex
1654 3187 1726 3253 tam

187 3301 383 3389 scmpnlosa
409 3299 632 3371 veneratione
659 3297 789 3387 coluit,
829 3303 869 3368 ut
896 3297 940 3368 ad
967 3297 1098 3368 nullam
1118 3298 1374 3387 expeditionem
1400 3301 1625 3390 transiverit,
1660 3303 1728 3374 nisi

186 3419 254 3492 loco
288 3441 351 3510 per·
389 3421 485 3509 prins
521 3419 675 3508 pedestri
709 3418 835 3489 itinere
871 3418 1024 3490 visitato.
1068 3416 1134 3488 Oui
1160 3425 1197 3489 et
1222 3419 1314 3490 tilius
1350 3439 1434 3491 suus
1469 3419 1729 3493 casimirus

189 3539 370 3610 Tertius
398 3539 563 3612 Poloniae
590 3559 652 3611 rex
686 3539 798 3628 patris
833 3537 1056 3610 devotionem
1078 3557 1305 3627 expressums
1339 3539 1521 3611 ecclesiam
1547 3541 1730 3631 parocbia-

190 3659 248 3732 lem
274 3661 309 3732 in
336 3659 466 3751 oppido
493 3661 590 3750 regio
618 3658 945 3748 Waweluicza,
981 3659 1067 3730 satis
1093 3665 1311 3747 ventuosam,
1347 3679 1424 3739 cum
1460 3663 1618 3733 omnibus
1655 3663 1730 3732 eius

191 3782 407 3869 proventibus
442 3781 618 3852 consensit
652 3779 791 3851 annecti
816 3785 852 3850 et
878 3779 1103 3868 incorporari.
1148 3776 1254 3850 Gauius
1290 3780 1429 3869 quidem
1464 3777 1667 3853 monasterii
1693 3782 1731 3852 hi

192 3907 302 3972 extum
328 3901 487 3974 redditus
514 3908 551 3972 et
575 3901 750 3990 introitus,
776 3901 929 3989 haecque
956 3898 1161 3989 substantia,
1188 3898 1409 3989 decimaeque
1435 3907 1541 3991 atque
1567 3903 1678 3973 villae.

285 4021 537 4094 Monasterium
565 4026 681 4093 autem
707 4019 900 4110 praefatum
928 4019 1059 4090 Galvi
1095 4021 1267 4090 montis
1303 4018 1515 4092 clarissimus
1540 4043 1602 4093 rex
1628 4022 1731 4094 Polo-

195 4142 265 4214 niae
288 4143 570 4214 Vladislaus
596 4141 834 4212 Secundus
860 4141 1001 4212 natione
1020 4139 1224 4228 Litbvanus,
1251 4140 1295 4211 ad
1322 4141 1510 4230 supplicem
1528 4143 1731 4214 instantiam

197 4260 318 4334 Nicolai
344 4263 587 4334 Droszdek
628 4263 780 4334 eiusdem
808 4261 1011 4333 monasterii
1037 4267 1119 4330 tnnc
1146 4261 1301 4350 abbatis,
1335 4267 1372 4332 et
1398 4263 1453 4332 sni
1479 4263 1567 4352 regii
1593 4264 1731 4353 praedi-

199 4385 312 4454 catoris
338 4391 375 4454 et
400 4382 617 4472 contessoris,
645 4403 666 4454 a
685 4379 867 4476 podwodir
893 4383 1062 4471 statione,
1102 4381 1280 4488 laboribus
1307 4383 1481 4455 curiarum
1506 4385 1686 4473 regalium,
1712 4407 1735 4455 a

200 4501 355 4576 solutione
382 4503 642 4592 frumentorum,
670 4523 691 4572 a
718 4502 889 4574 solutione
908 4498 1080 4595 porudloc
1106 4507 1143 4572 et
1169 4503 1213 4574 ab
1241 4503 1400 4574 omnibus
1426 4503 1602 4594 ductoris,
1629 4526 1734 4595 anga-
1808 4483 1815 4502 ⁰

201 4622 264 4712 riis,
288 4631 454 4716 perpetuo
482 4625 610 4696 exemit
637 4621 788 4696 absolvit
814 4629 850 4694 et
877 4643 939 4712 per
966 4622 1086 4694 literas
1112 4628 1271 4713 patentes
1297 4622 1450 4695 libertat.

439 4887 742 4967 monasterinm
776 4883 894 4964 Oalvl
929 4889 1082 4964 montis
1116 4885 1298 4966 Sanctae
1331 4885 1497 4968 crucis.

296 5106 335 5176 ln
361 5113 478 5179 monte
505 5107 615 5178 arduo
641 5113 678 5178 et
703 5125 884 5178 nemoroso
912 5104 1160 5176 Calvariae
1187 5107 1293 5176 situm
1310 5113 1373 5195 est,
1400 5127 1443 5177 er
1461 5129 1529 5197 quo
1548 5109 1583 5178 in
1601 5129 1735 5182 omnem

210 5223 368 5312 regionem
395 5227 671 5298 circumvicinam
698 5226 872 5314 spatiosus
899 5233 936 5296 et
962 5233 1126 5310 extensus
1153 5233 1190 5296 et
1217 5227 1276 5315 qui
1302 5227 1410 5296 oculis
1438 5248 1506 5297 non
1533 5236 1650 5317 potest
1666 5237 1738 5302 ter-

211 5342 329 5436 minari,
354 5349 502 5420 babetur
528 5351 741 5436 prospectus.
767 5344 974 5417 Monasterii
1002 5352 1117 5416 autem
1145 5345 1293 5435 praelati
1319 5352 1419 5416 vetus
1446 5348 1606 5438 ecclesia,
1634 5371 1739 5440 opere

212 5469 331 5538 retmto
356 5475 392 5540 et
416 5489 542 5558 graeco
570 5488 613 5538 ex
639 5473 750 5556 petra,
776 5465 946 5537 fabricata
971 5471 1007 5536 et
1033 5470 1170 5536 murata
1195 5464 1260 5535 fuit
1286 5486 1392 5554 opere
1418 5466 1540 5538 humili
1566 5475 1604 5540 et
1634 5471 1738 5543 basso
1767 5542 1769 5545 ,
1890 5511 1894 5521 ·

216 5599 268 5666 per
290 5585 549 5661 Boleslaum
577 5586 777 5668 Ghrabri
804 5587 952 5675 primum
975 5585 1284 5674 Poloniaeregem
1303 5591 1420 5675 etper
1445 5585 1741 5663 'Vladislanm

216 5695 449 5781 Secundum
475 5708 640 5780 Poloniae
667 5727 783 5796 regem
810 5707 947 5796 pictura
973 5725 1098 5796 graeca
1124 5697 1303 5794 exornata,
1344 5726 1432 5795 quae
1460 5705 1563 5779 bodie
1590 5711 1741 5785 babetur
