<?xml version="1.0" encoding="UTF-8"?>
<!DOCTYPE html PUBLIC "-//W3C//DTD XHTML 1.0 Transitional//EN"
    "http://www.w3.org/TR/xhtml1/DTD/xhtml1-transitional.dtd">
<html xmlns="http://www.w3.org/1999/xhtml" xml:lang="en" lang="en">
 <head>
  <title>
</title>
<meta http-equiv="Content-Type" content="text/html;charset=utf-8" />
  <meta name='ocr-system' content='tesseract 3.04.00' />
  <meta name='ocr-capabilities' content='ocr_page ocr_carea ocr_par ocr_line ocrx_word'/>
</head>
<body>
  <div class='ocr_page' id='page_1' title='image "./operaomnia00paulgoog_0058.png"; bbox 0 0 4492 6592; ppageno 0'>
   <div class='ocr_carea' id='block_1_1' title="bbox 1673 712 1877 837">
    <p class='ocr_par' dir='ltr' id='par_1_1' title="bbox 1673 712 1877 837">
     <span class='ocr_line' id='line_1_1' title="bbox 1673 712 1877 837; baseline 0 0"><span class='ocrx_word' id='word_1_1' title='bbox 1673 712 1877 837; x_wconf 38' lang='lat' dir='ltr'><strong>‘ra‘</strong></span> 
     </span>
    </p>
   </div>
   <div class='ocr_carea' id='block_1_2' title="bbox 224 967 1867 2402">
    <p class='ocr_par' dir='ltr' id='par_1_2' title="bbox 224 967 1785 1186">
     <span class='ocr_line' id='line_1_2' title="bbox 224 967 1785 1065; baseline 0.001 -20"><span class='ocrx_word' id='word_1_2' title='bbox 224 989 337 1062; x_wconf 83' lang='lat' dir='ltr'><strong>grana</strong></span> <span class='ocrx_word' id='word_1_3' title='bbox 367 979 409 1046; x_wconf 86' lang='lat' dir='ltr'><strong>et</strong></span> <span class='ocrx_word' id='word_1_4' title='bbox 434 967 609 1046; x_wconf 64' lang='lat' dir='ltr'><strong>flumenta</strong></span> <span class='ocrx_word' id='word_1_5' title='bbox 635 993 700 1065; x_wconf 92' lang='lat' dir='ltr'><strong>pro</strong></span> <span class='ocrx_word' id='word_1_6' title='bbox 726 973 936 1056; x_wconf 87' lang='lat' dir='ltr'><strong>monasterio</strong></span> <span class='ocrx_word' id='word_1_7' title='bbox 964 973 1110 1065; x_wconf 91' lang='lat' dir='ltr'><strong>molere,</strong></span> <span class='ocrx_word' id='word_1_8' title='bbox 1148 979 1184 1045; x_wconf 90' lang='lat' dir='ltr'><strong>et</strong></span> <span class='ocrx_word' id='word_1_9' title='bbox 1210 971 1349 1046; x_wconf 86' lang='lat' dir='ltr'><strong>nonnisi</strong></span> <span class='ocrx_word' id='word_1_10' title='bbox 1375 973 1525 1046; x_wconf 81' lang='lat' dir='ltr'><strong>medinm</strong></span> <span class='ocrx_word' id='word_1_11' title='bbox 1551 979 1735 1047; x_wconf 77' lang='lat' dir='ltr'><strong>metretam</strong></span> <span class='ocrx_word' id='word_1_12' title='bbox 1762 995 1785 1048; x_wconf 93' lang='lat' dir='ltr'><strong>a</strong></span> 
     </span>
     <span class='ocr_line' id='line_1_3' title="bbox 225 1093 599 1186; baseline 0.003 -22"><span class='ocrx_word' id='word_1_13' title='bbox 225 1093 407 1166; x_wconf 81' lang='lat' dir='ltr'><strong>molitione</strong></span> <span class='ocrx_word' id='word_1_14' title='bbox 434 1095 599 1186; x_wconf 88' lang='lat' dir='ltr'><strong>recipere.</strong></span> 
     </span>
    </p>

    <p class='ocr_par' dir='ltr' id='par_1_3' title="bbox 226 1215 1867 2402">
     <span class='ocr_line' id='line_1_4' title="bbox 226 1215 1784 1308; baseline 0.003 -22"><span class='ocrx_word' id='word_1_15' title='bbox 226 1251 233 1264; x_wconf 93' lang='lat'><strong>·</strong></span> <span class='ocrx_word' id='word_1_16' title='bbox 333 1216 488 1288; x_wconf 90' lang='lat' dir='ltr'><strong>Tertium</strong></span> <span class='ocrx_word' id='word_1_17' title='bbox 514 1217 748 1289; x_wconf 80' lang='lat' dir='ltr'>molendinum</span> <span class='ocrx_word' id='word_1_18' title='bbox 785 1217 821 1288; x_wconf 92' lang='lat' dir='ltr'><strong>in</strong></span> <span class='ocrx_word' id='word_1_19' title='bbox 846 1216 985 1288; x_wconf 88' lang='lat' dir='ltr'><strong>flumine</strong></span> <span class='ocrx_word' id='word_1_20' title='bbox 1012 1215 1218 1288; x_wconf 80' lang='lat' dir='ltr'><strong>Pradnilr</strong></span> <span class='ocrx_word' id='word_1_21' title='bbox 1246 1217 1430 1308; x_wconf 87' lang='lat' dir='ltr'><strong>situatum,</strong></span> <span class='ocrx_word' id='word_1_22' title='bbox 1462 1219 1560 1290; x_wconf 90' lang='lat' dir='ltr'><strong>cuius</strong></span> <span class='ocrx_word' id='word_1_23' title='bbox 1586 1219 1784 1308; x_wconf 75' lang='lat' dir='ltr'><strong>proprietas</strong></span> 
     </span>
     <span class='ocr_line' id='line_1_5' title="bbox 226 1338 1784 1432; baseline 0.002 -23"><span class='ocrx_word' id='word_1_24' title='bbox 226 1345 263 1409; x_wconf 90' lang='lat' dir='ltr'><strong>et</strong></span> <span class='ocrx_word' id='word_1_25' title='bbox 299 1338 489 1409; x_wconf 88' lang='lat' dir='ltr'><strong>domirrium</strong></span> <span class='ocrx_word' id='word_1_26' title='bbox 526 1338 571 1410; x_wconf 91' lang='lat' dir='ltr'><strong>ad</strong></span> <span class='ocrx_word' id='word_1_27' title='bbox 607 1339 857 1410; x_wconf 88' lang='lat' dir='ltr'><strong>monasterium</strong></span> <span class='ocrx_word' id='word_1_28' title='bbox 890 1339 1075 1432; x_wconf 84' lang='lat' dir='ltr'><strong>hospitalis</strong></span> <span class='ocrx_word' id='word_1_29' title='bbox 1109 1339 1256 1412; x_wconf 78' lang='lat' dir='ltr'><strong>Sanctae</strong></span> <span class='ocrx_word' id='word_1_30' title='bbox 1292 1338 1413 1412; x_wconf 86' lang='lat' dir='ltr'><strong>Crucis</strong></span> <span class='ocrx_word' id='word_1_31' title='bbox 1449 1341 1620 1430; x_wconf 82' lang='lat' dir='ltr'><strong>pertinet,</strong></span> <span class='ocrx_word' id='word_1_32' title='bbox 1651 1341 1784 1412; x_wconf 88' lang='lat' dir='ltr'><strong>habens</strong></span> 
     </span>
     <span class='ocr_line' id='line_1_6' title="bbox 227 1460 1802 1553; baseline 0.003 -23"><span class='ocrx_word' id='word_1_33' title='bbox 227 1479 332 1548; x_wconf 83' lang='lat' dir='ltr'><strong>agros</strong></span> <span class='ocrx_word' id='word_1_34' title='bbox 350 1465 387 1531; x_wconf 91' lang='lat' dir='ltr'><strong>et</strong></span> <span class='ocrx_word' id='word_1_35' title='bbox 403 1467 523 1550; x_wconf 90' lang='lat' dir='ltr'><strong>prata,</strong></span> <span class='ocrx_word' id='word_1_36' title='bbox 552 1460 644 1551; x_wconf 91' lang='lat' dir='ltr'><strong>quod</strong></span> <span class='ocrx_word' id='word_1_37' title='bbox 662 1480 752 1532; x_wconf 90' lang='lat' dir='ltr'><strong>nunc</strong></span> <span class='ocrx_word' id='word_1_38' title='bbox 770 1465 867 1531; x_wconf 90' lang='lat' dir='ltr'><strong>tenet</strong></span> <span class='ocrx_word' id='word_1_39' title='bbox 885 1460 1009 1532; x_wconf 88' lang='lat' dir='ltr'><strong>relicta</strong></span> <span class='ocrx_word' id='word_1_40' title='bbox 1027 1461 1109 1532; x_wconf 92' lang='lat' dir='ltr'><strong>olim</strong></span> <span class='ocrx_word' id='word_1_41' title='bbox 1136 1515 1278 1531; x_wconf 94' lang='grc'><strong>......</strong></span> <span class='ocrx_word' id='word_1_42' title='bbox 1304 1461 1539 1533; x_wconf 88' lang='lat' dir='ltr'><strong>haereditarie</strong></span> <span class='ocrx_word' id='word_1_43' title='bbox 1566 1461 1802 1553; x_wconf 70' lang='lat' dir='ltr'><strong>arendatum,</strong></span> 
     </span>
     <span class='ocr_line' id='line_1_7' title="bbox 228 1581 1785 1674; baseline 0.002 -22"><span class='ocrx_word' id='word_1_44' title='bbox 228 1581 321 1672; x_wconf 85' lang='lat' dir='ltr'><strong>quod</strong></span> <span class='ocrx_word' id='word_1_45' title='bbox 357 1582 503 1672; x_wconf 85' lang='lat' dir='ltr'><strong>singulis</strong></span> <span class='ocrx_word' id='word_1_46' title='bbox 539 1582 639 1654; x_wconf 90' lang='lat' dir='ltr'><strong>annis</strong></span> <span class='ocrx_word' id='word_1_47' title='bbox 675 1603 739 1673; x_wconf 91' lang='lat' dir='ltr'><strong>pro</strong></span> <span class='ocrx_word' id='word_1_48' title='bbox 776 1603 889 1653; x_wconf 89' lang='lat' dir='ltr'><strong>annue</strong></span> <span class='ocrx_word' id='word_1_49' title='bbox 922 1603 1027 1654; x_wconf 91' lang='lat' dir='ltr'><strong>censu</strong></span> <span class='ocrx_word' id='word_1_50' title='bbox 1054 1583 1160 1654; x_wconf 88' lang='lat' dir='ltr'><strong>solvit</strong></span> <span class='ocrx_word' id='word_1_51' title='bbox 1186 1583 1398 1655; x_wconf 88' lang='lat' dir='ltr'><strong>monasterio</strong></span> <span class='ocrx_word' id='word_1_52' title='bbox 1424 1583 1609 1674; x_wconf 88' lang='lat' dir='ltr'><strong>hospitalia</strong></span> <span class='ocrx_word' id='word_1_53' title='bbox 1636 1583 1785 1655; x_wconf 84' lang='lat' dir='ltr'><strong>Sanctae</strong></span> 
     </span>
     <span class='ocr_line' id='line_1_8' title="bbox 227 1696 1786 1797; baseline 0.003 -23"><span class='ocrx_word' id='word_1_54' title='bbox 227 1701 348 1774; x_wconf 78' lang='lat' dir='ltr'><strong>Crucis</strong></span> <span class='ocrx_word' id='word_1_55' title='bbox 375 1723 436 1774; x_wconf 83' lang='lat' dir='ltr'><strong>sex</strong></span> <span class='ocrx_word' id='word_1_56' title='bbox 473 1724 606 1775; x_wconf 90' lang='lat' dir='ltr'><strong>mareas</strong></span> <span class='ocrx_word' id='word_1_57' title='bbox 633 1705 823 1776; x_wconf 88' lang='lat' dir='ltr'><strong>eommunis</strong></span> <span class='ocrx_word' id='word_1_58' title='bbox 851 1705 1034 1794; x_wconf 90' lang='lat' dir='ltr'><strong>pecuniae,</strong></span> <span class='ocrx_word' id='word_1_59' title='bbox 1071 1705 1106 1776; x_wconf 91' lang='lat' dir='ltr'><strong>in</strong></span> <span class='ocrx_word' id='word_1_60' title='bbox 1134 1725 1242 1794; x_wconf 83' lang='lat' dir='ltr'><strong>regno</strong></span> <span class='ocrx_word' id='word_1_61' title='bbox 1279 1704 1443 1776; x_wconf 82' lang='lat' dir='ltr'><strong>PelenIae</strong></span> <span class='ocrx_word' id='word_1_62' title='bbox 1470 1696 1660 1797; x_wconf 80' lang='lat' dir='ltr'><strong>currentis,</strong></span> <span class='ocrx_word' id='word_1_63' title='bbox 1690 1707 1786 1796; x_wconf 85' lang='lat' dir='ltr'><strong>qued</strong></span> 
     </span>
     <span class='ocr_line' id='line_1_9' title="bbox 229 1825 1786 1918; baseline 0.003 -24"><span class='ocrx_word' id='word_1_64' title='bbox 229 1825 332 1894; x_wconf 86' lang='lat' dir='ltr'><strong>otiam</strong></span> <span class='ocrx_word' id='word_1_65' title='bbox 359 1825 460 1896; x_wconf 92' lang='lat' dir='ltr'><strong>molit</strong></span> <span class='ocrx_word' id='word_1_66' title='bbox 496 1826 611 1898; x_wconf 90' lang='lat' dir='ltr'><strong>omnia</strong></span> <span class='ocrx_word' id='word_1_67' title='bbox 636 1825 810 1898; x_wconf 90' lang='lat' dir='ltr'><strong>frumenta</strong></span> <span class='ocrx_word' id='word_1_68' title='bbox 837 1827 1058 1918; x_wconf 88' lang='lat' dir='ltr'><strong>monasterii,</strong></span> <span class='ocrx_word' id='word_1_69' title='bbox 1091 1826 1135 1898; x_wconf 87' lang='lat' dir='ltr'><strong>de</strong></span> <span class='ocrx_word' id='word_1_70' title='bbox 1161 1825 1275 1897; x_wconf 90' lang='lat' dir='ltr'><strong>media</strong></span> <span class='ocrx_word' id='word_1_71' title='bbox 1301 1832 1459 1916; x_wconf 86' lang='lat' dir='ltr'><strong>metreta,</strong></span> <span class='ocrx_word' id='word_1_72' title='bbox 1486 1829 1786 1917; x_wconf 86' lang='lat' dir='ltr'><strong>praeterbrasea,</strong></span> 
     </span>
     <span class='ocr_line' id='line_1_10' title="bbox 229 1944 1786 2050; baseline 0.003 -36"><span class='ocrx_word' id='word_1_73' title='bbox 229 1944 271 2016; x_wconf 89' lang='lat' dir='ltr'><strong>de</strong></span> <span class='ocrx_word' id='word_1_74' title='bbox 299 1946 426 2035; x_wconf 88' lang='lat' dir='ltr'><strong>quibus</strong></span> <span class='ocrx_word' id='word_1_75' title='bbox 462 1945 591 2018; x_wconf 88' lang='lat' dir='ltr'><strong>nullam</strong></span> <span class='ocrx_word' id='word_1_76' title='bbox 618 1947 744 2036; x_wconf 85' lang='lat' dir='ltr'><strong>recipit</strong></span> <span class='ocrx_word' id='word_1_77' title='bbox 769 1945 964 2018; x_wconf 86' lang='lat' dir='ltr'><strong>metretam.</strong></span> <span class='ocrx_word' id='word_1_78' title='bbox 1008 1947 1096 2018; x_wconf 86' lang='lat' dir='ltr'><strong>Item</strong></span> <span class='ocrx_word' id='word_1_79' title='bbox 1127 1947 1164 2017; x_wconf 92' lang='lat' dir='ltr'><strong>iu</strong></span> <span class='ocrx_word' id='word_1_80' title='bbox 1191 1946 1311 2023; x_wconf 87' lang='lat' dir='ltr'><strong>eadem</strong></span> <span class='ocrx_word' id='word_1_81' title='bbox 1337 1947 1422 2050; x_wconf 78' lang='lat' dir='ltr'><strong>uilla</strong></span> <span class='ocrx_word' id='word_1_82' title='bbox 1447 1946 1687 2018; x_wconf 86' lang='lat' dir='ltr'><strong>Prandnik</strong></span> <span class='ocrx_word' id='word_1_83' title='bbox 1714 1949 1786 2038; x_wconf 81' lang='lat' dir='ltr'><strong>epi-</strong></span> 
     </span>
     <span class='ocr_line' id='line_1_11' title="bbox 231 2065 1827 2160; baseline 0.005 -24"><span class='ocrx_word' id='word_1_84' title='bbox 231 2065 361 2156; x_wconf 90' lang='lat' dir='ltr'><strong>scopali</strong></span> <span class='ocrx_word' id='word_1_85' title='bbox 382 2073 463 2138; x_wconf 89' lang='lat' dir='ltr'><strong>suut</strong></span> <span class='ocrx_word' id='word_1_86' title='bbox 481 2068 632 2158; x_wconf 89' lang='lat' dir='ltr'><strong>quinque</strong></span> <span class='ocrx_word' id='word_1_87' title='bbox 651 2067 743 2139; x_wconf 90' lang='lat' dir='ltr'><strong>lanei</strong></span> <span class='ocrx_word' id='word_1_88' title='bbox 762 2068 996 2140; x_wconf 88' lang='lat' dir='ltr'><strong>emethonales</strong></span> <span class='ocrx_word' id='word_1_89' title='bbox 1023 2069 1257 2160; x_wconf 82' lang='lat' dir='ltr'><strong>episcopales,</strong></span> <span class='ocrx_word' id='word_1_90' title='bbox 1275 2068 1388 2140; x_wconf 88' lang='lat' dir='ltr'><strong>coloni</strong></span> <span class='ocrx_word' id='word_1_91' title='bbox 1406 2074 1443 2140; x_wconf 91' lang='lat' dir='ltr'><strong>et</strong></span> <span class='ocrx_word' id='word_1_92' title='bbox 1460 2069 1681 2140; x_wconf 89' lang='lat' dir='ltr'><strong>hortulaniae</strong></span> <span class='ocrx_word' id='word_1_93' title='bbox 1703 2075 1787 2159; x_wconf 84' lang='lat' dir='ltr'><strong>tres,</strong></span> <span class='ocrx_word' id='word_1_94' title='bbox 1823 2089 1827 2099; x_wconf 87' lang='lat'>·</span> 
     </span>
     <span class='ocr_line' id='line_1_12' title="bbox 229 2187 1867 2280; baseline 0 -20"><span class='ocrx_word' id='word_1_95' title='bbox 229 2187 404 2260; x_wconf 82' lang='lat' dir='ltr'><strong>solventes</strong></span> <span class='ocrx_word' id='word_1_96' title='bbox 432 2209 571 2260; x_wconf 89' lang='lat' dir='ltr'><strong>censum</strong></span> <span class='ocrx_word' id='word_1_97' title='bbox 598 2189 758 2280; x_wconf 88' lang='lat' dir='ltr'><strong>episcopo</strong></span> <span class='ocrx_word' id='word_1_98' title='bbox 786 2187 1008 2262; x_wconf 57' lang='lat' dir='ltr'><strong>maceriensi</strong></span> <span class='ocrx_word' id='word_1_99' title='bbox 1034 2211 1098 2280; x_wconf 90' lang='lat' dir='ltr'><strong>pro</strong></span> <span class='ocrx_word' id='word_1_100' title='bbox 1117 2195 1290 2280; x_wconf 91' lang='lat' dir='ltr'><strong>tempore,</strong></span> <span class='ocrx_word' id='word_1_101' title='bbox 1316 2189 1456 2262; x_wconf 83' lang='lat' dir='ltr'><strong>solvunt</strong></span> <span class='ocrx_word' id='word_1_102' title='bbox 1482 2188 1650 2261; x_wconf 89' lang='lat' dir='ltr'><strong>decimam</strong></span> <span class='ocrx_word' id='word_1_103' title='bbox 1663 2191 1787 2260; x_wconf 51' lang='lat' dir='ltr'><strong>,maui-</strong></span> <span class='ocrx_word' id='word_1_104' title='bbox 1863 2210 1867 2222; x_wconf 82' lang='lat'><em>·</em></span> 
     </span>
     <span class='ocr_line' id='line_1_13' title="bbox 227 2294 1817 2402; baseline 0 -20"><span class='ocrx_word' id='word_1_105' title='bbox 227 2309 400 2400; x_wconf 85' lang='lat' dir='ltr'><strong>pularem,</strong></span> <span class='ocrx_word' id='word_1_106' title='bbox 436 2317 472 2382; x_wconf 92' lang='lat' dir='ltr'><strong>et</strong></span> <span class='ocrx_word' id='word_1_107' title='bbox 499 2331 618 2382; x_wconf 89' lang='lat' dir='ltr'><strong>omnes</strong></span> <span class='ocrx_word' id='word_1_108' title='bbox 652 2311 728 2401; x_wconf 82' lang='lat' dir='ltr'><strong>agri</strong></span> <span class='ocrx_word' id='word_1_109' title='bbox 756 2311 908 2386; x_wconf 90' lang='lat' dir='ltr'><strong>omnium</strong></span> <span class='ocrx_word' id='word_1_110' title='bbox 943 2312 1049 2384; x_wconf 90' lang='lat' dir='ltr'><strong>trium</strong></span> <span class='ocrx_word' id='word_1_111' title='bbox 1076 2312 1352 2388; x_wconf 85' lang='lat' dir='ltr'><strong>molendinorum</strong></span> <span class='ocrx_word' id='word_1_112' title='bbox 1385 2310 1620 2402; x_wconf 82' lang='lat' dir='ltr'><strong>praefatorum</strong></span> <span class='ocrx_word' id='word_1_113' title='bbox 1647 2294 1817 2384; x_wconf 86' lang='lat' dir='ltr'><strong>solvunt</strong></span> 
     </span>
    </p>
   </div>
   <div class='ocr_carea' id='block_1_3' title="bbox 227 2414 1933 2524">
    <p class='ocr_par' dir='ltr' id='par_1_4' title="bbox 227 2414 1933 2524">
     <span class='ocr_line' id='line_1_14' title="bbox 227 2414 1933 2524; baseline 0.002 -23"><span class='ocrx_word' id='word_1_114' title='bbox 227 2432 335 2502; x_wconf 92' lang='lat' dir='ltr'><strong>etiam</strong></span> <span class='ocrx_word' id='word_1_115' title='bbox 376 2431 544 2503; x_wconf 90' lang='lat' dir='ltr'><strong>decimam</strong></span> <span class='ocrx_word' id='word_1_116' title='bbox 585 2432 850 2523; x_wconf 85' lang='lat' dir='ltr'><strong>manipularem,</strong></span> <span class='ocrx_word' id='word_1_117' title='bbox 895 2439 940 2504; x_wconf 90' lang='lat' dir='ltr'><strong>et.</strong></span> <span class='ocrx_word' id='word_1_118' title='bbox 961 2453 1028 2523; x_wconf 89' lang='lat' dir='ltr'><strong>per.</strong></span> <span class='ocrx_word' id='word_1_119' title='bbox 1064 2414 1215 2524; x_wconf 71' lang='lat' dir='ltr'><strong>quatuor</strong></span> <span class='ocrx_word' id='word_1_120' title='bbox 1250 2433 1388 2523; x_wconf 82' lang='lat' dir='ltr'><strong>lerugas</strong></span> <span class='ocrx_word' id='word_1_121' title='bbox 1423 2434 1625 2524; x_wconf 89' lang='lat' dir='ltr'><strong>cauapalem</strong></span> <span class='ocrx_word' id='word_1_122' title='bbox 1668 2455 1787 2504; x_wconf 88' lang='lat' dir='ltr'><strong>mona·</strong></span> <span class='ocrx_word' id='word_1_123' title='bbox 1928 2512 1933 2518; x_wconf 53' lang='grc'><strong>,</strong></span> 
     </span>
    </p>
   </div>
   <div class='ocr_carea' id='block_1_4' title="bbox 163 2553 1937 4834">
    <p class='ocr_par' dir='ltr' id='par_1_5' title="bbox 225 2553 1788 3376">
     <span class='ocr_line' id='line_1_15' title="bbox 226 2553 1786 2646; baseline 0.001 -24"><span class='ocrx_word' id='word_1_124' title='bbox 226 2553 335 2623; x_wconf 89' lang='lat' dir='ltr'><strong>sterio</strong></span> <span class='ocrx_word' id='word_1_125' title='bbox 362 2554 546 2643; x_wconf 86' lang='lat' dir='ltr'><strong>hospitalis</strong></span> <span class='ocrx_word' id='word_1_126' title='bbox 572 2553 720 2640; x_wconf 82' lang='lat' dir='ltr'><strong>Sanctae</strong></span> <span class='ocrx_word' id='word_1_127' title='bbox 747 2553 867 2626; x_wconf 85' lang='lat' dir='ltr'><strong>Crucis</strong></span> <span class='ocrx_word' id='word_1_128' title='bbox 895 2554 1073 2645; x_wconf 83' lang='lat' dir='ltr'><strong>praedIcto</strong></span> <span class='ocrx_word' id='word_1_129' title='bbox 1100 2555 1137 2626; x_wconf 91' lang='lat' dir='ltr'><strong>in</strong></span> <span class='ocrx_word' id='word_1_130' title='bbox 1164 2553 1413 2646; x_wconf 82' lang='lat' dir='ltr'><strong>Gracurta,</strong></span> <span class='ocrx_word' id='word_1_131' title='bbox 1440 2561 1477 2626; x_wconf 92' lang='lat' dir='ltr'><strong>et</strong></span> <span class='ocrx_word' id='word_1_132' title='bbox 1502 2559 1665 2626; x_wconf 89' lang='lat' dir='ltr'><strong>tenentur</strong></span> <span class='ocrx_word' id='word_1_133' title='bbox 1691 2555 1786 2625; x_wconf 90' lang='lat' dir='ltr'><strong>illam</strong></span> 
     </span>
     <span class='ocr_line' id='line_1_16' title="bbox 227 2675 1787 2767; baseline 0.001 -22"><span class='ocrx_word' id='word_1_134' title='bbox 227 2675 394 2746; x_wconf 85' lang='lat' dir='ltr'><strong>inducere</strong></span> <span class='ocrx_word' id='word_1_135' title='bbox 429 2677 581 2766; x_wconf 89' lang='lat' dir='ltr'><strong>propriis</strong></span> <span class='ocrx_word' id='word_1_136' title='bbox 617 2677 775 2748; x_wconf 90' lang='lat' dir='ltr'><strong>curribus</strong></span> <span class='ocrx_word' id='word_1_137' title='bbox 811 2675 846 2746; x_wconf 94' lang='lat' dir='ltr'><strong>in</strong></span> <span class='ocrx_word' id='word_1_138' title='bbox 874 2676 1067 2766; x_wconf 84' lang='lat' dir='ltr'><strong>horreum,</strong></span> <span class='ocrx_word' id='word_1_139' title='bbox 1080 2677 1113 2747; x_wconf 76' lang='lat' dir='ltr'><strong>&#39;a</strong></span> <span class='ocrx_word' id='word_1_140' title='bbox 1138 2676 1339 2767; x_wconf 87' lang='lat' dir='ltr'><strong>praeposite</strong></span> <span class='ocrx_word' id='word_1_141' title='bbox 1375 2677 1578 2749; x_wconf 84' lang='lat' dir='ltr'><strong>monasterii</strong></span> <span class='ocrx_word' id='word_1_142' title='bbox 1604 2677 1787 2767; x_wconf 85' lang='lat' dir='ltr'><strong>hospitalis</strong></span> 
     </span>
     <span class='ocr_line' id='line_1_17' title="bbox 225 2796 1785 2886; baseline 0.001 -20"><span class='ocrx_word' id='word_1_143' title='bbox 225 2796 432 2886; x_wconf 85' lang='lat' dir='ltr'><strong>locandum,</strong></span> <span class='ocrx_word' id='word_1_144' title='bbox 467 2803 504 2868; x_wconf 91' lang='lat' dir='ltr'><strong>et</strong></span> <span class='ocrx_word' id='word_1_145' title='bbox 530 2797 629 2868; x_wconf 85' lang='lat' dir='ltr'><strong>valor</strong></span> <span class='ocrx_word' id='word_1_146' title='bbox 664 2797 739 2868; x_wconf 89' lang='lat' dir='ltr'><strong>eius</strong></span> <span class='ocrx_word' id='word_1_147' title='bbox 766 2797 969 2870; x_wconf 87' lang='lat' dir='ltr'><strong>aestimatur</strong></span> <span class='ocrx_word' id='word_1_148' title='bbox 1002 2797 1047 2869; x_wconf 92' lang='lat' dir='ltr'><strong>ad</strong></span> <span class='ocrx_word' id='word_1_149' title='bbox 1074 2797 1193 2869; x_wconf 89' lang='lat' dir='ltr'><strong>decem</strong></span> <span class='ocrx_word' id='word_1_150' title='bbox 1228 2817 1370 2869; x_wconf 87' lang='lat' dir='ltr'><strong>marcas.</strong></span> <span class='ocrx_word' id='word_1_151' title='bbox 1390 2797 1500 2869; x_wconf 81' lang='lat' dir='ltr'><strong>Item</strong></span> <span class='ocrx_word' id='word_1_152' title='bbox 1531 2804 1613 2870; x_wconf 89' lang='lat' dir='ltr'><strong>sunt</strong></span> <span class='ocrx_word' id='word_1_153' title='bbox 1639 2798 1689 2868; x_wconf 91' lang='lat' dir='ltr'><strong>ibi</strong></span> <span class='ocrx_word' id='word_1_154' title='bbox 1716 2797 1785 2868; x_wconf 91' lang='lat' dir='ltr'><strong>duo</strong></span> 
     </span>
     <span class='ocr_line' id='line_1_18' title="bbox 228 2918 1788 3010; baseline 0.001 -21"><span class='ocrx_word' id='word_1_155' title='bbox 228 2918 430 2990; x_wconf 89' lang='lat' dir='ltr'><strong>molendina</strong></span> <span class='ocrx_word' id='word_1_156' title='bbox 458 2919 628 3008; x_wconf 84' lang='lat' dir='ltr'><strong>episcopi,</strong></span> <span class='ocrx_word' id='word_1_157' title='bbox 663 2919 830 2990; x_wconf 90' lang='lat' dir='ltr'><strong>babentia</strong></span> <span class='ocrx_word' id='word_1_158' title='bbox 856 2937 980 3010; x_wconf 82' lang='lat' dir='ltr'><strong>agros,</strong></span> <span class='ocrx_word' id='word_1_159' title='bbox 1017 2919 1061 2991; x_wconf 93' lang='lat' dir='ltr'><strong>de</strong></span> <span class='ocrx_word' id='word_1_160' title='bbox 1088 2919 1214 3010; x_wconf 90' lang='lat' dir='ltr'><strong>quibus</strong></span> <span class='ocrx_word' id='word_1_161' title='bbox 1241 2920 1344 2991; x_wconf 91' lang='lat' dir='ltr'><strong>etiam</strong></span> <span class='ocrx_word' id='word_1_162' title='bbox 1381 2919 1530 2991; x_wconf 85' lang='lat' dir='ltr'><strong>solvitur</strong></span> <span class='ocrx_word' id='word_1_163' title='bbox 1564 2919 1698 2990; x_wconf 89' lang='lat' dir='ltr'><strong>decima</strong></span> <span class='ocrx_word' id='word_1_164' title='bbox 1723 2941 1788 3010; x_wconf 91' lang='lat' dir='ltr'><strong>pro</strong></span> 
     </span>
     <span class='ocr_line' id='line_1_19' title="bbox 229 3039 1788 3138; baseline 0.001 -28"><span class='ocrx_word' id='word_1_165' title='bbox 229 3040 445 3110; x_wconf 87' lang='lat' dir='ltr'><strong>monasterio</strong></span> <span class='ocrx_word' id='word_1_166' title='bbox 471 3040 653 3130; x_wconf 89' lang='lat' dir='ltr'><strong>hospitalis</strong></span> <span class='ocrx_word' id='word_1_167' title='bbox 679 3041 715 3110; x_wconf 92' lang='lat' dir='ltr'><strong>in</strong></span> <span class='ocrx_word' id='word_1_168' title='bbox 742 3039 973 3113; x_wconf 79' lang='lat' dir='ltr'><strong>Graeovia</strong></span> <span class='ocrx_word' id='word_1_169' title='bbox 999 3040 1147 3112; x_wconf 88' lang='lat' dir='ltr'><strong>Sanctae</strong></span> <span class='ocrx_word' id='word_1_170' title='bbox 1173 3040 1314 3138; x_wconf 82' lang='lat' dir='ltr'><strong>Grucia,</strong></span> <span class='ocrx_word' id='word_1_171' title='bbox 1341 3061 1487 3131; x_wconf 87' lang='lat' dir='ltr'><strong>quorum</strong></span> <span class='ocrx_word' id='word_1_172' title='bbox 1513 3062 1619 3112; x_wconf 89' lang='lat' dir='ltr'><strong>uuum</strong></span> <span class='ocrx_word' id='word_1_173' title='bbox 1646 3042 1788 3132; x_wconf 91' lang='lat' dir='ltr'><strong>proprio</strong></span> 
     </span>
     <span class='ocr_line' id='line_1_20' title="bbox 229 3161 1788 3266; baseline 0.002 -34"><span class='ocrx_word' id='word_1_174' title='bbox 229 3183 336 3236; x_wconf 86' lang='lat' dir='ltr'><strong>curru</strong></span> <span class='ocrx_word' id='word_1_175' title='bbox 374 3162 490 3233; x_wconf 91' lang='lat' dir='ltr'><strong>omnia</strong></span> <span class='ocrx_word' id='word_1_176' title='bbox 524 3161 698 3266; x_wconf 84' lang='lat' dir='ltr'><strong>frumenta</strong></span> <span class='ocrx_word' id='word_1_177' title='bbox 733 3167 770 3234; x_wconf 90' lang='lat' dir='ltr'><strong>ct</strong></span> <span class='ocrx_word' id='word_1_178' title='bbox 806 3161 926 3234; x_wconf 91' lang='lat' dir='ltr'><strong>molita</strong></span> <span class='ocrx_word' id='word_1_179' title='bbox 965 3162 1134 3236; x_wconf 87' lang='lat' dir='ltr'><strong>reducens</strong></span> <span class='ocrx_word' id='word_1_180' title='bbox 1169 3163 1399 3254; x_wconf 86' lang='lat' dir='ltr'><strong>episcopalia,</strong></span> <span class='ocrx_word' id='word_1_181' title='bbox 1435 3169 1472 3234; x_wconf 92' lang='lat' dir='ltr'><strong>et</strong></span> <span class='ocrx_word' id='word_1_182' title='bbox 1505 3163 1639 3236; x_wconf 88' lang='lat' dir='ltr'><strong>babens</strong></span> <span class='ocrx_word' id='word_1_183' title='bbox 1675 3184 1788 3254; x_wconf 83' lang='lat' dir='ltr'><strong>agros,</strong></span> 
     </span>
     <span class='ocr_line' id='line_1_21' title="bbox 228 3283 1788 3376; baseline -0.001 -20"><span class='ocrx_word' id='word_1_184' title='bbox 228 3283 316 3356; x_wconf 88' lang='lat' dir='ltr'><strong>nihil</strong></span> <span class='ocrx_word' id='word_1_185' title='bbox 345 3283 461 3373; x_wconf 88' lang='lat' dir='ltr'><strong>solvit,</strong></span> <span class='ocrx_word' id='word_1_186' title='bbox 489 3283 581 3354; x_wconf 91' lang='lat' dir='ltr'><strong>aliud</strong></span> <span class='ocrx_word' id='word_1_187' title='bbox 600 3284 732 3356; x_wconf 90' lang='lat' dir='ltr'><strong>habens</strong></span> <span class='ocrx_word' id='word_1_188' title='bbox 760 3304 862 3374; x_wconf 81' lang='lat' dir='ltr'><strong>agros</strong></span> <span class='ocrx_word' id='word_1_189' title='bbox 882 3290 917 3356; x_wconf 91' lang='lat' dir='ltr'><strong>et</strong></span> <span class='ocrx_word' id='word_1_190' title='bbox 935 3289 1055 3376; x_wconf 91' lang='lat' dir='ltr'><strong>prata,</strong></span> <span class='ocrx_word' id='word_1_191' title='bbox 1083 3284 1188 3356; x_wconf 82' lang='lat' dir='ltr'><strong>solvit</strong></span> <span class='ocrx_word' id='word_1_192' title='bbox 1205 3284 1354 3356; x_wconf 86' lang='lat' dir='ltr'><strong>sedecim</strong></span> <span class='ocrx_word' id='word_1_193' title='bbox 1372 3305 1507 3356; x_wconf 89' lang='lat' dir='ltr'><strong>marcas</strong></span> <span class='ocrx_word' id='word_1_194' title='bbox 1533 3305 1597 3375; x_wconf 92' lang='lat' dir='ltr'><strong>pro</strong></span> <span class='ocrx_word' id='word_1_195' title='bbox 1616 3284 1788 3375; x_wconf 90' lang='lat' dir='ltr'><strong>episcopo.</strong></span> 
     </span>
    </p>

    <p class='ocr_par' dir='ltr' id='par_1_6' title="bbox 163 3403 1937 4589">
     <span class='ocr_line' id='line_1_22' title="bbox 327 3403 1786 3502; baseline 0.001 -26"><span class='ocrx_word' id='word_1_196' title='bbox 327 3403 453 3502; x_wconf 62' lang='lat' dir='ltr'><strong>litura</strong></span> <span class='ocrx_word' id='word_1_197' title='bbox 482 3403 618 3497; x_wconf 81' lang='lat' dir='ltr'><strong>platea.</strong></span> <span class='ocrx_word' id='word_1_198' title='bbox 658 3405 748 3477; x_wconf 88' lang='lat' dir='ltr'><strong>Item</strong></span> <span class='ocrx_word' id='word_1_199' title='bbox 784 3405 819 3476; x_wconf 89' lang='lat' dir='ltr'><strong>iu</strong></span> <span class='ocrx_word' id='word_1_200' title='bbox 847 3406 974 3496; x_wconf 84' lang='lat' dir='ltr'><strong>oppido</strong></span> <span class='ocrx_word' id='word_1_201' title='bbox 1002 3404 1218 3497; x_wconf 86' lang='lat' dir='ltr'><strong>Oleparz,</strong></span> <span class='ocrx_word' id='word_1_202' title='bbox 1253 3413 1291 3478; x_wconf 88' lang='lat' dir='ltr'><strong>et</strong></span> <span class='ocrx_word' id='word_1_203' title='bbox 1316 3407 1381 3480; x_wconf 90' lang='lat' dir='ltr'><strong>sub</strong></span> <span class='ocrx_word' id='word_1_204' title='bbox 1416 3407 1584 3497; x_wconf 90' lang='lat' dir='ltr'><strong>parochia</strong></span> <span class='ocrx_word' id='word_1_205' title='bbox 1619 3407 1786 3478; x_wconf 85' lang='lat' dir='ltr'><strong>eoelesIae</strong></span> 
     </span>
     <span class='ocr_line' id='line_1_23' title="bbox 227 3517 1785 3630; baseline 0 -32"><span class='ocrx_word' id='word_1_206' title='bbox 227 3517 347 3600; x_wconf 87' lang='lat' dir='ltr'><strong>Sancti</strong></span> <span class='ocrx_word' id='word_1_207' title='bbox 376 3526 549 3617; x_wconf 85' lang='lat' dir='ltr'><strong>Floriani,</strong></span> <span class='ocrx_word' id='word_1_208' title='bbox 576 3532 658 3630; x_wconf 80' lang='lat' dir='ltr'><strong>sunt</strong></span> <span class='ocrx_word' id='word_1_209' title='bbox 685 3545 745 3597; x_wconf 83' lang='lat' dir='ltr'><strong>ser</strong></span> <span class='ocrx_word' id='word_1_210' title='bbox 772 3527 883 3619; x_wconf 91' lang='lat' dir='ltr'><strong>horti,</strong></span> <span class='ocrx_word' id='word_1_211' title='bbox 912 3549 1059 3619; x_wconf 90' lang='lat' dir='ltr'><strong>quorum</strong></span> <span class='ocrx_word' id='word_1_212' title='bbox 1085 3528 1284 3619; x_wconf 85' lang='lat' dir='ltr'><strong>proprietas</strong></span> <span class='ocrx_word' id='word_1_213' title='bbox 1310 3534 1347 3610; x_wconf 85' lang='lat' dir='ltr'><strong>et</strong></span> <span class='ocrx_word' id='word_1_214' title='bbox 1373 3527 1564 3600; x_wconf 88' lang='lat' dir='ltr'><strong>dominium</strong></span> <span class='ocrx_word' id='word_1_215' title='bbox 1591 3527 1636 3599; x_wconf 89' lang='lat' dir='ltr'><strong>ad</strong></span> <span class='ocrx_word' id='word_1_216' title='bbox 1662 3549 1785 3599; x_wconf 91' lang='lat' dir='ltr'><strong>mona-</strong></span> 
     </span>
     <span class='ocr_line' id='line_1_24' title="bbox 163 3646 1852 3752; baseline -0.002 -32"><span class='ocrx_word' id='word_1_217' title='bbox 163 3737 166 3744; x_wconf 30' lang='lat'>·</span> <span class='ocrx_word' id='word_1_218' title='bbox 229 3649 376 3720; x_wconf 90' lang='lat' dir='ltr'><strong>sterium</strong></span> <span class='ocrx_word' id='word_1_219' title='bbox 395 3646 745 3752; x_wconf 16' lang='lat' dir='ltr'><strong>hospitalislSanetae</strong></span> <span class='ocrx_word' id='word_1_220' title='bbox 763 3646 885 3720; x_wconf 68' lang='lat' dir='ltr'><strong>(brouls</strong></span> <span class='ocrx_word' id='word_1_221' title='bbox 903 3649 1069 3740; x_wconf 84' lang='lat' dir='ltr'><strong>pertinet,</strong></span> <span class='ocrx_word' id='word_1_222' title='bbox 1088 3655 1126 3720; x_wconf 86' lang='lat' dir='ltr'><strong>et</strong></span> <span class='ocrx_word' id='word_1_223' title='bbox 1140 3649 1200 3739; x_wconf 91' lang='lat' dir='ltr'><strong>qui</strong></span> <span class='ocrx_word' id='word_1_224' title='bbox 1218 3648 1329 3722; x_wconf 90' lang='lat' dir='ltr'><strong>eidem</strong></span> <span class='ocrx_word' id='word_1_225' title='bbox 1347 3650 1559 3722; x_wconf 88' lang='lat' dir='ltr'><strong>monasterio</strong></span> <span class='ocrx_word' id='word_1_226' title='bbox 1573 3654 1611 3722; x_wconf 92' lang='lat' dir='ltr'><strong>et</strong></span> <span class='ocrx_word' id='word_1_227' title='bbox 1623 3649 1790 3740; x_wconf 89' lang='lat' dir='ltr'><strong>hospitali</strong></span> <span class='ocrx_word' id='word_1_228' title='bbox 1847 3689 1852 3696; x_wconf 45' lang='grc' dir='ltr'><em>ι</em></span> 
     </span>
     <span class='ocr_line' id='line_1_25' title="bbox 233 3768 1803 3867; baseline -0.001 -27"><span class='ocrx_word' id='word_1_229' title='bbox 233 3791 298 3860; x_wconf 93' lang='lat' dir='ltr'><strong>pro</strong></span> <span class='ocrx_word' id='word_1_230' title='bbox 316 3769 406 3841; x_wconf 83' lang='lat' dir='ltr'><strong>testo</strong></span> <span class='ocrx_word' id='word_1_231' title='bbox 433 3768 552 3841; x_wconf 86' lang='lat' dir='ltr'><strong>Sancti</strong></span> <span class='ocrx_word' id='word_1_232' title='bbox 570 3768 718 3840; x_wconf 90' lang='lat' dir='ltr'><strong>Martini</strong></span> <span class='ocrx_word' id='word_1_233' title='bbox 736 3769 877 3843; x_wconf 87' lang='lat' dir='ltr'><strong>solvunt</strong></span> <span class='ocrx_word' id='word_1_234' title='bbox 903 3790 1044 3862; x_wconf 81' lang='lat' dir='ltr'><strong>cenam,</strong></span> <span class='ocrx_word' id='word_1_235' title='bbox 1072 3769 1261 3842; x_wconf 86' lang='lat' dir='ltr'><strong>seeundum</strong></span> <span class='ocrx_word' id='word_1_236' title='bbox 1279 3771 1512 3861; x_wconf 86' lang='lat' dir='ltr'><strong>quantitatem</strong></span> <span class='ocrx_word' id='word_1_237' title='bbox 1529 3771 1727 3860; x_wconf 90' lang='lat' dir='ltr'><strong>hortorum,</strong></span> <span class='ocrx_word' id='word_1_238' title='bbox 1754 3775 1803 3867; x_wconf 58' lang='lat' dir='ltr'><strong>et=</strong></span> 
     </span>
     <span class='ocr_line' id='line_1_26' title="bbox 231 3890 1789 3983; baseline -0.001 -21"><span class='ocrx_word' id='word_1_239' title='bbox 231 3893 363 3982; x_wconf 90' lang='lat' dir='ltr'><strong>primo:</strong></span> <span class='ocrx_word' id='word_1_240' title='bbox 399 3890 771 3983; x_wconf 74' lang='lat' dir='ltr'><strong>Andrzeptloszel,</strong></span> <span class='ocrx_word' id='word_1_241' title='bbox 802 3891 948 3964; x_wconf 89' lang='lat' dir='ltr'><strong>Muczek</strong></span> <span class='ocrx_word' id='word_1_242' title='bbox 984 3891 1169 3982; x_wconf 79' lang='lat' dir='ltr'><strong>Ozesla‚</strong></span> <span class='ocrx_word' id='word_1_243' title='bbox 1204 3891 1390 3964; x_wconf 83' lang='lat' dir='ltr'><strong>Stauislaw</strong></span> <span class='ocrx_word' id='word_1_244' title='bbox 1415 3891 1680 3983; x_wconf 80' lang='lat' dir='ltr'><strong>Paganslry,</strong></span> <span class='ocrx_word' id='word_1_245' title='bbox 1715 3896 1789 3961; x_wconf 90' lang='lat' dir='ltr'><strong>tres</strong></span> 
     </span>
     <span class='ocr_line' id='line_1_27' title="bbox 230 4011 1789 4116; baseline -0.001 -32"><span class='ocrx_word' id='word_1_246' title='bbox 230 4018 352 4084; x_wconf 87' lang='lat' dir='ltr'><strong>tenent</strong></span> <span class='ocrx_word' id='word_1_247' title='bbox 377 4013 659 4116; x_wconf 76' lang='lat' dir='ltr'><strong>unumlrurtum,</strong></span> <span class='ocrx_word' id='word_1_248' title='bbox 679 4021 716 4085; x_wconf 88' lang='lat' dir='ltr'><strong>et</strong></span> <span class='ocrx_word' id='word_1_249' title='bbox 734 4013 881 4104; x_wconf 89' lang='lat' dir='ltr'><strong>quilibet</strong></span> <span class='ocrx_word' id='word_1_250' title='bbox 898 4014 1035 4086; x_wconf 90' lang='lat' dir='ltr'><strong>illorum</strong></span> <span class='ocrx_word' id='word_1_251' title='bbox 1054 4013 1160 4086; x_wconf 89' lang='lat' dir='ltr'><strong>solvit</strong></span> <span class='ocrx_word' id='word_1_252' title='bbox 1185 4011 1373 4084; x_wconf 74' lang='lat' dir='ltr'><strong>auleatum</strong></span> <span class='ocrx_word' id='word_1_253' title='bbox 1401 4011 1522 4084; x_wconf 90' lang='lat' dir='ltr'><strong>Sancti</strong></span> <span class='ocrx_word' id='word_1_254' title='bbox 1548 4012 1695 4084; x_wconf 87' lang='lat' dir='ltr'><strong>Martini</strong></span> <span class='ocrx_word' id='word_1_255' title='bbox 1720 4011 1789 4084; x_wconf 85' lang='lat' dir='ltr'><strong>Ier-</strong></span> 
     </span>
     <span class='ocr_line' id='line_1_28' title="bbox 232 4132 1790 4226; baseline -0.001 -21"><span class='ocrx_word' id='word_1_256' title='bbox 232 4141 360 4206; x_wconf 89' lang='lat' dir='ltr'><strong>tonem.</strong></span> <span class='ocrx_word' id='word_1_257' title='bbox 404 4134 492 4205; x_wconf 90' lang='lat' dir='ltr'><strong>Item</strong></span> <span class='ocrx_word' id='word_1_258' title='bbox 520 4133 715 4206; x_wconf 86' lang='lat' dir='ltr'><strong>Stanislaus</strong></span> <span class='ocrx_word' id='word_1_259' title='bbox 742 4135 951 4207; x_wconf 87' lang='lat' dir='ltr'><strong>Rzoucza</strong></span> <span class='ocrx_word' id='word_1_260' title='bbox 980 4140 1054 4208; x_wconf 86' lang='lat' dir='ltr'><strong>tres</strong></span> <span class='ocrx_word' id='word_1_261' title='bbox 1080 4133 1243 4206; x_wconf 85' lang='lat' dir='ltr'><strong>fertones.</strong></span> <span class='ocrx_word' id='word_1_262' title='bbox 1282 4132 1467 4206; x_wconf 85' lang='lat' dir='ltr'><strong>Stanislaw</strong></span> <span class='ocrx_word' id='word_1_263' title='bbox 1493 4132 1790 4226; x_wconf 86' lang='lat' dir='ltr'><strong>Skrzynarsz</strong></span> 
     </span>
     <span class='ocr_line' id='line_1_29' title="bbox 196 4247 1788 4348; baseline -0.001 -22"><span class='ocrx_word' id='word_1_264' title='bbox 196 4247 199 4257; x_wconf 86' lang='lat'>&#39;</span> <span class='ocrx_word' id='word_1_265' title='bbox 230 4263 304 4326; x_wconf 88' lang='lat' dir='ltr'><strong>tres</strong></span> <span class='ocrx_word' id='word_1_266' title='bbox 330 4253 493 4326; x_wconf 73' lang='lat' dir='ltr'><strong>lenones.</strong></span> <span class='ocrx_word' id='word_1_267' title='bbox 518 4255 607 4326; x_wconf 91' lang='lat' dir='ltr'><strong>Item</strong></span> <span class='ocrx_word' id='word_1_268' title='bbox 634 4255 808 4348; x_wconf 82' lang='lat' dir='ltr'><strong>Polslry</strong></span> <span class='ocrx_word' id='word_1_269' title='bbox 834 4255 903 4328; x_wconf 85' lang='lat' dir='ltr'><strong>Jan</strong></span> <span class='ocrx_word' id='word_1_270' title='bbox 938 4257 1057 4329; x_wconf 90' lang='lat' dir='ltr'><strong>decem</strong></span> <span class='ocrx_word' id='word_1_271' title='bbox 1084 4261 1120 4328; x_wconf 90' lang='lat' dir='ltr'><strong>et</strong></span> <span class='ocrx_word' id='word_1_272' title='bbox 1146 4261 1225 4328; x_wconf 87' lang='lat' dir='ltr'><strong>octo</strong></span> <span class='ocrx_word' id='word_1_273' title='bbox 1251 4275 1402 4347; x_wconf 77' lang='lat' dir='ltr'><strong>grossos.</strong></span> <span class='ocrx_word' id='word_1_274' title='bbox 1428 4254 1516 4326; x_wconf 88' lang='lat' dir='ltr'><strong>Item</strong></span> <span class='ocrx_word' id='word_1_275' title='bbox 1542 4253 1788 4326; x_wconf 87' lang='lat' dir='ltr'><strong>Koszezol-</strong></span> 
     </span>
     <span class='ocr_line' id='line_1_30' title="bbox 232 4352 1937 4469; baseline -0.002 -21"><span class='ocrx_word' id='word_1_276' title='bbox 232 4378 360 4448; x_wconf 83' lang='lat' dir='ltr'><strong>kowa</strong></span> <span class='ocrx_word' id='word_1_277' title='bbox 387 4377 505 4449; x_wconf 90' lang='lat' dir='ltr'><strong>decem</strong></span> <span class='ocrx_word' id='word_1_278' title='bbox 533 4382 570 4448; x_wconf 90' lang='lat' dir='ltr'><strong>et</strong></span> <span class='ocrx_word' id='word_1_279' title='bbox 596 4384 675 4450; x_wconf 90' lang='lat' dir='ltr'><strong>octo</strong></span> <span class='ocrx_word' id='word_1_280' title='bbox 702 4399 852 4469; x_wconf 85' lang='lat' dir='ltr'><strong>grossos.</strong></span> <span class='ocrx_word' id='word_1_281' title='bbox 878 4379 967 4454; x_wconf 89' lang='lat' dir='ltr'><strong>Item</strong></span> <span class='ocrx_word' id='word_1_282' title='bbox 995 4379 1039 4451; x_wconf 89' lang='lat' dir='ltr'><strong>ab</strong></span> <span class='ocrx_word' id='word_1_283' title='bbox 1057 4378 1171 4450; x_wconf 80' lang='lat' dir='ltr'><strong>horto</strong></span> <span class='ocrx_word' id='word_1_284' title='bbox 1197 4382 1299 4450; x_wconf 84' lang='lat' dir='ltr'><strong>extra</strong></span> <span class='ocrx_word' id='word_1_285' title='bbox 1324 4381 1462 4468; x_wconf 88' lang='lat' dir='ltr'><strong>portam</strong></span> <span class='ocrx_word' id='word_1_286' title='bbox 1488 4352 1607 4450; x_wconf 84' lang='lat' dir='ltr'><strong>Sancti</strong></span> <span class='ocrx_word' id='word_1_287' title='bbox 1633 4359 1790 4448; x_wconf 84' lang='lat' dir='ltr'><strong>Floriani</strong></span> <span class='ocrx_word' id='word_1_288' title='bbox 1927 4397 1937 4412; x_wconf 93' lang='lat'><strong>·</strong></span> 
     </span>
     <span class='ocr_line' id='line_1_31' title="bbox 232 4498 1792 4589; baseline 0.001 -20"><span class='ocrx_word' id='word_1_289' title='bbox 232 4499 383 4570; x_wconf 89' lang='lat' dir='ltr'><strong>mediam</strong></span> <span class='ocrx_word' id='word_1_290' title='bbox 410 4517 579 4589; x_wconf 90' lang='lat' dir='ltr'><strong>marcam,</strong></span> <span class='ocrx_word' id='word_1_291' title='bbox 607 4519 708 4589; x_wconf 84' lang='lat' dir='ltr'><strong>quem</strong></span> <span class='ocrx_word' id='word_1_292' title='bbox 735 4519 826 4571; x_wconf 90' lang='lat' dir='ltr'><strong>nunc</strong></span> <span class='ocrx_word' id='word_1_293' title='bbox 852 4505 950 4574; x_wconf 90' lang='lat' dir='ltr'><strong>tenet</strong></span> <span class='ocrx_word' id='word_1_294' title='bbox 976 4498 1069 4573; x_wconf 88' lang='lat' dir='ltr'><strong>filius</strong></span> <span class='ocrx_word' id='word_1_295' title='bbox 1095 4498 1244 4571; x_wconf 87' lang='lat' dir='ltr'><strong>Martini</strong></span> <span class='ocrx_word' id='word_1_296' title='bbox 1270 4498 1422 4570; x_wconf 82' lang='lat' dir='ltr'><strong>Belza.</strong></span> <span class='ocrx_word' id='word_1_297' title='bbox 1789 4499 1792 4504; x_wconf 80' lang='grc'><strong>’</strong></span> 
     </span>
    </p>

    <p class='ocr_par' dir='ltr' id='par_1_7' title="bbox 231 4615 1790 4834">
     <span class='ocr_line' id='line_1_32' title="bbox 342 4615 1790 4694; baseline -0.001 -2"><span class='ocrx_word' id='word_1_298' title='bbox 342 4616 515 4692; x_wconf 76' lang='lat' dir='ltr'><strong>[celeria</strong></span> <span class='ocrx_word' id='word_1_299' title='bbox 544 4615 675 4692; x_wconf 81' lang='lat' dir='ltr'><strong>Sancti</strong></span> <span class='ocrx_word' id='word_1_300' title='bbox 706 4619 900 4694; x_wconf 81' lang='lat' dir='ltr'><strong>BanadIeti</strong></span> <span class='ocrx_word' id='word_1_301' title='bbox 931 4621 968 4693; x_wconf 88' lang='lat' dir='ltr'><strong>iu</strong></span> <span class='ocrx_word' id='word_1_302' title='bbox 990 4625 1120 4694; x_wconf 85' lang='lat' dir='ltr'><strong>monta</strong></span> <span class='ocrx_word' id='word_1_303' title='bbox 1150 4617 1393 4694; x_wconf 71' lang='lat' dir='ltr'><strong>[aestutiae.</strong></span> <span class='ocrx_word' id='word_1_304' title='bbox 1432 4619 1530 4692; x_wconf 90' lang='lat' dir='ltr'><strong>Haec</strong></span> <span class='ocrx_word' id='word_1_305' title='bbox 1547 4619 1694 4692; x_wconf 89' lang='lat' dir='ltr'><strong>ecclesia</strong></span> <span class='ocrx_word' id='word_1_306' title='bbox 1718 4633 1790 4691; x_wconf 90' lang='lat' dir='ltr'><strong>nou</strong></span> 
     </span>
     <span class='ocr_line' id='line_1_33' title="bbox 231 4741 1790 4834; baseline -0.001 -22"><span class='ocrx_word' id='word_1_307' title='bbox 231 4742 339 4813; x_wconf 90' lang='lat' dir='ltr'><strong>lrabet</strong></span> <span class='ocrx_word' id='word_1_308' title='bbox 356 4741 567 4832; x_wconf 87' lang='lat' dir='ltr'><strong>parochiam,</strong></span> <span class='ocrx_word' id='word_1_309' title='bbox 586 4741 648 4812; x_wconf 86' lang='lat' dir='ltr'><strong>sed</strong></span> <span class='ocrx_word' id='word_1_310' title='bbox 666 4742 773 4814; x_wconf 90' lang='lat' dir='ltr'><strong>habet</strong></span> <span class='ocrx_word' id='word_1_311' title='bbox 791 4763 895 4814; x_wconf 87' lang='lat' dir='ltr'><strong>uuam</strong></span> <span class='ocrx_word' id='word_1_312' title='bbox 913 4742 1148 4834; x_wconf 86' lang='lat' dir='ltr'><strong>praebendam</strong></span> <span class='ocrx_word' id='word_1_313' title='bbox 1166 4741 1450 4834; x_wconf 87' lang='lat' dir='ltr'><strong>praebendatam,</strong></span> <span class='ocrx_word' id='word_1_314' title='bbox 1469 4742 1657 4815; x_wconf 89' lang='lat' dir='ltr'><strong>habentem</strong></span> <span class='ocrx_word' id='word_1_315' title='bbox 1675 4745 1790 4812; x_wconf 88' lang='lat' dir='ltr'><strong>certos</strong></span> 
     </span>
    </p>
   </div>
   <div class='ocr_carea' id='block_1_5' title="bbox 178 4833 2006 4956">
    <p class='ocr_par' dir='ltr' id='par_1_8' title="bbox 178 4833 2006 4956">
     <span class='ocr_line' id='line_1_34' title="bbox 178 4833 2006 4956; baseline 0 -22"><span class='ocrx_word' id='word_1_316' title='bbox 178 4903 182 4908; x_wconf 84' lang='lat'>·</span> <span class='ocrx_word' id='word_1_317' title='bbox 234 4865 420 4953; x_wconf 83' lang='lat' dir='ltr'><strong>introitus3</strong></span> <span class='ocrx_word' id='word_1_318' title='bbox 452 4864 548 4935; x_wconf 90' lang='lat' dir='ltr'><strong>cuius</strong></span> <span class='ocrx_word' id='word_1_319' title='bbox 574 4863 837 4955; x_wconf 88' lang='lat' dir='ltr'><strong>iuspatronatus</strong></span> <span class='ocrx_word' id='word_1_320' title='bbox 864 4871 1056 4956; x_wconf 84' lang='lat' dir='ltr'><strong>proparte</strong></span> <span class='ocrx_word' id='word_1_321' title='bbox 1084 4865 1129 4936; x_wconf 89' lang='lat' dir='ltr'><strong>ad</strong></span> <span class='ocrx_word' id='word_1_322' title='bbox 1155 4863 1403 4937; x_wconf 88' lang='lat' dir='ltr'><strong>monasterium</strong></span> <span class='ocrx_word' id='word_1_323' title='bbox 1430 4864 1616 4955; x_wconf 80' lang='lat' dir='ltr'><strong>hospitalis</strong></span> <span class='ocrx_word' id='word_1_324' title='bbox 1643 4861 1791 4934; x_wconf 88' lang='lat' dir='ltr'><strong>Sanctae</strong></span> <span class='ocrx_word' id='word_1_325' title='bbox 1926 4864 1932 4876; x_wconf 86' lang='grc'><strong>’</strong></span> <span class='ocrx_word' id='word_1_326' title='bbox 2002 4833 2006 4840; x_wconf 70' lang='lat'>‚</span> 
     </span>
    </p>
   </div>
   <div class='ocr_carea' id='block_1_6' title="bbox 233 4983 1869 5818">
    <p class='ocr_par' dir='ltr' id='par_1_9' title="bbox 234 4983 1260 5075">
     <span class='ocr_line' id='line_1_35' title="bbox 234 4983 1260 5075; baseline 0 -18"><span class='ocrx_word' id='word_1_327' title='bbox 234 4985 357 5057; x_wconf 71' lang='lat' dir='ltr'><strong>(trucis</strong></span> <span class='ocrx_word' id='word_1_328' title='bbox 384 4985 425 5056; x_wconf 90' lang='lat' dir='ltr'><strong>in.</strong></span> <span class='ocrx_word' id='word_1_329' title='bbox 448 4983 678 5062; x_wconf 84' lang='lat' dir='ltr'><strong>Gracovia</strong></span> <span class='ocrx_word' id='word_1_330' title='bbox 704 4986 866 5075; x_wconf 90' lang='lat' dir='ltr'><strong>pertinet.</strong></span> <span class='ocrx_word' id='word_1_331' title='bbox 1256 5059 1260 5066; x_wconf 79' lang='grc'><strong>,</strong></span> 
     </span>
    </p>

    <p class='ocr_par' dir='ltr' id='par_1_10' title="bbox 233 5106 1869 5818">
     <span class='ocr_line' id='line_1_36' title="bbox 337 5106 1790 5198; baseline -0.001 -22"><span class='ocrx_word' id='word_1_332' title='bbox 337 5106 597 5197; x_wconf 78' lang='lat' dir='ltr'><strong>Wrsmczrrn,</strong></span> <span class='ocrx_word' id='word_1_333' title='bbox 625 5107 788 5198; x_wconf 91' lang='lat' dir='ltr'><strong>oppidum</strong></span> <span class='ocrx_word' id='word_1_334' title='bbox 814 5106 948 5180; x_wconf 89' lang='lat' dir='ltr'><strong>habeus</strong></span> <span class='ocrx_word' id='word_1_335' title='bbox 974 5109 1010 5178; x_wconf 91' lang='lat' dir='ltr'><strong>iu</strong></span> <span class='ocrx_word' id='word_1_336' title='bbox 1030 5127 1067 5179; x_wconf 89' lang='lat' dir='ltr'><strong>se</strong></span> <span class='ocrx_word' id='word_1_337' title='bbox 1095 5106 1276 5178; x_wconf 86' lang='lat' dir='ltr'><strong>ecclesiam</strong></span> <span class='ocrx_word' id='word_1_338' title='bbox 1303 5106 1555 5197; x_wconf 89' lang='lat' dir='ltr'><strong>parochialem,</strong></span> <span class='ocrx_word' id='word_1_339' title='bbox 1581 5106 1618 5176; x_wconf 91' lang='lat' dir='ltr'><strong>in</strong></span> <span class='ocrx_word' id='word_1_340' title='bbox 1641 5125 1709 5196; x_wconf 90' lang='lat' dir='ltr'><strong>quo</strong></span> <span class='ocrx_word' id='word_1_341' title='bbox 1736 5108 1790 5176; x_wconf 89' lang='lat' dir='ltr'><strong>est</strong></span> 
     </span>
     <span class='ocr_line' id='line_1_37' title="bbox 234 5225 1788 5319; baseline -0.002 -21"><span class='ocrx_word' id='word_1_342' title='bbox 234 5227 404 5300; x_wconf 89' lang='lat' dir='ltr'><strong>loeeunda</strong></span> <span class='ocrx_word' id='word_1_343' title='bbox 431 5225 652 5318; x_wconf 88' lang='lat' dir='ltr'><strong>salisiodina,</strong></span> <span class='ocrx_word' id='word_1_344' title='bbox 681 5229 779 5299; x_wconf 90' lang='lat' dir='ltr'><strong>cuius</strong></span> <span class='ocrx_word' id='word_1_345' title='bbox 808 5229 1005 5319; x_wconf 87' lang='lat' dir='ltr'><strong>proprietas</strong></span> <span class='ocrx_word' id='word_1_346' title='bbox 1033 5235 1069 5300; x_wconf 91' lang='lat' dir='ltr'><strong>et</strong></span> <span class='ocrx_word' id='word_1_347' title='bbox 1096 5228 1285 5299; x_wconf 88' lang='lat' dir='ltr'><strong>dominium</strong></span> <span class='ocrx_word' id='word_1_348' title='bbox 1312 5228 1358 5298; x_wconf 89' lang='lat' dir='ltr'><strong>ad</strong></span> <span class='ocrx_word' id='word_1_349' title='bbox 1384 5227 1642 5299; x_wconf 87' lang='lat' dir='ltr'><strong>serenissimum</strong></span> <span class='ocrx_word' id='word_1_350' title='bbox 1668 5240 1788 5315; x_wconf 79' lang='lat' dir='ltr'><strong>regem</strong></span> 
     </span>
     <span class='ocr_line' id='line_1_38' title="bbox 234 5347 1789 5441; baseline -0.003 -21"><span class='ocrx_word' id='word_1_351' title='bbox 234 5349 400 5422; x_wconf 90' lang='lat' dir='ltr'><strong>Poloniae</strong></span> <span class='ocrx_word' id='word_1_352' title='bbox 426 5349 589 5440; x_wconf 89' lang='lat' dir='ltr'><strong>pertinet.</strong></span> <span class='ocrx_word' id='word_1_353' title='bbox 628 5349 721 5421; x_wconf 87' lang='lat' dir='ltr'><strong>Ante</strong></span> <span class='ocrx_word' id='word_1_354' title='bbox 749 5350 815 5421; x_wconf 91' lang='lat' dir='ltr'><strong>hoc</strong></span> <span class='ocrx_word' id='word_1_355' title='bbox 833 5350 998 5441; x_wconf 91' lang='lat' dir='ltr'><strong>oppidum</strong></span> <span class='ocrx_word' id='word_1_356' title='bbox 1026 5355 1081 5422; x_wconf 91' lang='lat' dir='ltr'><strong>est</strong></span> <span class='ocrx_word' id='word_1_357' title='bbox 1098 5350 1195 5422; x_wconf 90' lang='lat' dir='ltr'><strong>curia</strong></span> <span class='ocrx_word' id='word_1_358' title='bbox 1221 5348 1445 5439; x_wconf 88' lang='lat' dir='ltr'><strong>coenobialis,</strong></span> <span class='ocrx_word' id='word_1_359' title='bbox 1472 5353 1509 5419; x_wconf 92' lang='lat' dir='ltr'><strong>et</strong></span> <span class='ocrx_word' id='word_1_360' title='bbox 1525 5353 1676 5440; x_wconf 89' lang='lat' dir='ltr'><strong>quatuor</strong></span> <span class='ocrx_word' id='word_1_361' title='bbox 1693 5347 1789 5418; x_wconf 87' lang='lat' dir='ltr'><strong>berti</strong></span> 
     </span>
     <span class='ocr_line' id='line_1_39' title="bbox 233 5469 1791 5564; baseline -0.003 -21"><span class='ocrx_word' id='word_1_362' title='bbox 233 5472 455 5564; x_wconf 82' lang='lat' dir='ltr'><strong>progressive</strong></span> <span class='ocrx_word' id='word_1_363' title='bbox 490 5491 596 5558; x_wconf 60' lang='lat' dir='ltr'><strong>unus,</strong></span> <span class='ocrx_word' id='word_1_364' title='bbox 616 5491 724 5562; x_wconf 89' lang='lat' dir='ltr'><strong>penes</strong></span> <span class='ocrx_word' id='word_1_365' title='bbox 755 5471 860 5542; x_wconf 88' lang='lat' dir='ltr'><strong>alium</strong></span> <span class='ocrx_word' id='word_1_366' title='bbox 897 5469 1033 5561; x_wconf 91' lang='lat' dir='ltr'><strong>situati,</strong></span> <span class='ocrx_word' id='word_1_367' title='bbox 1070 5477 1107 5542; x_wconf 90' lang='lat' dir='ltr'><strong>et</strong></span> <span class='ocrx_word' id='word_1_368' title='bbox 1138 5471 1207 5542; x_wconf 88' lang='lat' dir='ltr'><strong>sibi</strong></span> <span class='ocrx_word' id='word_1_369' title='bbox 1234 5469 1380 5541; x_wconf 84' lang='lat' dir='ltr'><strong>invicem</strong></span> <span class='ocrx_word' id='word_1_370' title='bbox 1412 5469 1605 5561; x_wconf 77' lang='lat' dir='ltr'><strong>coutiguati</strong></span> <span class='ocrx_word' id='word_1_371' title='bbox 1640 5475 1678 5542; x_wconf 89' lang='lat' dir='ltr'><strong>et</strong></span> <span class='ocrx_word' id='word_1_372' title='bbox 1708 5488 1791 5540; x_wconf 90' lang='lat' dir='ltr'><strong>con-</strong></span> 
     </span>
     <span class='ocr_line' id='line_1_40' title="bbox 234 5574 1869 5684; baseline -0.001 -21"><span class='ocrx_word' id='word_1_373' title='bbox 234 5594 359 5684; x_wconf 86' lang='lat' dir='ltr'><strong>iuncti,</strong></span> <span class='ocrx_word' id='word_1_374' title='bbox 388 5594 423 5663; x_wconf 92' lang='lat' dir='ltr'><strong>in</strong></span> <span class='ocrx_word' id='word_1_375' title='bbox 452 5592 574 5664; x_wconf 89' lang='lat' dir='ltr'><strong>stricta</strong></span> <span class='ocrx_word' id='word_1_376' title='bbox 601 5593 675 5664; x_wconf 84' lang='lat' dir='ltr'><strong>sive</strong></span> <span class='ocrx_word' id='word_1_377' title='bbox 707 5597 786 5663; x_wconf 89' lang='lat' dir='ltr'><strong>arta</strong></span> <span class='ocrx_word' id='word_1_378' title='bbox 811 5592 943 5683; x_wconf 88' lang='lat' dir='ltr'><strong>platea,</strong></span> <span class='ocrx_word' id='word_1_379' title='bbox 979 5591 1024 5662; x_wconf 91' lang='lat' dir='ltr'><strong>ad</strong></span> <span class='ocrx_word' id='word_1_380' title='bbox 1043 5611 1181 5664; x_wconf 90' lang='lat' dir='ltr'><strong>manum</strong></span> <span class='ocrx_word' id='word_1_381' title='bbox 1208 5589 1369 5662; x_wconf 83' lang='lat' dir='ltr'><strong>dextram</strong></span> <span class='ocrx_word' id='word_1_382' title='bbox 1396 5613 1533 5664; x_wconf 80' lang='lat' dir='ltr'><strong>sumum</strong></span> <span class='ocrx_word' id='word_1_383' title='bbox 1561 5591 1792 5682; x_wconf 88' lang='lat' dir='ltr'><strong>ascendendo,</strong></span> <span class='ocrx_word' id='word_1_384' title='bbox 1861 5574 1869 5587; x_wconf 71' lang='grc'><strong><em>’</em></strong></span> 
     </span>
     <span class='ocr_line' id='line_1_41' title="bbox 236 5712 1831 5818; baseline -0.003 -31"><span class='ocrx_word' id='word_1_385' title='bbox 236 5736 357 5787; x_wconf 84' lang='lat' dir='ltr'><strong>versus</strong></span> <span class='ocrx_word' id='word_1_386' title='bbox 385 5735 508 5805; x_wconf 82' lang='lat' dir='ltr'><strong>agros,</strong></span> <span class='ocrx_word' id='word_1_387' title='bbox 545 5713 589 5786; x_wconf 91' lang='lat' dir='ltr'><strong>ad</strong></span> <span class='ocrx_word' id='word_1_388' title='bbox 616 5714 866 5815; x_wconf 87' lang='lat' dir='ltr'><strong>proprietatem</strong></span> <span class='ocrx_word' id='word_1_389' title='bbox 892 5713 1095 5786; x_wconf 83' lang='lat' dir='ltr'><strong>monasterii</strong></span> <span class='ocrx_word' id='word_1_390' title='bbox 1131 5712 1280 5784; x_wconf 87' lang='lat' dir='ltr'><strong>Sanctae</strong></span> <span class='ocrx_word' id='word_1_391' title='bbox 1308 5712 1430 5818; x_wconf 83' lang='lat' dir='ltr'><strong>Crucis</strong></span> <span class='ocrx_word' id='word_1_392' title='bbox 1456 5715 1689 5806; x_wconf 87' lang='lat' dir='ltr'><strong>pertinentes,</strong></span> <span class='ocrx_word' id='word_1_393' title='bbox 1715 5714 1789 5784; x_wconf 84' lang='lat' dir='ltr'><strong>sive</strong></span> <span class='ocrx_word' id='word_1_394' title='bbox 1824 5776 1831 5782; x_wconf 87' lang='lat'>.</span> 
     </span>
    </p>
   </div>
   <div class='ocr_carea' id='block_1_7' title="bbox 0 0 2259 6592">
    <p class='ocr_par' dir='ltr' id='par_1_11' title="bbox 0 0 2259 6592">
     <span class='ocr_line' id='line_1_42' title="bbox 0 0 2259 6592; baseline 0 0"><span class='ocrx_word' id='word_1_395' title='bbox 0 0 2259 6592; x_wconf 95' lang='lat' dir='ltr'><strong> </strong></span> 
     </span>
    </p>
   </div>
  </div>
 </body>
</html>
