4492 6592
1620 773 1623 782 '
1661 791 1742 862 aaa

157 1021 228 1089 pro
261 1019 382 1073 censu
410 1023 478 1072 una
503 994 621 1071 marca
648 1020 725 1071 cum
753 999 866 1070 media
893 1007 929 1070 et
956 1005 1034 1070 octo
1056 988 1184 1087 'grossi
1210 999 1297 1069 Item
1317 1000 1392 1090 agri
1411 1018 1529 1070 omnes
1556 1005 1627 1070 tam
1656 999 1736 1068 hor·

158 1122 393 1194 tulaniarum
435 1143 536 1212 quarn
573 1123 814 1206 tabernarum,
856 1122 994 1192 solvunt
1030 1123 1196 1192 decimam
1233 1122 1482 1210 manipularem
1519 1119 1737 1209 praebendae

157 1243 425 1333 Cracoviensi,
462 1265 549 1334 quae
577 1251 722 1314 vocatur
748 1242 1065 1332 Sthauyateczska‚
1093 1251 1130 1313 et
1156 1243 1320 1314 tenentur
1347 1264 1422 1313 eam
1450 1243 1601 1332 propriis
1628 1242 1738 1312 curri·

159 1367 229 1436 bns
262 1367 442 1436 inducere
465 1366 504 1434 iu
531 1366 693 1434 horreum
723 1386 744 1434 a
771 1366 935 1458 carrouico
963 1364 1154 1452 locandum,
1181 1369 1217 1432 et
1243 1364 1341 1434 valor
1368 1365 1443 1433 eius
1462 1364 1735 1434 aestimatur...

160 1487 255 1557 ltem
290 1488 332 1556 in
365 1487 484 1557 eadem
512 1485 596 1556 villa
622 1493 676 1554 est
703 1476 885 1573 praedium
919 1485 1003 1554 satis
1030 1486 1176 1569 bonum,
1214 1484 1294 1554 licet
1330 1505 1397 1554 uon
1426 1484 1576 1574 amplum
1612 1504 1735 1554 coeno-

162 1605 273 1695 biale,
308 1609 348 1678 in
379 1609 464 1677 duos
491 1628 630 1712 campos
658 1607 823 1689 divisum,
860 1605 903 1674 de
930 1605 1027 1674 cuius
1063 1604 1157 1692 agris
1185 1604 1358 1693 aliquibus
1385 1605 1534 1694 percipit
1559 1623 1635 1674 eam
1664 1625 1736 1672 mo-

165 1729 395 1816 nasterium,
431 1729 474 1798 de
502 1728 675 1816 aliquibus
712 1747 794 1796 vero
831 1725 921 1794 cedit
955 1726 988 1794 in
1013 1721 1221 1818 poolruoam
1257 1725 1472 1812 praebendae
1509 1724 1738 1795 Cracoriensi.

164 1849 257 1919 Item
290 1850 384 1920 villa
411 1848 567 1938 praefata
594 1848 744 1918 habebat
770 1847 879 1916 bonas
907 1846 1020 1934 sylvas
1040 1845 1226 1933 athamas,
1253 1845 1312 1914 sed
1336 1845 1445 1914 multa
1472 1851 1636 1933 occupata
1656 1851 1737 1914 sunt

166 1991 233 2058 per
263 1971 467 2058 potentiam
496 1969 588 2057 regis
615 1975 651 2038 et
679 1987 817 2038 suorum
847 1965 1053 2054 officialium,
1082 1972 1118 2035 et
1146 1971 1260 2035 castro
1288 1965 1649 2055 Nyepolomicze
1677 1985 1740 2053 per

168 2092 242 2160 vim
273 2091 519 2180 appropriata.
547 2090 633 2159 ltem
653 2089 736 2158 villa
754 2087 911 2176 praelata
931 2087 1082 2158 confiunt
1101 2107 1177 2158 cum
1205 2087 1583 2174 Npepolomicze,
1610 2086 1740 2158 Stha·

170 2213 417 2302 nyautlry,
444 2210 670 2299 Zagurae,
698 2209 970 2279 Podlansze.
1363 2294 1367 2298 ι

283 2331 437 2420 Gonni,
465 2332 548 2402 uilla
575 2332 642 2402 sub·
667 2331 833 2419 parocbia
860 2330 1025 2400 ecclesiae
1053 2329 1095 2398 de
1115 2330 1345 2419 Brzeszye
1372 2330 1450 2417 sita,
1469 2330 1565 2399 cuius
1583 2330 1741 2418 proprie·

172 2463 230 2523 tas
268 2461 310 2524 et
352 2454 538 2525 dominium
580 2452 624 2523 ad
665 2451 911 2522 monasterium
953 2450 1265 2522 sanctimonialium
1306 2451 1341 2520 in
1377 2450 1742 2539 Sthanyauthlry

172 2577 349 2663 pertinet.
376 2575 415 2644 ln
444 2595 512 2664 qua
538 2579 619 2644 suut
647 2579 796 2662 quatuor
822 2572 913 2642 lanei
940 2572 1183 2659 emethonales,
1211 2593 1357 2662 quorum
1384 2593 1472 2642 unus
1496 2571 1600 2642 solvit
1617 2571 1741 2662 viginti

174 2703 325 2784 scottos,
357 2705 429 2766 tres
457 2716 540 2767 vero
568 2694 699 2765 residui
728 2693 872 2782 quilibet
899 2701 971 2763 tres
997 2691 1161 2780 fertones,
1188 2693 1271 2762 item
1298 2693 1421 2780 viginti
1450 2713 1526 2780 oua,
1552 2693 1633 2762 item
1654 2692 1741 2762 duos
1788 2737 1795 2744 -

176 2837 322 2906 caseos,
363 2819 445 2888 item
483 2818 570 2914 duos
606 2816 726 2904 gallos.
769 2815 852 2885 Item
890 2814 1036 2904 quilibet
1071 2814 1206 2885 cmetho
1242 2813 1285 2883 de
1313 2815 1431 2902 laneo,
1458 2813 1595 2884 alesta
1622 2812 1741 2882 Sancti
1808 2815 1813 2826 '

177 2937 373 3008 Michaelis
401 2958 508 3026 usque
536 2936 580 3008 ad
606 2935 730 3006 festum
759 2934 875 3004 Sancti
903 2935 1084 3022 lobannis,
1111 2940 1251 3005 tenetur
1278 2935 1439 3006 laborare
1465 2942 1538 3006 tres
1566 2934 1639 3003 dies
1659 2953 1739 3021 pro-

181 3059 259 3146 prio
299 3079 406 3129 curru
444 3065 503 3128 aut
539 3063 677 3140 aratro,
706 3077 727 3126 a
753 3055 842 3126 festo
879 3075 962 3126 vero
999 3055 1114 3125 Sancti
1150 3054 1322 3124 lobannis
1349 3075 1458 3146 usque
1485 3054 1529 3124 ad
1556 3055 1681 3125 festum
1709 3053 1741 3123 S.

183 3175 390 3268 Michaelis,
418 3180 461 3248 de
496 3179 596 3248 laneo
633 3178 787 3267 quolibet
811 3177 878 3246 die
914 3182 1076 3247 tenentur
1104 3176 1281 3264 laborare,
1308 3183 1456 3265 praeter·
1474 3177 1564 3246 diem
1591 3175 1744 3260 Sabbati,

185 3297 246 3367 sed
284 3301 400 3372 solum
437 3299 604 3370 medietas
641 3299 743 3370 villae
782 3298 932 3386 laborat,
961 3297 1126 3367 medietas
1154 3318 1236 3367 vero
1264 3304 1374 3367 vacat.
1415 3298 1501 3368 ltenr
1529 3297 1674 3386 quilibet
1701 3296 1743 3366 de
1834 3349 1839 3354 -

185 3416 288 3490 laneo
327 3422 432 3491 soluit
468 3420 554 3490 duos
588 3440 687 3490 coros
714 3439 862 3508 avenae,
890 3439 1071 3490 mensurae
1098 3418 1339 3489 Gracouieusis
1368 3417 1551 3489 confertae.
1593 3418 1680 3488 ltenr
1708 3418 1743 3486 in
1773 3401 1799 3438 ’·

186 3537 311 3609 eadem
342 3542 423 3611 uilla
449 3562 516 3611 non
545 3547 626 3611 sunt
652 3539 788 3628 aliquae
814 3541 989 3628 tabernac,
1017 3559 1127 3628 neque
1156 3540 1316 3628 piscinae.
1344 3539 1432 3609 ltem
1459 3561 1527 3609 non
1555 3547 1637 3609 sunt
1664 3539 1745 3608 bor·
1782 3603 1787 3617 ,

190 3657 357 3730 tulamae.
383 3663 468 3733 ltern
497 3668 550 3732 est
576 3661 754 3750 praedium
783 3661 817 3730 in
848 3661 929 3730 villa
956 3659 1111 3748 praelata
1139 3659 1338 3730 coenobiale
1356 3661 1492 3747 bonum,
1512 3660 1554 3730 de
1573 3679 1641 3748 quo
1660 3657 1745 3728 nulli

192 3778 297 3850 solvit
336 3781 497 3854 decimam
535 3782 803 3872 manipularem,
839 3781 900 3850 sed
937 3800 1010 3850 eam
1049 3801 1112 3868 pro
1145 3801 1182 3848 se
1209 3780 1302 3848 tollit
1328 3786 1364 3848 et
1391 3781 1426 3850 in
1455 3762 1618 3850 horreum
1645 3800 1744 3850 suum
1782 3769 1785 3772 ⁴

191 3901 338 3972 inducit.
371 3903 455 3974 ltem
492 3907 567 3994 agri
604 3909 639 3973 et
665 3903 756 3974 lanei
784 3902 886 3972 villae
914 3900 1089 3990 praelatae
1126 3901 1265 3970 solvunt
1291 3899 1458 3970 decimam
1485 3901 1745 3989 manipularem,

194 4027 230 4090 et
254 4043 321 4112 per
349 4030 495 4112 quatuor
530 4027 667 4114 ierugas
701 4023 918 4113 canapalem‚
956 4023 1120 4092 ecclesiae
1149 4021 1338 4108 parochiali
1367 4021 1402 4090 in
1430 4021 1681 4112 Brzeszye,
1709 4028 1745 4091 et

193 4149 361 4214 tenentur
387 4165 461 4214 eam
488 4148 637 4235 propriis
664 4145 822 4216 curribus
850 4145 975 4216 ducere
1003 4145 1038 4214 iu
1066 4144 1229 4213 horreum
1257 4163 1279 4210 a
1305 4141 1453 4230 plebano
1480 4141 1682 4228 locandum,
1708 4149 1745 4212 et

196 4263 293 4334 valor
321 4265 396 4334 eius
423 4265 625 4337 aestimatur
652 4267 695 4336 ad
723 4266 875 4354 quinque
904 4285 1046 4334 marcas.
1074 4263 1161 4334 ltem
1181 4261 1369 4350 sciendum,
1389 4263 1469 4352 quia
1487 4262 1570 4334 uilla
1588 4261 1745 4352 praefata
1775 4261 1779 4266 ’

197 4389 272 4454 tata
299 4387 415 4456 locata
441 4385 525 4454 alias
553 4385 616 4456 fuit
643 4388 775 4475 integre
805 4387 1053 4474 emethonibus
1069 4385 1184 4454 nodie
1212 4405 1293 4454 vero
1322 4391 1397 4454 tota
1424 4384 1601 4455 decertata
1627 4392 1690 4473 est
1709 4392 1745 4456 et

200 4507 273 4594 agri
310 4505 545 4577 emethanales
581 4509 680 4577 villae
716 4507 892 4596 praelatae
929 4508 1089 4579 coluntur
1123 4526 1186 4595 pro
1214 4505 1357 4594 praedio
1385 4507 1559 4593 coenobii,
1586 4512 1622 4576 et
1649 4505 1748 4576 multi

201 4628 275 4714 agri
312 4627 414 4698 villae
442 4627 534 4697 versi
562 4629 701 4698 suntin
729 4629 917 4718 praedium.
954 4629 1040 4698 Item
1078 4627 1161 4697 villa
1196 4625 1351 4716 praefata
1373 4626 1521 4698 conliua't
1549 4648 1625 4698 cum
1654 4627 1745 4697 villis

202 4744 410 4836 Brzesze,
438 4746 587 4834 Sucha
614 4747 743 4838 Raba,
771 4749 1110 4839 Sthanyathky,
1137 4747 1350 4836 Zagorze.

305 4869 493 4958 Ponam,
520 4869 603 4939 villa
629 4871 692 4940 sub
720 4873 883 4959 parochia
910 4872 1074 4942 ecclesiae
1102 4871 1145 4940 de
1174 4870 1532 4959 Npepolomicze
1559 4872 1634 4960 sita,
1653 4872 1749 4942 cuius

204 4989 397 5080 proprietas
433 4997 468 5062 et
503 4991 690 5061 dominium
726 4993 768 5061 ad
806 4993 1083 5062 sanctimoniales
1119 4992 1276 5061 coenobii
1314 4993 1348 5061 in
1387 4992 1749 5083 Sthauyanthky

205 5111 302 5196 pleno
329 5115 405 5184 iure
432 5113 591 5203 pertinet.
619 5112 657 5181 ln
686 5133 754 5200 qua
779 5120 859 5182 sunt
885 5115 1000 5185 decem
1030 5113 1120 5183 lanei
1148 5113 1393 5201 cinetbouales,
1412 5120 1447 5182 et
1466 5114 1611 5202 quilibet
1629 5115 1749 5186 laneus

206 5249 266 5318 pru
292 5255 406 5331 annuo
434 5255 537 5304 censu
566 5233 670 5303 solvit
696 5234 953 5322 quatuordecim
981 5240 1121 5323 scottos,
1141 5234 1223 5303 item
1243 5233 1330 5303 duos
1349 5253 1507 5321 capones,
1527 5234 1609 5304 item
1629 5235 1751 5323 uiginti

209 5371 285 5444 ova,
312 5357 394 5426 item
422 5355 509 5426 duos
537 5375 675 5442 case0s3
703 5355 784 5424 item
814 5375 875 5442 pro
905 5353 1073 5448 tripodum
1101 5355 1248 5443 quilibet
1274 5361 1412 5423 tenetur
1440 5355 1575 5426 solvere
1602 5355 1752 5426 medium

207 5493 375 5565 grossum,
404 5478 487 5548 item
526 5497 590 5564 pro
623 5497 781 5568 opruwuc
808 5475 922 5544 etiam·
940 5476 1088 5544 medium
1115 5495 1295 5563 grossum3
1332 5475 1415 5545 item
1442 5473 1588 5564 quilibet
1615 5466 1779 5550 tenatur

209 5591 246 5662 de
274 5597 373 5668 laneo
402 5599 552 5685 solvere,
581 5597 667 5666 duos
695 5617 794 5666 coros
822 5615 949 5666 avenae
977 5617 1158 5665 mensurae
1186 5595 1423 5666 Cracoviensis
1451 5595 1636 5669 confertae.
1663 5598 1753 5669 ltem
1789 5587 1793 5592 ’

209 5715 346 5789 taberna
382 5741 452 5790 uua
478 5739 547 5788 non
575 5718 707 5788 habens
733 5738 856 5805 agros,
883 5737 969 5805 quae
997 5717 1150 5806 pertinet
1176 5715 1221 5786 ad
1247 5718 1496 5806 proprietatem
1523 5719 1688 5794 ecclesiae
1715 5722 1750 5802 iu
1790 5707 1794 5713 ’
