4492 6592
1666 748 1740 869 eoo
1787 861 1793 868 .

178 1005 330 1092 insuper
373 1003 504 1074 somris
538 1001 630 1088 'suae
669 1021 854 1092 germanae
899 999 1138 1100 Salomeae
1178 998 1354 1071 Gallaciae
1386 1000 1558 1090 quondam
1602 1002 1743 1090 reginae
1801 1017 1807 1024 ·

178 1122 442 1214 interpellatus,
469 1143 558 1212 quae
585 1123 723 1224 etipsa
749 1127 861 1193 morte
875 1122 954 1193 riri
981 1121 1035 1194 sui
1062 1117 1302 1192 Golom'ani
1328 1120 1679 1210 sequuta=coelibeni
1706 1125 1743 1193 et

178 1243 426 1316 monachalem
452 1242 675 1314 desiderabat
701 1242 827 1312 ducere
844 1242 962 1332 vitam,
980 1243 1169 1312 claustrum
1195 1241 1507 1312 sanctimonialium
1524 1241 1618 1330 apud
1645 1242 1743 1332 oppi-

179 1362 260 1434 dum
291 1359 605 1446 Zawichosth,
632 1363 668 1432 in
696 1361 782 1432 colle
808 1361 852 1432 ad
878 1361 1020 1434 fluvium
1047 1361 1224 1432 Vislam
1250 1361 1475 1451 respiciente,
1500 1361 1546 1432 ad
1572 1361 1739 1433 honorem

177 1479 446 1570 omnipotentis
481 1481 547 1552 Dei
582 1487 619 1552 et
644 1482 822 1571 genitricis
858 1482 932 1552 eius
959 1479 1117 1571 Virginis
1144 1464 1299 1570 Mariae,
1325 1485 1362 1552 et
1387 1480 1506 1552 unius
1523 1481 1743 1552 hierarchiae

180 1601 349 1672 coelestis
377 1601 501 1672 fundat
528 1607 564 1672 et
588 1601 696 1690 locat,
724 1603 784 1692 qui
810 1622 874 1691 pro
901 1601 983 1672 dote
1009 1601 1224 1691 praedictum
1251 1600 1415 1690 oppidum
1442 1600 1743 1687 Zawichosth

181 1727 216 1792 et
241 1721 350 1792 villas
371 1722 522 1812 quinque
540 1727 577 1792 et
594 1717 718 1812 viginti
736 1703 876 1792 ducales
896 1721 940 1792 ad
958 1721 1042 1792 illud
1062 1721 1286 1810 pertinentes,
1303 1721 1448 1809 praedia
1464 1722 1618 1810 insuper,
1636 1721 1741 1809 lacus,

179 1848 216 1912 et
241 1841 413 1915 thelonea
440 1861 630 1930 censusque
657 1841 829 1914 notabiles
855 1846 970 1912 certos
997 1846 1034 1910 et
1059 1839 1187 1928 firmos,
1214 1840 1274 1929 qni
1300 1859 1364 1928 pro
1391 1842 1573 1929 sexaginta
1598 1841 1743 1930 virgini-

182 1963 246 2032 bus
273 1967 423 2050 possent
449 1957 617 2050 sufficere,
633 1956 720 2031 'cum
736 1961 841 2031 *omni
867 1960 1091 2050 proprietate,
1117 1959 1222 2029 titulo
1248 1963 1285 2030 et
1310 1957 1462 2030 dominio
1498 1960 1624 2048 donat,
1650 1960 1744 2030 litte-

182 2082 301 2170 risque
331 2081 515 2152 ducalibus
542 2081 764 2155 donationem
790 2086 995 2170 perpetuat,
1022 2077 1203 2150 conferens
1230 2079 1376 2169 oppido,
1403 2080 1496 2150 villis
1521 2085 1559 2150 et
1584 2080 1744 2150 censibus

184 2221 205 2272 a
231 2217 270 2270 se
298 2201 451 2290 donatis,
478 2201 523 2274 ab
543 2201 644 2273 omni
670 2221 790 2290 regum
818 2206 855 2272 et
876 2201 1070 2289 principum
1088 2219 1130 2270 ac
1147 2198 1363 2270 dominorum
1381 2200 1624 2290 temporalium
1642 2200 1745 2272 iuris·

149 2349 152 2356 ·
186 2321 341 2392 dictinum
371 2322 574 2410 ettributo,
601 2321 739 2410 plenam
766 2321 984 2408 libertatem
999 2319 1126 2404 ‚ducali
1151 2319 1277 2390 deinde
1302 2320 1537 2392 munificentia
1554 2326 1590 2391 et
1606 2326 1745 2410 sumptu

186 2440 372 2512 ecclesiam
408 2441 473 2511 sub
508 2442 641 2515 honore
679 2445 715 2510 et
741 2440 844 2511 titulo
872 2439 1017 2511 Sanctae
1045 2438 1244 2528 Elisabeth,
1271 2445 1308 2510 et
1332 2440 1582 2512 monasterium
1608 2440 1745 2511 habita-

187 2563 374 2650 tionesque
407 2559 599 2632 famulabus
626 2559 692 2631 Dei
718 2561 828 2656 latere
856 2565 955 2632 cocto
983 2558 1160 2648 aedificat,
1188 2564 1225 2631 et
1251 2565 1448 2650 consumat,
1474 2560 1745 2650 religionemque

187 2680 391 2752 monialium
418 2680 537 2752 Sancti
563 2664 734 2770 Damiani,
761 2677 902 2751 Ordinis
929 2678 1048 2752 Sancti
1075 2679 1265 2774 Francisci,
1290 2701 1392 2769 quam
1410 2680 1739 2770 inpraesentiarum

113 2807 117 2822 '
189 2800 339 2872 Sanctae
368 2799 493 2872 Clarae
518 2801 719 2890 vocitamus,
746 2801 781 2871 in
809 2801 1055 2871 monasterium
1082 2820 1104 2869 a
1130 2820 1168 2870 se
1193 2798 1372 2871 fundatum
1400 2806 1436 2872 et
1461 2801 1619 2872 dotatum
1645 2800 1744 2872 indu·

113 2975 115 2982 .
188 2922 245 3010 cit,
272 2927 310 2991 et
337 2941 480 3019 sorores
507 2919 639 2992 ordinis
665 2920 815 3011 praefati
841 2921 878 2992 in
904 2939 946 2991 eo
973 2920 1073 2990 locat
1101 2917 1208 2990 Cuius
1234 2920 1347 3009 prima
1363 2920 1543 2992 abbatissa
1558 2919 1625 2992 fuit
1644 2941 1744 3011 prae

190 3039 261 3112 iata
292 3038 508 3110 Salomea
541 3038 736 3110 fundatoris
771 3060 872 3111 soror
907 3058 1091 3128 germana,
1127 3043 1163 3108 et
1197 3037 1435 3110 Solomani
1468 3039 1608 3128 relicta,
1644 3059 1744 3129 quem
1814 3081 1819 3094 ·

193 3160 349 3230 ordinem
386 3159 499 3248 ipsum
535 3158 692 3248 professa
726 3157 850 3230 iuerat.
886 3157 1144 3230 Oasimirus
1178 3156 1394 3230 Guiaviensis
1419 3164 1456 3228 et
1482 3158 1745 3230 Semoritus

194 3277 377 3351 Maeoniae
403 3278 525 3369 duces,
552 3278 680 3350 iratres
715 3279 890 3369 patrueles
926 3299 968 3350 eo
995 3286 1157 3368 respectu
1182 3277 1228 3348 ad
1254 3277 1429 3366 habitum,
1455 3285 1496 3349 ut
1522 3277 1745 3350 Boleslao

194 3399 277 3470 orba
303 3399 494 3472 decedente
530 3403 608 3470 rata
640 3403 853 3488 remaneret,
889 3405 925 3472 et
960 3399 1004 3470 ab
1037 3397 1246 3470 haeredibus
1282 3397 1498 3473 Boleslai
1532 3399 1569 3470 in
1604 3398 1745 3470 dubium
1784 3489 1787 3497 Ι

194 3521 353 3592 revocari
381 3541 451 3591 non
478 3525 606 3610 posset.
642 3519 773 3590 Verum
810 3540 914 3609 quum
942 3519 1167 3590 Tartaromm
1193 3519 1338 3608 grandis
1364 3520 1557 3608 exercitus,
1586 3519 1643 3590 eui
1668 3519 1746 3590 Bo-

195 3639 373 3711 leslaus
399 3639 545 3729 pudicus
572 3659 649 3710 cum
677 3639 801 3710 militia
827 3660 890 3709 sua
916 3639 1014 3710 clade
1041 3639 1171 3728 duplici
1197 3644 1348 3728 acceptu,
1375 3639 1608 3710 resistentiam
1631 3637 1745 3710 iacere

197 3781 262 3830 non
297 3766 458 3850 poterat,
493 3759 742 3832 (lraoovienses
775 3767 811 3830 et
846 3759 1159 3846 Sandomirienses,
1195 3765 1420 3847 caeterasque
1455 3759 1555 3848 regni
1581 3756 1747 3830 Polouiae
1883 3849 1890 3856 .

197 3885 307 3952 terras
334 3901 426 3958 anno
452 3879 592 3950 Domini
622 3881 721 3952 1260
748 3898 853 3951 saeva
878 3880 975 3951 rabie
1002 3883 1038 3948 et
1062 3877 1188 3967 gladio,
1215 3876 1452 3967 incendiisque
1469 3884 1652 3966 vastasset,
1670 3897 1747 3948 coe·

197 4001 333 4072 nobium
354 4021 490 4092 quoque
509 4001 821 4071 sanctimonialium
838 4000 875 4069 in
892 3997 1103 4069 Zawicho
1114 3999 1189 4068 sth
1216 3997 1423 4068 inflammas
1436 3998 1651 4086 coniecisset,
1665 3998 1747 4086 pius
1873 3987 1877 3992 ’

200 4119 267 4191 dux
294 4120 547 4219 Boleslaus
573 4118 776 4193 Pudicus
804 4119 1019 4191 Tartaricam
1047 4124 1082 4189 et
1107 4117 1324 4188 barbaricam
1350 4117 1591 4207 irruptionem,
1617 4138 1661 4188 ne
1678 4116 1746 4187 fre-

203 4247 343 4328 quenter
370 4240 543 4334 accidcret
570 4241 717 4329 veritus,
748 4240 950 4311 coenobium
977 4237 1173 4328 praefatum
1200 4237 1512 4309 sanctimonialium
1539 4257 1583 4308 ex
1609 4237 1748 4309 Zawi-

203 4360 365 4431 chosth
400 4365 438 4430 et
463 4360 741 4431 sanctimoniales
768 4361 802 4430 in
831 4381 872 4432 eo
899 4359 1081 4450 degentes,
1110 4357 1154 4430 de
1180 4358 1324 4430 consilio
1350 4356 1649 4428 Prandothae
1675 4358 1748 4448 epi·

205 4481 294 4570 scopi
321 4477 560 4552 Draeoviensis
586 4484 623 4551 et
648 4480 816 4550 baronum
843 4499 983 4562 snorum
1011 4481 1046 4549 in
1073 4480 1239 4550 tutiorem
1265 4478 1389 4567 locum,
1416 4477 1476 4567 qui
1493 4476 1635 4550 Skala
1661 4477 1748 4550 alias

205 4596 338 4688 Lapis
366 4599 566 4670 Sanctae
593 4598 770 4670 Mariae
797 4599 1002 4690 appellatur,
1029 4599 1143 4670 tribus
1159 4597 1367 4668 milliaribus
1384 4617 1407 4668 a
1424 4595 1646 4670 Gracovienai
1663 4599 1749 4670 urbe

206 4717 406 4809 distantem,
431 4717 631 4809 transtulit,
658 4724 694 4790 et
719 4719 847 4810 oppido
875 4717 1015 4790 Skala
1042 4720 1077 4788 in
1103 4718 1180 4789 loco
1207 4719 1267 4808 qui
1293 4717 1501 4789 Stanhon
1528 4693 1748 4790 vocitabatur

207 4837 361 4930 locando,
388 4859 452 4934 pro
488 4861 579 4911 noro
604 4841 816 4911 monasterio
843 4839 1008 4930 erigendo
1044 4837 1189 4928 adiecto,
1216 4839 1320 4908 etiam
1347 4839 1500 4929 priorem
1526 4839 1749 4910 donationem

210 4956 248 5027 de
272 4961 397 5050 oppido
424 4961 728 5049 Zawichosth,
757 4959 858 5050 villis,
891 4959 1105 5049 caeterisque
1142 4959 1342 5032 introitibus
1378 4979 1420 5030 ac
1453 4959 1672 5032 libertatibus
1698 4955 1750 5027 ia-

209 5083 303 5169 ctam,
328 5082 428 5154 novis
455 5079 647 5172 privilegiis
674 5085 709 5151 et
735 5079 847 5151 literis
873 5099 963 5150 anno
982 5079 1120 5150 Domini
1144 5080 1240 5150 1262
1260 5059 1369 5150 'sexto
1395 5099 1505 5150 nonus
1523 5078 1639 5148 martii
1658 5077 1750 5166 apud

207 5193 412 5292 'Korczyn
438 5219 623 5290 germanae
650 5219 732 5272 suae
759 5198 1007 5288 Salomeae,
1033 5199 1192 5270 habitum
1217 5203 1255 5270 et
1281 5195 1527 5287 professionem
1554 5195 1687 5268 ordinis
1705 5202 1750 5266 -et

207 5321 403 5392 :monasterii
417 5321 598 5410 ,praedicti
625 5319 780 5409 sortitae,
807 5319 963 5390 devictus
990 5319 1135 5390 innovat
1161 5325 1197 5388 ct
1223 5317 1413 5405 confirmat,
1436 5317 1616 5407 locumque
1633 5337 1752 5388 mona-
1837 5325 1844 5332 ’

209 5438 302 5508 sterii
333 5459 443 5531 prope
476 5441 642 5532 oppidum
678 5439 837 5528 Skala,
873 5459 980 5528 supra
1010 5438 1150 5510 flurium
1187 5435 1428 5508 Prandmih
1454 5437 1555 5508 locat
1591 5437 1753 5510 Durabat

208 5561 319 5629 uuum
344 5560 476 5633 imbrice
503 5559 635 5632 coctilis
661 5560 828 5632 ecclesiae
854 5564 891 5629 et
918 5559 1119 5628 monasterii
1143 5557 1435 5630 Zawichoateusis
1461 5577 1570 5648 usque
1595 5558 1642 5630 ad
1661 5563 1754 5640 'tem-

215 5686 293 5760 pora
321 5675 563 5752 Vladislai
602 5679 803 5752 Secundi
839 5677 1003 5750 Poloniue
1033 5677 1151 5766 negis;
1184 5697 1306 5748 verum
1341 5696 1431 5748 anuo
1466 5677 1607 5750 Domini
1646 5680 1755 5762 1412.
