4492 6592
511 728 586 800 330

362 929 365 937 “
509 899 2063 1020 LeleuinterWiaszyenysziczeetGrocicze‚itemperZarnowyecr

437 1115 441 1124 ,
508 1054 591 1124 item
613 1050 961 1141 perPstrolicze
985 1048 1244 1136 etStrosza,
1271 1054 1444 1138 etomnes
1463 1045 2064 1148 mercatoreserVratislaaiq
2139 1098 2140 1153 q

489 1173 760 1270 *Posnania,
799 1169 985 1241 Gdansk
1014 1175 1049 1240 et
1077 1169 1266 1240 Thorun
1294 1176 1432 1256 euntes,
1460 1169 1600 1238 solvunt
1625 1188 1647 1237 a
1673 1167 1830 1257 quolibet
1855 1187 1953 1256 equo
1987 1175 2063 1256 tres

506 1293 634 1364 caeteri
662 1313 726 1381 per
754 1313 858 1362 unum
885 1311 1059 1380 grossum,
1086 1296 1122 1360 et
1150 1289 1180 1360 si
1208 1287 1389 1378 negligunt
1414 1286 1505 1358 iufra
1532 1287 1760 1378 septimanam
1787 1287 1924 1358 reverti
1951 1293 2062 1358 tenen·

506 1421 565 1484 tar
592 1411 636 1482 de
663 1433 752 1484 noro
780 1411 927 1483 solvero.
965 1410 1052 1480 ltern
1079 1409 1122 1480 de
1150 1408 1348 1480 huiusmodi
1384 1408 1546 1505 theleneo
1579 1408 1671 1479 cedit
1697 1408 1914 1479 monasterie
1953 1407 2064 1478 Sancti
2139 1414 2140 1433 ³

2138 1474 2140 1561 l

509 1532 672 1604 Andreae
699 1531 889 1618 medietas;
925 1530 1059 1620 reliqua
1086 1529 1254 1600 medietas
1282 1549 1346 1618 pro
1374 1528 1576 1600 castellania
1602 1527 1857 1618 Wopnicziensi
1885 1533 1927 1598 et
1954 1535 2062 1600 castro
2139 1564 2140 1619 q

2139 1662 2140 1723 l

508 1653 678 1740 Oozecz,
707 1673 748 1722 er
777 1672 888 1740 aequo
908 1649 1084 1722 dividitur.
1111 1649 1199 1720 Item
1213 1649 1393 1738 praedium
1412 1638 1634 1737 coenobiale,¹
1649 1649 1693 1720 de
1720 1670 1789 1738 quo
1815 1649 2062 1720 monasterium

509 1773 627 1844 Sancti
655 1770 817 1843 Andreae
845 1791 908 1861 pre
937 1791 973 1840 se
1001 1793 1069 1841 non
1096 1769 1191 1840 tollit
1227 1769 1412 1858 decimam,
1449 1769 1511 1840 sed
1537 1768 1730 1840 decimatur
1764 1789 1829 1858 pro
1855 1768 2009 1840 ecclesia
2031 1779 2063 1840 et

506 1889 654 1984 plebano
691 1893 727 1963 in
754 1891 903 1963 Skala.
931 1891 1018 1963 ltenr
1047 1889 1279 1962 molendinum
1311 1890 1346 1960 in
1373 1890 1512 1960 flamine
1547 1889 1807 1990 Praecinit,
1833 1889 1880 1962 de
1909 1910 1981 1980 qao
2007 1912 2061 1980 pro

509 2013 722 2086 monasterie
758 2017 944 2100 metretae,
979 2033 1042 2102 pro
1071 2011 1226 2101 qualibet
1262 2012 1455 2102 septimana
1482 2011 1606 2101 viginti
1632 2011 1705 2083 cori
1733 1990 1858 2082 brasei.
1902 2009 2057 2082 Confluat

510 2157 588 2206 cum
629 2134 819 2224 Oczecz,
868 2133 1122 2225 Pyeslrowa
1164 2131 1321 2222 Skala,
1363 2131 1670 2222 Wyelmesza,
1720 2131 2063 2224 Sobyeszanky,

510 2255 732 2346 Gzyanow
745 2255 808 2326 ka.
1897 2246 1900 2256 '

548 2439 550 2444 .
614 2374 814 2465 Mutunur,
852 2375 934 2447 villa
961 2375 1028 2446 sub
1056 2375 1222 2465 parochia
1248 2375 1292 2446 de
1317 2375 1585 2468 Zadroszye
1612 2376 1699 2464 sita,
1735 2375 1832 2448 cuius
1868 2375 2060 2466 proprietas

474 2484 478 2492 ’
510 2518 553 2567 ex
581 2495 767 2568 donatione
793 2492 959 2567 Pudici
986 2495 1158 2587 pertinet,
1185 2496 1431 2586 pertinereque
1448 2495 1492 2567 de
1509 2496 1585 2566 iure
1612 2495 1718 2567 debet
1743 2496 1788 2567 ad
1815 2497 2059 2568 monasterinm

426 2597 429 2608 ¹
511 2617 824 2688 sanctimonialium
853 2617 972 2688 Sancti
1000 2616 1163 2688 Andreae
1189 2617 1226 2688 in
1253 2614 1494 2689 01100110.-
1521 2617 1561 2687 11
1589 2638 1658 2708 qna
1684 2623 1768 2690 suut
1793 2617 1887 2690 lanei
1915 2619 2058 2689 cmetlro

510 2739 617 2827 ucles,
635 2743 671 2810 et
690 2738 836 2829 quilibet
854 2738 959 2810 solvit
978 2791 1112 2828 ......
1139 2739 1223 2810 item
1242 2759 1317 2827 ova,
1344 2738 1429 2809 item
1445 2737 1567 2828 gallos,
1593 2739 1678 2810 item
1697 2759 1826 2828 caseos,
1853 2739 1941 2810 item
1960 2739 2057 2827 labor,

510 2859 593 2929 iam
614 2857 808 2954 pomarum,
835 2859 919 2930 nem
947 2881 1094 2954 mapa,
1121 2859 1204 2957 roem
1222 2861 1400 2948 anemae,
1427 2859 1512 2930 uem
1539 2860 1735 2947 hortulani,
1762 2860 1846 2932 rum
1874 2839 2055 2950 prauum

404 3007 411 3038 r
511 2981 597 3050 Item
625 3000 744 3051 omnes
772 2979 848 3070 agri
876 2979 980 3052 villae
1007 2980 1147 3052 solvunt
1172 2985 1208 3050 et
1227 2979 1431 3052 conducunt
1466 2979 1634 3052 decimam
1669 2981 1923 3071 manipularem
1951 2988 2056 3052 0101-

511 3098 678 3188 napalem.
707 3098 867 3170 00111111
894 3119 971 3170 curn
998 3084 1235 3172 Zadrosze
1263 3106 1300 3171 et
1327 3099 1623 3192 Wyelmosza.
1650 3100 1868 3173 Alienataet
1888 3101 2055 3173 abstracta

512 3225 567 3290 est
593 3239 657 3309 per
683 3217 824 3290 Petmm
852 3218 1216 3311 Sebaflranyeez
1243 3221 1434 3311 palatirmm
1462 3221 1736 3294 cracoviensem.

617 3337 813 3426 Znnnoza,
841 3338 924 3409 villa
950 3339 1083 3412 babens
1110 3340 1146 3411 in
1174 3361 1212 3414 se
1238 3341 1420 3414 ecelesiam
1445 3342 1682 3433 parochialem
1709 3342 1880 3432 ligneam,
1902 3363 1966 3434 per
1990 3342 2056 3413 Bo

351 3438 358 3503 ἶ
441 3520 450 3536 ,
512 3458 711 3530 leslaunr
747 3458 964 3531 Pudicam
1001 3459 1122 3532 ducem
1158 3464 1369 3536 monasterio
1404 3463 1522 3535 Sancti
1549 3463 1712 3536 Andreae
1747 3463 1886 3536 donata.
1931 3465 1971 3536 In
1996 3483 2053 3554 qna
2129 3461 2133 3465 ’

378 3643 380 3656 .
425 3635 430 3642 .
513 3585 595 3651 sunt
622 3580 813 3652 octodecim
840 3579 930 3652 lanei
957 3581 1207 3672 ericthonium,
1234 3590 1270 3654 et
1296 3583 1444 3674 quilibet
1471 3584 1576 3657 solvit
1602 3606 1666 3676 pro
1694 3607 1800 3658 censu
1826 3608 1934 3658 unum
1959 3587 2051 3658 ferto

512 3721 590 3771 narn
616 3699 766 3772 latorum
793 3721 1003 3792 grossorum,
1031 3701 1115 3773 item
1143 3703 1326 3793 sexaginta
1352 3725 1428 3794 ora,
1454 3705 1539 3776 item
1564 3705 1680 3795 gallos
1707 3706 1802 3780 duos
1830 3707 1922 3778 item
1947 3726 2051 3778 caseos

512 3843 580 3893 non
609 3822 757 3894 solvunt
792 3822 879 3894 Item
905 3823 1053 3895 taberna
1080 3843 1151 3894 nna
1177 3823 1311 3895 babens
1342 3844 1464 3914 agros,
1499 3832 1536 3897 et
1562 3827 1667 3899 solvit
1691 3847 1756 3918 pro
1783 3848 1888 3902 censu
1917 3829 2050 3920 quinque

512 3963 657 4039 marcas.
697 3943 785 4015 ltern
822 3943 1040 4015 hortulaniae
1068 3965 1137 4015 non
1164 3949 1254 4016 sunt
1293 3944 1383 4016 Item
1418 3935 1608 4036 praedium
1631 3953 1685 4020 est
1709 3947 1760 4019 ibi
1786 3949 2049 4038 coenobiale‚et

512 4063 661 4134 decimat
688 4085 756 4136 non
784 4053 959 4155 ecclesiae,
986 4063 1049 4136 aad
1076 4064 1172 4136 illam
1199 4085 1263 4155 pro
1291 4086 1339 4155 se,
1365 4071 1402 4137 et
1428 4065 1472 4138 de
1490 4066 1603 4138 tribus
1630 4068 1739 4140 laneis
1765 4070 1886 4141 liberis
1914 4068 2049 4142 eiusdem

512 4183 632 4274 villae,
660 4184 763 4256 tollit.
802 4185 891 4256 Item
919 4184 1086 4257 decimam
1121 4185 1372 4276 manipularem
1409 4186 1527 4260 ornnes
1554 4187 1687 4260 incolae
1723 4190 1862 4261 solvant
1898 4189 2046 4262 coenobio

396 4403 404 4410 Ι
513 4304 631 4387 Sancti
658 4304 820 4376 Andreae
835 4305 991 4409 integre,
1019 4311 1055 4376 et
1082 4305 1215 4378 ducunt
1231 4327 1308 4377 earn
1326 4306 1362 4377 in
1380 4307 1544 4378 borreum
1571 4308 1786 4398 coenobiale,
1813 4317 1855 4381 et·
1875 4311 1970 4383 valor
1984 4310 2046 4380 eius

512 4425 556 4496 ad
584 4431 672 4514 octo,
700 4425 785 4496 alias
813 4425 1007 4516 quindecim
1035 4446 1180 4516 marcas,
1207 4427 1282 4498 sola
1300 4426 1439 4518 quidem
1461 4427 1630 4500 medietas
1658 4429 1812 4513 decimae
1838 4429 2047 4520 proveniebat

513 4545 743 4635 monasterio,
770 4551 806 4617 et
832 4546 943 4618 altera
971 4547 1075 4618 altari
1098 4547 1218 4618 Sancti
1237 4546 1385 4618 Martini
1411 4549 1447 4618 in
1474 4544 1620 4622 eeclesia
1641 4549 1884 4640 Gracoviensi3
1912 4550 1968 4622 sed
1991 4569 2041 4639 pro

513 4664 699 4736 medietate
713 4665 883 4757 decimae,
911 4687 1013 4757 quam
1034 4667 1157 4740 habuit
1173 4670 1419 4740 monasterinm
1438 4669 1475 4740 in
1501 4669 1808 4763 Wyelmosza,
1827 4673 1972 4744 cambita
1993 4675 2042 4756 est,

512 4791 548 4857 et
566 4785 660 4858 tollit
678 4785 813 4878 integre
830 4788 1087 4872 monasterium.
1115 4787 1275 4862 Gonfinat
1293 4809 1370 4862 enm
1388 4790 1481 4864 uillis
1499 4790 1722 4884 Milnnky,
1739 4791 2041 4884 Wyelmosrya

516 4907 739 4980 Tarnowa
766 4905 897 4980 Gora.
1515 4943 1522 4952 ·

618 5028 860 5121 warennae,
894 5029 976 5102 villa
1013 5032 1077 5104 snb
1113 5031 1281 5122 parochia
1316 5031 1482 5106 ecdesiae
1517 5032 1562 5104 de
1594 5033 1863 5126 Zadroszye
1898 5037 1962 5108 sita
1991 5049 2039 5121 per
2139 5055 2140 5104 r

512 5149 778 5222 Boleslaum
813 5149 1033 5223 Pudicam
1069 5151 1190 5224 ducem
1228 5150 1393 5224 Poloniae
1428 5154 1640 5226 monasterio
1667 5153 1701 5226 S.
1726 5153 1891 5228 Andreae
1924 5154 2037 5226 donata

510 5271 549 5341 ln
578 5292 646 5361 qua
673 5277 754 5343 sunt
781 5271 905 5362 viginti
932 5279 1082 5364 quatuor
1109 5272 1202 5344 lanei
1229 5273 1474 5365 cmetbonales,
1499 5280 1537 5346 et
1563 5275 1711 5366 quilibet
1737 5276 1843 5350 soluit
1861 5331 1869 5348 .
1887 5331 1896 5348 .
1914 5330 1945 5347 ..
1969 5273 2036 5344 lten

511 5413 581 5464 una
608 5393 754 5464 taberna
791 5394 922 5466 habens
949 5415 1071 5486 agros,
1108 5400 1144 5466 et
1171 5394 1275 5478 solvit
1302 5416 1367 5486 pro
1394 5417 1500 5468 censu
1525 5403 1659 5488 septem
1694 5419 1839 5470 marcas.
1882 5398 1963 5470 Itan
1984 5411 2037 5464 uua

511 5513 708 5585 hortulania
735 5515 867 5586 habens
894 5537 1008 5606 agros
1036 5521 1072 5588 et
1099 5515 1205 5588 solvit
1223 5571 1231 5586 .
1249 5571 1257 5587 .
1348 5517 1437 5589 Item
1463 5540 1533 5590 non
1559 5525 1615 5590 est
1641 5519 1690 5590 ibi
1717 5520 1856 5610 aliquod
1884 5515 2035 5611 praediun

509 5632 668 5706 militare.
703 5634 792 5707 Item
820 5635 947 5709 solutio
974 5636 1128 5710 decimae
1154 5622 1385 5729 manipularis
1407 5638 1513 5710 villae¹
1536 5639 1713 5730 praefatae
1750 5639 2032 5718 diversificabatnr,
