4492 6592
333 687 552 802 Jrss

478 941 545 992 non
575 925 664 1012 sunt,
692 918 774 988 item
802 914 981 1005 praedium
1007 936 1077 987 nou
1105 923 1178 1002 est3
1204 914 1287 984 item
1305 914 1506 984 cmethones
1537 913 1640 984 villae
1664 911 1840 1001 praelatae
1866 912 1945 982 iure
1970 930 2040 1000 pa-

477 1039 629 1128 rochiali,
656 1037 823 1108 ecclesiae
850 1035 1040 1125 parochiali
1068 1037 1103 1106 in
1131 1034 1421 1107 Globuczsko
1449 1033 1588 1105 solvunt
1614 1034 1776 1123 missalia,
1803 1033 1848 1104 de
1874 1033 2040 1124 quolibet

479 1161 580 1232 laneo
608 1179 712 1230 unum
740 1158 882 1228 chorum
910 1157 1057 1247 siliginis
1084 1163 1120 1228 et
1146 1179 1253 1228 unum
1279 1177 1419 1228 avenae.

584 1279 906 1368 Wrnnornozsno,
932 1277 1016 1349 uilla
1041 1278 1175 1350 babens
1201 1279 1237 1349 in
1264 1299 1301 1349 se
1328 1277 1508 1351 ecclesiam
1528 1276 1760 1366 parochialem
1776 1276 1894 1367 lapide
1911 1282 2040 1347 rotun-

481 1401 535 1490 do,
564 1421 664 1491 quem
689 1397 786 1495 ploos
812 1420 975 1471 vocamus
1002 1405 1184 1488 muratam,
1211 1404 1247 1469 et
1271 1397 1398 1496 Sancto
1425 1397 1569 1468 Nicolao
1595 1397 1755 1486 dicam,
1782 1397 1882 1467 cuius
1908 1397 2042 1467 haeres

478 1519 643 1592 Nicolaus
671 1519 700 1590 B
711 1519 786 1610 yel
814 1524 848 1590 et
874 1518 946 1590 filia
972 1539 1036 1590 sua
1062 1519 1106 1589 de
1133 1517 1235 1590 domo
1262 1516 1447 1608 Ostoya.
1486 1517 1527 1588 ln
1555 1537 1624 1606 qua
1651 1522 1734 1587 sunt
1759 1517 1850 1587 lanei
1877 1517 2041 1588 emetho-

454 1640 584 1729 -nales,
612 1639 655 1710 de
683 1640 807 1730 quihus
835 1639 994 1710 omnibus
1021 1638 1169 1710 solvitur
1195 1646 1232 1709 et
1250 1638 1387 1722 ducitur
1405 1637 1539 1708 decima
1555 1636 1785 1727 manipularis
1800 1642 1837 1707 et
1855 1636 2041 1726 canapalis
2112 1703 2119 1712 .

478 1783 543 1851 pro
569 1761 780 1832 monasterio
808 1759 1049 1848 Mstbovieusi,
1076 1765 1112 1830 et
1138 1759 1238 1828 valor
1263 1759 1338 1828 eius
1366 1758 1572 1829 aestimatur
1598 1757 1641 1828 ad
1669 1756 1866 1846 quindecim
1889 1777 2042 1829 marcas.

478 1883 567 1954 Item
594 1888 649 1954 est
675 1881 724 1952 ibi
751 1902 856 1952 unum
884 1881 1064 1970 praedium
1084 1880 1246 1967 militare,
1262 1880 1351 1965 item¹
1363 1899 1433 1950 una
1450 1878 1752 1950 taberna·scolteti
1769 1879 1901 1949 habens
1919 1899 2041 1969 agros,

482 2005 565 2076 item
593 2024 683 2076 unus
711 2003 831 2074 laneus
859 2002 1052 2090 libertatus,
1082 2001 1124 2071 de
1152 2001 1277 2091 quibus
1303 2000 1452 2072 solvitur
1469 1999 1603 2072 decima
1622 1999 1848 2094 manipularis
1865 2000 2043 2071 eeclesiae

483 2131 519 2195 et
546 2124 693 2214 plebano
729 2123 858 2195 ibidem
894 2123 929 2194 in
960 2122 1005 2192 W
1014 2122 1350 2212 ylluoyeczsk03
1386 2121 1470 2192 item
1506 2121 1667 2192 scoltetia
1691 2122 1919 2193 unahabeus
1944 2121 2041 2193 duos

244 2269 255 2283 ·
359 2333 363 2345 1
481 2246 610 2334 laneos,
638 2245 681 2316 de
708 2266 853 2336 quorum
881 2266 950 2316 uno
977 2243 1169 2316 decimatur
1196 2242 1361 2314 ecclesiae
1388 2243 1424 2312 in
1452 2240 1831 2333 Wylhoyeczsko‚
1859 2243 1902 2314 de
1918 2243 2040 2314 altero

482 2366 693 2437 monasterio
722 2365 756 2436 in
784 2365 1001 2452 Msthow;
1028 2366 1112 2435 item
1140 2364 1229 2434 duae
1255 2363 1422 2434 tabernae
1448 2362 1627 2452 haeredis,
1654 2364 1822 2436 habentes
1849 2385 1960 2454 agros,
1986 2363 2039 2434 de
2161 2385 2163 2446 i

481 2487 606 2576 quibus
641 2485 831 2556 decimatur
866 2485 1031 2555 ecclesiae
1059 2490 1095 2554 et
1126 2484 1339 2555 monasterio
1365 2482 1616 2554 Msthouiensi.
1655 2484 1795 2556 Donata
1820 2485 2037 2556 monasterio
2161 2449 2163 2484 Ξ

430 2661 433 2668 .
481 2627 544 2696 per
571 2605 755 2676 Ivon'em
783 2605 981 2694 episcopum
1010 2603 1273 2675 Gracoriensem
1300 2602 1343 2673 de
1370 2623 1490 2673 mensa
1514 2604 1713 2694 episcopali.

585 2725 811 2815 dampetro,
839 2725 923 2796 villa
957 2725 1090 2796 habens
1126 2725 1163 2794 in
1199 2745 1236 2795 se
1272 2724 1453 2796 ecclesiam
1479 2725 1715 2814 parochialem
1740 2725 1907 2817 ligneam,
1933 2727 2039 2798 cuius

483 2849 607 2918 haeres
642 2846 874 2936 Hyeronimus
910 2843 1204 2934 Kobilensky
1239 2844 1283 2914 de
1318 2843 1420 2915 domo
1455 2843 1740 2937 Grzymalya.
1780 2847 1821 2917 ln
1857 2867 1926 2938 qua
1950 2853 2040 2918 sunt

311 2985 319 3003 ·
368 3065 372 3074 Ι
483 2967 665 3058 sexaginta
691 2967 782 3038 lanei
819 2965 1072 3052 omethonales‚
1100 2964 1143 3035 de
1171 2965 1296 3054 quibus
1322 2966 1482 3036 omnibus
1509 2966 1658 3037 solvitur
1683 2967 1818 3038 decima
1842 2967 2038 3058 pecunialis

482 3107 546 3178 pro
573 3087 784 3159 monasterio
812 3085 1061 3174 Msthouiensi,
1088 3085 1131 3156 de
1159 3085 1314 3174 quolibet
1340 3083 1441 3156 laneo
1467 3105 1530 3173 per
1556 3091 1634 3158 octo
1659 3108 1820 3177 grossos,
1846 3094 1884 3159 et
1908 3109 2037 3178 prore-

479 3209 581 3278 niunt
616 3207 733 3277 decem
769 3225 922 3293 marcae;
949 3205 1031 3275 item
1068 3207 1102 3275 in
1139 3205 1259 3276 eadem
1300 3203 1385 3276 villa
1423 3211 1478 3276 est
1516 3222 1622 3277 unum
1657 3209 1840 3297 praedium
1876 3209 2031 3280 militare

484 3329 528 3417 de
566 3315 662 3398 cuius
698 3327 792 3417 agris
828 3327 975 3398 solvitur
1011 3325 1144 3398 decima
1179 3328 1404 3418 manipularis
1433 3327 1598 3398 ecclesiae
1624 3329 1815 3417 parochiali
1843 3329 1971 3402 ibidem
1996 3331 2037 3402 in

483 3450 506 3521 J
516 3433 735 3521 auorzno.
762 3448 851 3520 Item
877 3449 1043 3519 tabernae
1071 3447 1158 3519 duae
1185 3449 1354 3520 habentes
1381 3471 1502 3540 agros,
1529 3449 1617 3521 duos
1644 3450 1806 3523 videlicet
1831 3451 1969 3540 laneos,
1996 3457 2037 3523 et

450 3643 452 3654 ,
484 3572 527 3642 de
555 3571 710 3661 quolibet
746 3569 927 3675 solvuntur
963 3574 1041 3640 octo
1077 3570 1190 3659 grossi
1211 3570 1291 3660 ‘pro
1327 3570 1460 3642 decima
1486 3571 1677 3660 pecuniali3
1704 3572 1785 3642 item
1813 3573 2036 3644 hortulaniae

485 3714 553 3764 non
582 3695 671 3762 sunt.
698 3692 786 3761 Item
813 3689 1045 3761 molendinum
1073 3695 1128 3760 est
1154 3691 1190 3760 in
1216 3691 1331 3780 borra,
1357 3691 1489 3763 habens
1515 3692 1668 3764 modicos
1694 3691 1821 3764 laneos.
1848 3693 1937 3764 Item
1955 3699 2039 3764 sunt

483 3813 532 3884 ibi
560 3817 709 3902 quatuor
736 3811 836 3900 lanei,
865 3811 923 3902 qui
950 3815 1119 3882 vocantur
1145 3807 1265 3906 euolog,
1292 3811 1454 3887 videlicet
1480 3800 1709 3902 cmethonum‚
1736 3819 1773 3885 et
1798 3815 1903 3886 solvit
1931 3815 2033 3905 quili7

483 3935 544 4005 bet
570 3933 734 4005 ecclesiae
761 3939 796 4003 et
823 3931 970 4022 plebano
998 3932 1033 4002 in
1060 3931 1083 4002 J
1093 3952 1299 4004 aworzno
1325 3932 1502 4004 decimam.

587 4054 848 4143 Znnuszunrr,
875 4053 967 4132 villa¹
991 4053 1054 4124 sub
1090 4053 1257 4142 parochia
1291 4053 1458 4125 ecclesiae
1493 4053 1537 4124 de
1571 4054 1798 4126 Irzandze
1823 4056 1908 4145 sita,
1937 4057 2036 4129 cuius

484 4175 608 4246 haeres
644 4174 822 4246 lohannes
857 4173 1208 4265 Pukarzouslry
1242 4174 1286 4245 de
1321 4175 1428 4245 armis
1464 4174 1749 4265 Srzenyawa
1788 4177 1829 4246 In
1856 4184 2035 4270 quasunt

485 4296 636 4386 quinque
662 4295 754 4366 lanei
781 4294 1034 4384 cmethonaleS,
1061 4293 1104 4366 de
1141 4295 1266 4384 quibus
1303 4295 1461 4366 omnibus
1487 4295 1688 4367 solvebatur
1713 4301 1751 4366 et
1776 4297 2034 4370 conducebatur

485 4416 617 4486 decima
643 4415 868 4505 manipularis
897 4419 933 4485 et
959 4415 1134 4505 canapalis
1161 4435 1226 4505 pro
1252 4416 1464 4490 monasterio
1491 4415 1743 4506 Msthoriensi,
1771 4423 1807 4488 et
1833 4418 1934 4490 valor
1960 4419 2034 4489 eius

337 4607 340 4617 ,
483 4537 689 4607 aestimatur
716 4535 759 4606 ad
788 4557 847 4606 sex
874 4555 1023 4624 marcas3
1059 4534 1125 4606 luit
1157 4535 1329 4625 quondam
1356 4537 1442 4607 haec
1468 4537 1602 4608 decima
1628 4539 1829 4610 monasterii
1856 4539 2029 4611 Msthovi·

485 4658 585 4747 ensis,
613 4657 741 4728 donata
767 4658 887 4729 eodem
914 4657 1125 4728 monasterio
1153 4677 1216 4747 per
1233 4657 1417 4728 Ivonem
1444 4660 1643 4750 episcopum
1662 4659 1945 4749 cracoviensem
1973 4660 2033 4732 sed

481 4799 546 4870 pro
583 4777 714 4848 decima
749 4777 851 4848 villae
887 4777 1189 4848 Kobilczicze
1225 4785 1434 4850 commutata
1469 4785 1523 4850 est
1558 4800 1634 4849 cum
1669 4781 1815 4852 ecclesia
1842 4782 2032 4870 parochiali

370 4883 372 4890 ’
482 4899 718 4987 lrzandze,
745 4899 781 4968 in
809 4899 905 4969 cuius
932 4898 1036 4968 etiam
1064 4919 1155 4969 nunc
1181 4899 1341 4970 consistit
1366 4900 1591 4989 proprietate.
2008 4917 2012 4920 ·

587 5019 778 5109 Mnnuszn,
806 5019 889 5090 uilla
915 5019 978 5090 sub
1006 5019 1173 5109 parochia
1199 5020 1364 5091 eeclesiae
1391 5020 1434 5091 de
1461 5021 1655 5093 Mathou
1683 5022 1760 5093 sita
1788 5023 1827 5093 lu
1855 5043 1924 5112 qua
1951 5030 2033 5094 sunt

483 5142 553 5212 tris
588 5141 732 5232 praedia
768 5140 951 5230 militaria,
979 5139 1021 5210 de
1058 5139 1183 5230 quibus
1219 5141 1377 5213 ommbus
1403 5142 1480 5213 iure
1506 5143 1699 5232 parochiali
1725 5143 1873 5214 soluitur
1900 5143 2038 5216 decima

482 5263 707 5354 manipularis
743 5261 952 5334 monasterio
988 5261 1239 5351 Methoviensi;
1274 5268 1311 5334 et
1336 5263 1435 5334 valor
1471 5264 1675 5335 aestimatur
1701 5265 1746 5335 ad
1773 5265 1860 5336 duas
1885 5285 2032 5338 marcas.

483 5383 571 5454 Sunt
606 5389 721 5456 autem
757 5390 830 5454 tres
866 5383 987 5474 uillae,
1024 5405 1112 5474 quae
1148 5389 1318 5456 vocantur
1343 5406 1413 5457 uuo
1448 5385 1840 5474 nomiueMalusze,
1868 5385 2032 5458 videlieet

483 5503 707 5595 Blothne,
742 5503 1034 5579 Poszrzedne
1070 5512 1106 5578 et
1133 5505 1276 5578 Stare.
1317 5505 1405 5578 Item
1440 5505 1533 5578 lanei
1559 5513 1596 5578 et
1621 5507 1697 5598 agri
1724 5529 1843 5578 omnes
1869 5507 2030 5579 villarum

483 5623 727 5715 praefatarum,
754 5625 893 5699 solvunt
920 5627 1086 5699 decimam
1106 5627 1354 5718 manipularem
1374 5648 1437 5718 pro
1455 5647 1574 5699 mensa
1591 5628 1779 5719 episcopali
1797 5627 2031 5720 Gracoviensi,
