4492 6592
510 750 585 823 438

511 949 649 1030 abbatis
675 956 819 1046 implere
854 953 1089 1042 detractante,
1115 949 1382 1022 Ludovicus
1410 948 1576 1021 Poloniae
1602 954 1637 1021 et
1663 946 1871 1039 ilungariae
1898 966 1957 1017 rex
1975 947 2044 1039 iusta

508 1078 745 1169 indignatione
770 1083 806 1145 et
834 1074 983 1165 querelis
1009 1072 1162 1145 assiduis
1188 1072 1390 1162 polonorum
1418 1078 1605 1161 permotum,
1630 1069 1860 1142 Gracoviensi
1888 1068 2044 1158 witeneu
2121 1142 2122 1163 i

297 1189 300 1195 ’
433 1235 435 1241 ·
509 1196 878 1286 Sandivogiode
904 1193 1139 1266 Sebubino
1175 1192 1332 1282 mandat,
1360 1196 1398 1263 ut
1424 1189 1627 1265 fortalitium
1655 1190 1785 1263 rebelle
1813 1196 2047 1280 expugnetur

508 1316 680 1390 cilicinam
707 1316 933 1407 pernitiosam
959 1314 1112 1404 dissipet
1145 1311 1211 1403 Qui
1238 1312 1582 1404 iussionibus-regiis
1608 1330 1744 1403 parans,
1771 1330 1792 1383 e
1820 1310 1971 1399 vestigio
1994 1310 2047 1381 lor·

508 1438 660 1509 talitium
694 1432 966 1526 Sebelilary
1002 1453 1176 1505 umorum
1212 1433 1375 1523 gentibus
1408 1434 1587 1506 obsessum
1622 1436 1816 1523 expugnat,
1845 1436 1888 1501 et
1912 1431 1947 1499 in
1972 1448 2047 1502 suan

510 1558 641 1648 redigit
666 1560 892 1648 potestatem,
920 1560 1098 1627 auctorent
1127 1572 1209 1625 vero
1235 1552 1383 1625 falsatae
1409 1559 1570 1625 monetae
1596 1554 1756 1625 iudaeum
1783 1552 1860 1643 igni
1889 1548 2048 1641 tradito

513 1684 587 1749 mm
613 1676 821 1750 fortalitium
846 1674 1124 1765 Scheiflary‚
1144 1693 1246 1765 quam
1265 1673 1429 1765 oppidum
1448 1671 1667 1745 Norilori
1693 1674 1767 1745 sire
1790 1671 2051 1763 Novitberg,

516 1804 555 1869 et
580 1797 681 1869 villas
707 1796 752 1869 ad
780 1795 866 1868 illud
883 1795 1108 1886 pertinentes,
1128 1793 1289 1866 videlieet
1306 1794 1517 1884 Dambno,
1544 1792 1855 1884 Ostrowyecz‚
1873 1790 2052 1863 Ostror-

511 1918 611 2008 sko,
637 1916 985 2009 Wylczepolye‚
1020 1914 1363 2005 Wacltszmutb‚
1390 1914 1701 2006 Dlugepolye,
1727 1911 2052 2001 Oluoooszorr,

511 2037 747 2127 Puramba,
773 2035 1114 2129 Myedzuyedz‚
1142 2034 1368 2125 Pudebin,
1395 2032 1649 2125 Olszowlra‚
1682 2033 1928 2126 liupana,
1954 2032 2050 2123 Qua·
2121 2094 2122 2105 ,

512 2160 654 2249 suino,
680 2156 951 2249 Ogouowka,
977 2155 1051 2227 Sel
1080 2157 1115 2227 in
1134 2156 1302 2247 Rablra,
1320 2162 1471 2231 montem
1491 2152 1648 2245 Gornz,
1666 2162 1703 2225 et
1720 2156 1808 2227 alias
1827 2155 2050 2245 pmsessum

513 2286 552 2350 et
577 2280 727 2351 villius
752 2278 962 2350 monasterio
988 2274 1218 2349 Ozirziczausi
1245 2277 1427 2366 abstrahit,
1454 2282 1490 2347 et
1515 2276 1600 2373 fisco
1618 2275 1717 2367 reffl'o
1734 2276 1780 2347 ob
1798 2274 1938 2347 mmm
1955 2274 2051 2345 laesae

410 2418 415 2426 ’
512 2399 707 2471 maiestatis
732 2398 946 2491 appropriet
973 2395 1093 2468 Abbas
1119 2400 1236 2467 autem
1263 2392 1509 2469 Guiruiezeusis
1535 2402 1670 2468 tautam
1695 2396 1750 2467 sui
1770 2388 1979 2470 monosterii
1993 2414 2051 2465 mu·

511 2519 704 2590 tilationem
730 2536 936 2606 aversurus,
963 2518 999 2588 in
1026 2515 1193 2588 Budam
1229 2514 1277 2588 ad
1310 2516 1597 2589 [ludovicum
1629 2534 1746 2615 regem
1774 2536 1814 2586 se
1841 2514 2050 2603 contritot

510 2639 767 2711 restitutionem
793 2636 952 2711 fortalitii
978 2643 1015 2709 et
1041 2637 1202 2709 villarum
1229 2636 1273 2707 ab
1300 2656 1342 2708 eo
1369 2636 1503 2709 enixius
1530 2638 1729 2729 postulavit.
1757 2635 1806 2707 At
1834 2652 1899 2707 rex
1928 2635 2049 2705 budo-

512 2760 641 2830 ricus
666 2760 755 2830 bene
780 2778 823 2830 eo
849 2776 1001 2849 sperma,
1027 2763 1064 2828 et
1089 2759 1126 2829 in
1151 2753 1299 2853 penates
1326 2759 1486 2848 proprios
1513 2774 1668 2829 remeare
1695 2758 1800 2861 iusso,
1819 2774 1933 2846 usque
1951 2756 2049 2825 adsui

510 2878 646 2950 felicem
680 2880 717 2950 in
748 2878 914 2951 Poloniae
948 2876 1092 2969 'reguum
1119 2878 1307 2951 adventum
1338 2898 1411 2951 rem
1438 2879 1636 2970 suspendit,
1664 2878 1799 2951 duabus
1824 2876 2050 2949 tantumnodo

512 3000 618 3091 villis,
643 3000 807 3072 uidelicet
831 2998 1099 3074 Ludzlmirz
1125 3004 1162 3071 et
1188 2996 1459 3090 Krowszow,
1484 2999 1528 3071 de
1554 3019 1623 3091 quo
1650 3000 1685 3071 iu
1705 3000 1926 3101 monamrio
1943 2996 2048 3068 coru

513 3122 628 3191 coensi
665 3121 836 3191 habentur
862 3119 1016 3195 eiusdem
1043 3120 1273 3193 Ludovici
1299 3121 1441 3210 literae,
1468 3120 1642 3218 restitutis
1653 3144 1665 3210 ;Ι
1689 3120 1750 3191 sed
1777 3121 1849 3192 sub
1876 3120 1938 3189 illo
1962 3120 2048 3189 inlat-

514 3240 629 3311 medio
663 3246 701 3309 et
725 3240 834 3311 abbas
860 3238 1106 3311 Oairzicaensis
1144 3241 1179 3311 iu
1214 3239 1394 3313 Poloniam
1429 3237 1625 3333 redeundo,
1652 3242 1745 3333 apud
1771 3234 2048 3312 Sozawnicna

514 3359 760 3431 monasterium
795 3360 848 3429 sui
883 3358 1016 3433 ordinis
1050 3360 1234 3451 languens,
1270 3361 1361 3434 diem
1398 3362 1502 3452 obiit,
1529 3370 1566 3433 et
1591 3362 1859 3435 Ludovicus
1888 3382 1950 3432 rex
1976 3378 2047 3430 anno

512 3480 634 3550 eodem
661 3478 743 3551 fatis
769 3486 824 3551 est
850 3488 1040 3571 exemptus,
1066 3489 1213 3572 propter
1240 3483 1331 3572 quod
1359 3483 1521 3555 alienatio
1548 3485 1625 3573 ipsa
1650 3483 1810 3555 iortalitii
1837 3489 1881 3553 et
1907 3481 2044 3551 villarum

416 3657 422 3665 .
514 3600 663 3691 emplius
688 3599 846 3671 radicata
871 3606 908 3671 et
941 3600 1146 3673 continuata
1180 3600 1256 3673 init.
1295 3601 1488 3673 Succedens
1514 3602 1605 3673 enim
1633 3602 1882 3693 Ludorico,
1911 3599 2044 3673 llladi·

514 3722 643 3792 slaus
677 3720 915 3793 Secundus
950 3723 1090 3795 natione
1117 3722 1286 3795 Lituanus
1313 3722 1479 3795 Poloniae
1505 3743 1585 3813 reu,
1611 3723 1692 3794 dum
1719 3742 1784 3835 nee
1809 3741 1876 3813 per
1904 3724 2044 3793 abbatem

317 3836 323 3843 ’
466 3906 473 3920 ,
512 3841 792 3932 Gzirziccensem
820 3861 884 3914 nec
909 3862 972 3933 per
998 3844 1127 3920 milites
1154 3844 1317 3915 dedomo
1340 3841 1604 3923 Grilfonum
1631 3842 1836 3915 monasterii
1852 3842 2044 3926 munaum,

512 3963 619 4035 castri
645 3962 922 4056 Sebastiam,
949 3965 1068 4055 oppidi
1094 3963 1325 4055 Novitarg
1351 3971 1389 4037 et
1415 3962 1574 4037 villarum
1602 3970 1781 4067 peteretur
1799 3960 2043 4053 restituti0‚scd

512 4086 577 4155 nec
602 4104 665 4174 per
689 4084 886 4158 ordinarios
912 4083 1159 4157 Gracorienses
1186 4091 1374 4177 peteretur,
1400 4086 1549 4177 primum
1577 4093 1729 4159 cestrum
1756 4088 1882 4177 ipsum,
1901 4086 2043 4177 oppidum

512 4210 548 4276 et
574 4206 675 4278 villas
703 4208 739 4278 in
765 4208 900 4279 leuibus
926 4213 964 4279 et
980 4206 1140 4281 facilibus
1159 4208 1381 4299 pecuniarum
1401 4210 1553 4300 summis,
1571 4210 1739 4281 militibus
1757 4208 1926 4281 Poloniae
1943 4207 2042 4279 inscri-

512 4323 605 4417 psit,'
619 4327 762 4400 domuit
787 4335 825 4400 et
849 4328 1028 4423 obligarit,
1054 4349 1097 4410 ex
1125 4336 1206 4421 post
1231 4350 1314 4401 vero
1342 4328 1525 4421 plerasque
1554 4330 1665 4421 villos,
1683 4329 1828 4402 medens
1847 4350 1931 4401 suas
1948 4328 2041 4417 regias

509 4455 549 4518 et
576 4449 754 4540 proprias,
781 4450 968 4523 donatione
994 4458 1056 4523 aut
1090 4451 1274 4542 temporali
1301 4457 1363 4523 aut
1387 4459 1558 4543 perpetua
1584 4441 1619 4523 iu
1647 4452 1775 4525 milites
1802 4452 1993 4539 distribuit,
2014 4452 2040 4517 et

512 4568 728 4640 haereditate
763 4572 997 4643 sanctuarium
1033 4571 1098 4643 Dei
1133 4590 1176 4645 ex
1214 4572 1425 4663 negligentia
1451 4580 1487 4649 et
1511 4573 1788 4647 dissimulatione
1814 4575 2041 4665 episcoporum,

511 4690 677 4762 abbatum
703 4696 741 4761 et
763 4690 995 4783 fundatorum,
1022 4712 1132 4785 usquc
1159 4695 1194 4764 iu
1222 4693 1311 4765 diem
1338 4700 1558 4785 praesentem
1585 4714 1784 4786 possessum
1804 4702 1842 4767 et
1858 4700 2040 4785 usurpatum

511 4817 574 4902 est,
600 4816 639 4882 et
663 4810 866 4884 fundatores
891 4814 1057 4904 coenubii,
1085 4815 1152 4886 viri
1180 4816 1312 4887 nobiles
1339 4821 1375 4886 et
1401 4816 1563 4906 insigues,
1582 4817 1617 4888 iu
1636 4836 1699 4895 sua
1717 4817 1912 4888 intentione
1930 4823 1962 4887 et
1976 4814 2039 4885 dote

513 4930 685 5022 fraudati3
712 4932 804 5024 quod
830 4954 874 5004 oe
901 4934 937 5004 in
956 4934 1161 5011 residuum
1179 4936 1349 5027 villatum,
1369 4936 1579 5008 decimarum
1605 4942 1642 5008 et
1668 4938 1820 5009 allorum.
1832 4944 2038 5029 proventuum

356 5138 360 5144 .
510 5054 712 5128 monasterii
739 5051 984 5128 Ozirziczensis
1020 5056 1217 5147 contingat,
1245 5056 1381 5129 illumm
1409 5056 1677 5149 descriptionem
1705 5060 1739 5129 in
1767 5060 1942 5149 praesenti
1966 5055 2038 5145 regi·

509 5182 595 5267 stro,
622 5176 667 5247 ad
692 5175 888 5249 futuromm
916 5179 1116 5254 metendam
1145 5179 1386 5249 subnectimus

614 5279 892 5374 nonasterium
921 5294 1225 5394 Ozyrzyczense
1262 5301 1384 5373 aviro
1421 5300 1528 5371 uobili
1561 5308 1598 5372 et
1625 5302 1806 5391 spectabili
1834 5300 1983 5372 Marco
2004 5296 2036 5368 de

509 5420 712 5491 llusscza
747 5420 902 5511 palatino
933 5419 1155 5493 Cracoviensi
1189 5424 1226 5491 et
1259 5440 1369 5510 genus
1404 5442 1445 5491 ex
1474 5422 1575 5493 domo
1611 5420 1874 5501 Griifonum
1902 5424 2035 5503 ducente,

508 5540 599 5628 apud
636 5542 752 5612 villam
780 5542 1047 5612 Ludzimirz
1074 5542 1236 5633 perprius
1262 5541 1460 5635 bundetum,
1489 5542 1614 5620 deinde
1642 5546 1677 5614 in
1705 5544 1818 5615 villam
1847 5544 2034 5615 Gui'rzicz

508 5667 652 5748 propter
679 5663 843 5731 maiorem
870 5665 1146 5753 competentiam,
1175 5664 1461 5754 quemadmodum
1489 5666 1524 5735 in
1553 5666 1791 5755 superioribus
1814 5666 2035 5757 descripsimus
