4492 6592
483 677 559 748 236

477 880 703 971 manipularis
730 877 895 948 ecclesiae
921 874 1114 966 parochiali
1127 875 1176 946 in
1195 873 1397 945 Panlow.
1436 873 1526 944 Item
1545 893 1663 946 omnes
1686 874 1762 965 agan·
1790 871 2040 961 cmetbonales,

478 1003 701 1074 tabernarum
727 1003 764 1069 et
781 997 1058 1068 hortulaniarum
1077 995 1218 1068 solvunt
1243 1000 1279 1066 et
1301 994 1497 1066 conducunt
1523 994 1691 1065 decimam
1718 994 1980 1084 manipularem
2007 999 2043 1063 et

479 1119 697 1210 canapalem,
724 1117 988 1219 praepositurae
1006 1116 1228 1206 Kyelczensi,
1255 1120 1292 1186 et
1319 1115 1416 1186 valor
1443 1116 1517 1186 eius
1544 1115 1750 1186 aestimatur
1781 1115 1826 1186 ad
1853 1112 2041 1184 duodecim

480 1260 623 1312 marcas.
663 1238 823 1310 Confluat
840 1257 917 1322 cum
935 1237 1203 1328 Szwyslina
1222 1236 1538 1326 Ratbkowyoze‚
1565 1235 1754 1325 Zancle,
1782 1235 2041 1324 Dambrowa

479 1359 666 1449 Pawlow,
692 1357 908 1448 WarszoW,
935 1357 1188 1446 Jadowniky.
1861 1419 1863 1421 ,

584 1480 795 1568 Rznnrnnn,
822 1478 906 1548 villa
933 1480 997 1574 sub
1024 1478 1190 1567 parocbia
1225 1477 1269 1547 (le
1295 1477 1707 1569 Swyanthomarza
1734 1477 1820 1566 sita,
1846 1475 1897 1547 ad
1925 1496 2043 1546 mona-

465 1601 626 1674 sterium
662 1598 810 1670 Sanctae
845 1597 966 1670 Crucis
993 1598 1181 1687 pertinens,
1218 1599 1257 1667 ln
1285 1619 1353 1688 qua
1380 1605 1461 1669 sunt
1489 1601 1637 1687 quatuor
1671 1598 1764 1668 lanei
1790 1597 2046 1686 cmetbonales,·

484 1725 521 1791 et
547 1719 652 1791 solvit
679 1740 742 1810 pro
770 1739 875 1790 censu
902 1725 938 1790 et
965 1739 1029 1808 pro
1050 1715 1223 1812 porcdlce
1248 1737 1352 1789 unam
1378 1739 1540 1806 marcam,
1568 1719 1651 1789 item
1678 1738 1745 1802 ova
1769 1718 1932 1808 triginta,
1960 1718 2045 1788 item

482 1841 593 1930 gallos
620 1840 725 1930 duca,
752 1841 835 1912 item
872 1861 989 1910 caseos
1017 1839 1122 1928 duos3
1158 1840 1242 1910 item
1269 1860 1338 1910 non
1365 1846 1446 1910 sunt
1471 1840 1637 1911 tabernae
1665 1859 1779 1931 neque
1806 1838 2044 1927 hortulanus,

484 1979 594 2050 neque
621 1960 820 2050 praedium3
856 1961 939 2032 item
967 1961 1111 2050 quilibet
1147 1982 1253 2031 unum
1280 1959 1370 2030 diem
1397 1961 1433 2030 in
1462 1961 1668 2058 septimana·
1681 1961 1819 2032 laborat
1845 1979 1959 2030 curru
1986 1963 2046 2030 aut

488 2086 627 2168 aratro;
653 2081 736 2151 item
764 2080 896 2152 decima
923 2081 966 2152 de
993 2082 1087 2172 agris
1114 2083 1335 2152 cmetbonum
1362 2081 1589 2171 manipularis
1607 2087 1643 2152 et
1661 2081 1836 2172 canapalis
1853 2101 1924 2172 pro
1944 2100 2045 2171 prae

485 2200 642 2290 positura
668 2199 858 2272 Kelczensi.
885 2201 993 2272 Valor
1020 2223 1080 2273 sen
1109 2222 1252 2273 marcas.
1280 2201 1440 2273 Continet
1466 2223 1541 2272 cani
1570 2203 1698 2274 eisdem
1726 2203 1828 2293 villis,
1854 2223 1939 2274 cum
1970 2201 2044 2292 qui-

488 2321 554 2392 bus
581 2325 617 2390 et
642 2319 826 2409 Rzepin.
1542 2338 1545 2342 ·
1792 2397 1796 2405 Ι

588 2439 853 2530 Woaowrczn,
881 2443 963 2512 villa
998 2445 1062 2515 sub
1099 2444 1266 2534 parocbia
1300 2444 1344 2515 ‹le
1380 2443 1568 2516 Manina
1594 2446 1680 2535 sita,
1707 2446 1806 2516 ouius
1839 2445 2043 2536 proprietas

488 2562 598 2639 maior
636 2559 786 2649 pertinet
821 2559 1098 2653 aepiscopum
1136 2565 1411 2655 Lubuczensem,
1447 2571 1484 2636 et
1518 2572 1600 2638 sunt
1636 2567 1672 2636 in
1700 2587 1741 2636 ea
1768 2566 1925 2657 quinque
1953 2565 2043 2637 lanei

485 2681 698 2773 pertinentes
726 2679 770 2750 ad
797 2680 995 2770 episcopum
1022 2684 1290 2773 Lubnczensem‚
1317 2692 1354 2757 et
1380 2685 1469 2758 (luae
1495 2687 1715 2758 hortulaniae
1741 2691 1777 2757 et
1803 2686 1945 2757 decima
1971 2707 2040 2756 ma·

338 2838 342 2846 ,
487 2801 666 2892 nipularis,
693 2804 728 2869 et
755 2799 798 2870 de
825 2801 982 2871 omnibus
1009 2805 1156 2876 solvitur
1182 2812 1219 2877 et
1244 2806 1449 2878 conducitur
1467 2806 1600 2878 decima
1617 2807 1653 2878 in
1671 2807 1866 2896 Manina,
1886 2812 1928 2878 et
1945 2807 2042 2878 valor

414 2951 417 2964 ·
488 2923 561 2992 eius
589 2921 794 2993 aestimatur
829 2917 873 2988 ad
900 2939 960 2988 sex
988 2941 1130 2994 marcas.
1165 2926 1252 2996 Item
1280 2932 1335 2996 est
1360 2927 1409 2997 ibi
1436 2947 1526 2997 unus
1552 2927 1690 3017 laneus,
1716 2928 1813 2998 cuius
1840 2926 2042 3018 proprietas

488 3041 640 3132 pertinet
666 3039 711 3110 ad
738 3038 986 3109 monasterium
1013 3039 1160 3113 Sanctae
1186 3045 1307 3116 Crucis
1325 3045 1456 3118 Calvi
1474 3047 1659 3138 Montis,
1677 3053 1714 3118 et
1731 3048 1835 3119 solvit
1851 3069 1919 3138 pro
1938 3067 2041 3118 censu

489 3182 593 3233 unam
620 3179 696 3230 cum
723 3158 836 3230 media
862 3177 1013 3228 maroam
1040 3165 1076 3230 et
1103 3169 1251 3250 quatuor
1276 3188 1427 3255 grossos.
1463 3168 1550 3238 Item
1578 3189 1620 3238 ex
1646 3169 1741 3258 agris
1767 3168 1924 3240 eiusdem
1952 3167 2040 3238 lanei

492 3281 638 3352 solvitur
664 3279 797 3350 decima
824 3277 1048 3368 manipularis
1076 3267 1284 3355 monasterio
1311 3286 1459 3360 Sanctae
1486 3288 1616 3360 Crucis.

595 3401 770 3490 Sczncnn,
798 3399 881 3470 villa
907 3399 971 3470 sub
999 3399 1165 3490 parocbia
1190 3404 1353 3480 ecclesiae
1379 3409 1422 3480 de
1449 3402 1636 3481 Manina
1662 3410 1749 3500 sita,
1776 3411 1874 3482 cuius
1903 3409 2038 3500 propri·

491 3531 565 3596 etas
592 3543 655 3614 pro
683 3521 824 3612 aliquali
851 3526 952 3611 parte
979 3520 1023 3591 ad
1050 3524 1297 3595 monasterium
1323 3526 1468 3600 Sanctae
1486 3531 1606 3606 Crucis
1624 3532 1785 3622 pertinet.
1812 3531 1932 3603 Habet
1949 3530 2035 3602 eninr

492 3646 539 3716 ibi
569 3643 815 3715 monasterium
851 3641 998 3712 Sanctae
1033 3640 1154 3713 Crucis
1189 3641 1276 3713 duas
1303 3648 1478 3719 tabernas·
1492 3651 1658 3724 babentes
1686 3673 1808 3743 agros,
1832 3658 1872 3723 et
1902 3652 2038 3724 solvunt

430 3859 434 3867 Ι
492 3787 555 3856 pro
583 3786 686 3836 censu
713 3763 925 3835 monasterio
953 3763 1038 3834 duas
1066 3783 1143 3834 cum
1170 3761 1285 3834 media
1310 3785 1445 3837 marcas
1470 3777 1506 3840 et
1533 3779 1681 3860 quatuor
1697 3795 1857 3864 grossos3
1883 3778 1924 3844 et
1950 3770 2037 3844 (leci-

494 3907 549 3958 ma
576 3885 800 3992 manipularis
828 3885 993 3956 ecclesiae
1020 3886 1055 3954 in
1083 3884 1279 3956 Manina.
1317 3884 1403 3956 ltem
1431 3889 1648 3981 episcopatus
1674 3893 1909 3966 Lubuczensis
1936 3894 2038 3964 babet
2138 3870 2139 3915 ³

492 4010 540 4102 ibi
577 4029 679 4079 unam
715 4008 914 4096 tammam,
951 4027 1037 4097 quae
1074 4005 1179 4078 solvit
1215 4027 1279 4096 pro
1306 4025 1412 4078 censu
1437 4028 1541 4078 unam
1567 4031 1786 4105 mangonem,
1813 4022 1849 4087 et
1875 4015 2036 4088 decimam
2138 4019 2139 4105 ᾖ

493 4153 556 4222 pro
583 4131 745 4224 episcopo
779 4128 1011 4200 Cracoviensi.
1066 4204 1068 4210 ,

596 4251 807 4340 Worsnaw,
835 4249 979 4320 villain
1008 4248 1114 4340 sylvis
1141 4268 1250 4339 prope
1277 4247 1525 4340 Myelyecz‚
1552 4255 1589 4320 et
1614 4251 1678 4322 snb
1696 4256 2035 4341 parocbia'ecclesiae

494 4373 536 4444 (le
563 4371 755 4446 Zochow
782 4372 867 4460 sita,
896 4370 992 4442 cuius
1028 4369 1227 4460 proprietas
1255 4369 1336 4440 olim
1363 4369 1408 4440 ad
1432 4371 1681 4441 monasterium
1707 4371 1841 4446 Calvi
1867 4376 2034 4452 Montis
2101 4429 2105 4434 .
2138 4430 2139 4433 ,

494 4493 642 4592 Sanctae
670 4489 789 4564 Crucis
826 4492 1025 4582 pertinebat
1061 4491 1257 4582 cumomni
1293 4491 1388 4578 iure3
1427 4490 1488 4562 sed
1514 4489 1720 4562 Michael
1733 4493 1854 4565 'abbas
1881 4496 2035 4568 cambivit

495 4635 569 4686 eam
606 4634 669 4704 pro
701 4613 783 4684 villa
818 4613 1026 4702 Paulow,
1054 4611 1198 4683 inferius
1233 4611 1479 4700 describenda,
1505 4617 1542 4682 et
1568 4611 1721 4683 Jobanni
1747 4612 2035 4713 Skrzantbka

496 4736 538 4810 sle
565 4734 667 4808 domo
696 4731 956 4816 Codzaniba
983 4734 1151 4806 ducentas
1179 4753 1313 4804 marcas
1340 4734 1377 4803 in
1404 4734 1474 4803 vim
1501 4733 1779 4804 commutationis
1806 4733 1951 4806 addidit.

599 4856 784 4946 innow,
812 4855 895 4930 villa
921 4848 1052 4928 babens
1079 4856 1115 4926 in
1143 4876 1180 4926 se
1206 4854 1440 4946 parochialem
1468 4854 1648 4926 ecclesiam
1665 4854 1824 4945 ligneam,
1842 4876 1952 4946 prope
1969 4853 2034 4924 Bo·

488 4979 722 5056 tlzanczin
761 4977 845 5068 sita,
882 4999 983 5069 quam
1011 4976 1214 5048 Michael
1241 4977 1349 5048 abbas
1386 4982 1427 5047 nt
1463 4976 1704 5066 praemisimus
1731 4997 1794 5067 pro
1822 4976 1905 5047 villa
1930 4993 2033 5048 mona-

494 5101 594 5173 sterii
620 5101 674 5172 sui
701 5099 935 5190 Woyslaw,
962 5099 1140 5170 meliorem
1167 5098 1399 5170 conditionem
1427 5097 1481 5167 sui
1510 5097 1713 5170 monasterii
1739 5097 1943 5187 allecturus,
1969 5113 2032 5167 cnm

496 5222 604 5294 nobili
639 5221 798 5293 lohanne
835 5220 1135 5291 Skrzantbka
1169 5219 1277 5291 nobili
1304 5218 1347 5289 de
1375 5219 1477 5290 domo
1515 5215 1776 5290 Godzamba
1802 5217 2033 5307 cambivit,et

497 5344 706 5415 monasterio
742 5341 888 5414 Sanctae
924 5341 1045 5414 Crucis
1081 5363 1172 5414 anno
1207 5341 1346 5413 Domini
1378 5342 1485 5412 1471.
1514 5340 1765 5431 appropriavit.
1802 5340 1844 5411 In
1871 5361 1941 5430 qua
1965 5338 2033 5409 sunt

497 5463 614 5535 decem
641 5465 732 5536 lanei
760 5464 1002 5554 cmetbonales,
1030 5470 1066 5535 et
1093 5463 1240 5555 quilibet
1266 5463 1371 5534 solvit
1396 5483 1464 5553 pro
1491 5482 1597 5534 censu
1623 5482 1727 5534 unam
1754 5481 1906 5533 marcam
1932 5467 1966 5531 et
1980 5475 2033 5549 pro
2115 5496 2139 5510 -κ

489 5581 708 5682 porocllce...,
723 5586 807 5656 item
825 5586 972 5677 triginta
991 5607 1065 5675 ova,
1080 5585 1194 5676 ¹gallos
1222 5585 1318 5676 duos,
1345 5605 1464 5657 caseos
1493 5583 1601 5673 duos;
1628 5584 1712 5655 item
1739 5583 1877 5655 laborat
1903 5579 2034 5692 quilibet
2138 5568 2139 5574 ’
