4492 6592
1747 796 1827 865 441
1879 838 1885 851 ·

261 980 466 1071 proprietas
492 982 536 1053 ad
562 952 813 1056 monasterisrn
840 982 1076 1059 Cairzioaanaa
1101 989 1266 1077 pertinet.
1293 989 1332 1061 ln
1361 1010 1430 1081 qua
1457 991 1539 1065 sunt
1569 1001 1719 1085 quatuor
1737 1000 1830 1073 lanei

265 1103 515 1193 amathonalas,
541 1109 578 1175 et
602 1104 750 1195 quilibet
775 1107 879 1178 solvit
906 1127 969 1197 pro
997 1129 1102 1181 aenan
1129 1115 1208 1181 ooto
1236 1116 1377 1203 scottae,
1405 1114 1489 1185 item
1507 1104 1584 1207 ora,
1600 1118 1685 1189 itam
1703 1120 1825 1211 gallaa,

262 1225 353 1295 itam
379 1244 521 1315 oaaeoa3
547 1228 631 1296 item
658 1227 796 1299 laborat
822 1227 1149 1319 quilibettuazini,
1177 1232 1309 1303 arando
1336 1254 1400 1323 pro
1428 1252 1510 1306 vere
1538 1242 1574 1307 et
1601 1254 1665 1328 pro
1691 1241 1827 1332 hyeme,

261 1344 457 1437 mpioando
483 1353 521 1418 et
547 1347 695 1419 serendo
722 1368 826 1438 agros
852 1351 1066 1440 monasterii,
1093 1358 1172 1423 sata
1199 1354 1369 1443 metendo,
1397 1362 1432 1426 et
1457 1357 1494 1427 in
1519 1358 1681 1431 horream
1702 1382 1825 1434 ooeno-

262 1468 359 1539 biale
384 1458 590 1541 inducendo.
618 1468 705 1542 ltere
725 1469 921 1564 pourton,
948 1473 1030 1543 item
1058 1490 1218 1572 oaazyep5
1244 1475 1327 1547 item
1355 1477 1511 1568 taberna,
1539 1480 1622 1551 item
1641 1457 1827 1575 hortulani,

260 1590 351 1661 item
378 1590 567 1680 praedium.
594 1591 682 1662 Item
711 1609 829 1663 onnes
856 1594 937 1687 agri
961 1593 1076 1665 villae·
1092 1595 1233 1666 solmnt
1258 1602 1303 1667 et·
1323 1595 1519 1671 oon'duonnt
1547 1600 1713 1675 decimam
1748 1626 1825 1676 nra-

262 1712 461 1803 nipularenr
494 1717 534 1808 et
569 1714 787 1811 panapalent,
815 1733 878 1805 pro
915 1716 1128 1788 monasterio
1157 1714 1404 1810 Gzirzioaensi,
1431 1729 1468 1793 et
1495 1724 1592 1795 valor
1617 1726 1693 1797 aius
1721 1728 1826 1798 aeeti-

261 1839 384 1905 matur
408 1832 455 1905 ad
482 1824 633 1925 quinque
661 1856 805 1907 mareas.
832 1836 992 1909 Gonlinm
1016 1860 1094 1909 anm
1114 1894 1121 1907 .
1141 1892 1175 1908 ..

370 1954 578 2046 drimano,
607 1947 689 2027 villa
715 1958 780 2029 aab
806 1950 975 2047 paroolria
1000 1960 1167 2031 eeclesiae
1194 1960 1237 2032 de
1257 2017 1263 2031 .
1284 2016 1290 2030 .
1310 2018 1316 2031 .
1336 1962 1414 2052 alta,
1441 1928 1538 2035 onina
1565 1969 1762 2057 proprietas
1789 1977 1825 2041 et

259 2078 455 2150 dominium
489 2078 534 2149 ad
569 2080 815 2151 monasterinm
849 2079 1085 2153 Gzirziozensa
1120 2083 1293 2172 pertinet,
1330 2086 1574 2176 pertinereque
1611 2089 1734 2177 debet3
1762 2090 1822 2163 sed

263 2200 385 2277 uillam
411 2200 502 2271 hano
526 2202 786 2273 monasteriam·
800 2188 1037 2280 (lzirzieaense
1063 2204 1232 2294 haetenus
1260 2226 1328 2276 non
1356 2207 1522 2296 possidet,
1550 2208 1610 2279 sed
1630 2211 1684 2281 vel
1704 2210 1822 2283 deser-
1868 2210 1871 2226 '

262 2327 341 2403 tata
368 2322 423 2393 vel
451 2342 473 2392 a
499 2323 710 2395 monasterio
727 2321 960 2399 (lairzlozansi
984 2326 1173 2396 abstracta.

369 2442 672 2533 Sozraoazreza,
700 2444 783 2515 ullla
818 2440 887 2517 snb
910 2447 1082 2538 ¹parochia
1118 2447 1162 2517 de
1190 2446 1236 2516 W
1244 2449 1520 2539 qszoozicze
1547 2466 1654 2541 supra
1679 2452 1832 2535 flurium

259 2566 482 2657 Dlubnya
508 2566 595 2655 sita,
622 2566 719 2637 ouius
754 2568 952 2668 proprietas
979 2567 1024 2659 ad
1051 2544 1300 2640 monasterium
1328 2566 1563 2641 Grirzioaehae
1591 2573 1750 2661 partinet.
1779 2574 1819 2645 In
1855 2574 1857 2579 '

260 2707 334 2777 qua
360 2692 443 2758 snat
467 2686 648 2759 duodecim
675 2688 777 2779 lanei,
805 2692 852 2761 et,
868 2689 1015 2779 quilibet
1042 2689 1147 2760 solvit
1173 2689 1319 2761 mediam
1347 2710 1508 2781 marcam,
1536 2693 1617 2763 item
1645 2715 1720 2783 ova,
1739 2695 1821 2765 item
1914 2703 1918 2787 ζ

259 2809 394 2899 gallos,
421 2808 503 2879 itera
532 2828 673 2898 aaaaoa3
698 2812 782 2881 item
808 2812 945 2883 ratione
971 2811 1130 2883 laborm
1149 2807 1305 2902 quilibet
1332 2816 1409 2883 arat
1435 2806 1499 2903 pro
1527 2834 1610 2886 rere
1637 2821 1672 2885 et
1700 2816 1821 2907 hyeme

259 2926 404 3023 imrzim'
429 2935 466 3001 et
492 2930 643 3020 arpiaat,
670 2932 775 3021 serit,
802 2932 920 3021 metit,
947 2931 1102 3022 disponit
1129 2938 1165 3004 at
1192 2932 1373 3022 conducit3
1400 2934 1485 3004 item
1505 2933 1708 3028 patrobam,
1735 2938 1818 3007 itam

259 3074 423 3147 eneruem,-
457 3051 541 3139 item
579 3053 745 3141 taberna,
778 3053 864 3125 itera
900 3053 1095 3141 hortulani,
1121 3054 1206 3125 item
1232 3054 1431 3144 praedium,
1458 3056 1542 3126 itam
1569 3044 1822 3147 molendinnmss

260 3176 347 3245 item
375 3168 495 3245 omnes
522 3175 598 3264 agri
626 3174 729 3245 villae
756 3161 896 3245 solvunt
922 3181 959 3245 et
986 3174 1183 3246 conducunt
1209 3175 1376 3255 decimam
1396 3177 1647 3271 manipularem
1666 3183 1702 3248 et
1719 3200 1822 3253 oana-¹

259 3298 386 3387 palera
413 3315 478 3386 pro
504 3297 666 3387 episeopo
692 3295 936 3387 Graooviebai‚
962 3301 999 3367 et
1025 3297 1125 3369 valor
1151 3297 1227 3368 eina
1254 3299 1458 3371 aestimatur
1485 3299 1529 3370 ad
1555 3300 1701 3390 triginta
1728 3322 1819 3372 mar·
1860 3310 1864 3315 '

260 3440 332 3489 aaa.
358 3416 519 3489 &adrat
543 3438 620 3488 aura
838 3498 843 3509 ι
1404 3398 1408 3405 ’

366 3539 586 3629 Lonzrnraz,
612 3538 697 3610 villa
723 3539 954 3630 parochialem
983 3540 1163 3610 adeletiam
1191 3538 1324 3612 habena
1350 3540 1386 3611 in
1414 3560 1460 3631 aa,
1488 3547 1524 3611 et
1551 3543 1587 3612 in
1615 3558 1684 3633 qna
1702 3562 1819 3616 mona·
1898 3622 1903 3628 κ

259 3663 406 3733 sterium
434 3660 669 3732 Gzirzieaense
695 3662 761 3732 luit
785 3662 976 3748 fundatam,
1003 3662 1101 3731 onina
1116 3660 1324 3753 ‘proprietas
1351 3661 1396 3731 ad
1422 3663 1670 3733 monasterium
1690 3662 1821 3735 Ozirzi·

184 3861 187 3863 v
260 3793 384 3855 ozeoae
404 3783 585 3872 pertinet.
620 3783 660 3852 ln
679 3805 757 3873 qua
791 3790 872 3853 sunt
898 3788 1049 3872 quatuor
1074 3782 1169 3857 lanei
1195 3782 1452 3870 onrethonales‚¹
1474 3789 1511 3853 et
1538 3783 1686 3872 qullibet
1713 3785 1819 3857 solvit

260 3905 380 3975 decem
415 3926 557 3993 grossos
591 3913 805 4007 protenso,
833 3904 916 3975 item
941 3923 1027 3991 ora,
1053 3900 1145 3972 itam
1165 3902 1295 3993 gallor,
1323 3904 1406 3973 ltern
1432 3918 1571 3992 aaaeoa3
1599 3905 1682 3974 iterii
1710 3905 1819 3994 labor,
1947 3934 1955 3939 ·

131 4026 135 4029 ’
258 4028 344 4097 item
364 4023 532 4120 uomodo,
568 4026 651 4095 iterii
687 4047 824 4120 oaezyep
834 4050 847 4109 ‚·
881 4025 965 4095 item
991 4022 1157 4111 taberna,
1184 4019 1268 4095 item
1296 4024 1491 4114 hortulani,
1518 4026 1600 4096 item
1629 4026 1817 4115 praedium.

257 4147 348 4218 ltem
376 4166 495 4217 omnes
522 4147 598 4236 agri
626 4147 728 4217 villae
756 4147 957 4217 solvontet
983 4144 1181 4221 conducunt
1199 4142 1367 4215 deciorum
1386 4146 1637 4235 manipularem
1656 4152 1692 4219 et
1711 4159 1813 4217 oana-

257 4269 385 4359 palern,
412 4286 476 4358 pro
503 4269 714 4339 monasterio
741 4249 978 4358 Cairziezenai,
992 4272 1041 4337 'et
1066 4266 1166 4339 valor
1192 4267 1267 4337 aias
1294 4267 1498 4337 aestimatur
1517 4261 1560 4337 ad
1578 4267 1652 4338 tres
1671 4277 1816 4340 marcae.

259 4389 423 4461 Gondnat
448 4409 526 4461 eom
547 4446 554 4459 .
574 4444 607 4459 ..
868 4464 872 4467 ,
1764 4382 1768 4401 “
1915 4476 1926 4488 ,Ι

374 4510 653 4582 Nraozanrsna
680 4516 799 4601 ,prata
835 4510 951 4582 Habet
985 4510 1233 4582 monasterium
1269 4507 1504 4586 Oziraiezenaa
1541 4509 1672 4599 optima
1707 4516 1817 4600 prata,

258 4653 365 4705 onum
384 4632 532 4703 milliara
559 4655 581 4703 a
607 4633 818 4725 monastario
845 4631 1072 4703 Ozirziozansi
1099 4630 1275 4720 distantia,
1303 4628 1506 4720 Nyedzel
1519 4630 1620 4701 laha
1646 4632 1816 4701 communi

258 4755 469 4827 vocitatione
497 4754 681 4845 appellata,
708 4775 796 4843 quae
824 4753 1058 4845 aequipollent
1084 4754 1144 4858 oni
1173 4751 1284 4840 villae,
1312 4774 1355 4824 ex
1383 4752 1508 4843 quibus
1535 4752 1652 4842 plures
1671 4771 1814 4825 oonsve·

258 4878 312 4947 vit
338 4896 402 4966 pro
429 4897 491 4947 suo
518 4882 556 4947 et
582 4876 793 4947 advenarum
820 4897 895 4965 usu,
923 4877 1102 4966 percipere
1130 4874 1402 4946 commoditates.

368 4994 548 5070 Taberna
575 4998 611 5068 in
639 4996 804 5088 Magno
830 4996 947 5087 Sale,
973 4997 1033 5068 obi
1060 4996 1164 5067 hodie
1191 4994 1486 5088 Wyelyealra.
1527 4994 1614 5067 item
1642 4999 1815 5065 monaste*

178 5123 183 5131 ’
257 5122 350 5191 rium
386 5118 621 5191 Ozirziozenae
662 5120 768 5190 habet
805 5117 1002 5209 habereque
1043 5118 1149 5190 debet
1188 5138 1291 5188 unam
1331 5116 1512 5196 tabernam
1549 5114 1738 5186 notabilem
1777 5114 1813 5183 in

256 5240 425 5331 Magno
453 5240 570 5329 Sale,
596 5239 747 5333 quae'et
775 5240 1057 5333 Wyelyozha
1083 5259 1175 5311 nuno
1201 5238 1365 5329 oppidum
1393 5237 1538 5326 dieitur,
1566 5236 1601 5306 in
1629 5256 1697 5325 quo
1725 5233 1815 5305 sales

257 5362 497 5469 effodiuntur,¹
517 5384 606 5453 quae
641 5362 748 5437 nabet
783 5384 887 5453 agroa
922 5363 1119 5452 habereque
1146 5361 1268 5474 dehet,
1295 5365 1332 5431 et
1359 5379 1448 5450 qaae
1474 5378 1539 5448 pro
1567 5374 1672 5429 oanan
1699 5375 1814 5427 annuo

257 5485 365 5557 solvit
391 5485 594 5575 solvereque
620 5488 760 5556 tenetur
787 5485 998 5556 monasterio
1016 5482 1244 5554 Gzirziozenai
1264 5536 1270 5551 .
1291 5536 1324 5551 ..
1365 5510 1371 5515 ·

362 5600 583 5695 Daoerarn,
610 5606 696 5677 ‘villa
722 5606 955 5697 parochialem
983 5602 1162 5675 eeclesiam
1190 5604 1323 5675 habens
1350 5602 1385 5672 in
1413 5618 1460 5690 se,
1488 5600 1584 5671 caius
1619 5596 1838 5701 proprietas¹

256 5729 301 5799 ad
339 5728 584 5801 monasterium
621 5726 856 5799 Gzirzioaanae
892 5726 1054 5818 partinet.
1087 5726 1129 5797 ln
1165 5746 1234 5817 qua
1261 5728 1343 5796 eunt
1377 5719 1468 5795 lanei
1497 5716 1751 5809 amathonalee,
1774 5718 1815 5793 at

361 5896 409 5937 aaa.
419 5895 516 5936 maone.
529 5896 574 5937 ιιι.
1611 5870 1648 5921 ⁵⁶
