4492 6592
485 787 561 858 406

482 992 737 1082 Boobnyam
764 988 852 1079 situ;
879 1008 968 1081 qnae
994 989 1059 1059 sub
1085 1006 1128 1059 eo
1154 990 1320 1077 tempore,
1347 982 1428 1057 dum
1456 984 1540 1055 villa
1565 983 1846 1055 Doluszieze
1873 1000 1939 1073 pro
1966 1000 2033 1051 mo

481 1112 635 1183 nauterio
661 1110 934 1182 Wunoboozensi
970 1108 1166 1181 donabatur
1201 1112 1237 1178 et
1264 1107 1463 1195 emebatur,
1490 1124 1612 1177 nemus
1639 1110 1717 1176 erat
1742 1104 1787 1176 ad
1815 1102 1936 1174 villam
1964 1100 2035 1173 Do

481 1232 688 1303 lnszieze
715 1230 912 1323 pertineus3
947 1229 1009 1301 sed
1036 1248 1208 1319 praeessu
1227 1227 1395 1317 temporis
1422 1226 1492 1297 illie
1519 1226 1602 1299 villa
1626 1226 1742 1315 locata
1768 1230 1842 1314 est,
1870 1228 1908 1295 et
1936 1223 2034 1293 babet

482 1354 518 1423 in
545 1372 584 1423 se
610 1352 734 1441 viginti
761 1371 866 1441 agros
892 1351 966 1421 sive
992 1350 1112 1421 laneos
1139 1348 1369 1437 indistinctos,
1396 1349 1454 1438 qui
1483 1368 1621 1418 censum
1645 1346 1786 1417 solvunt
1813 1345 1922 1433 varie,
1942 1344 2034 1414 iuxta

304 1465 308 1477 '
384 1496 388 1502 ⁴
481 1473 713 1564 quantitatem
748 1490 929 1562 agrorum,
965 1477 1002 1542 et
1026 1470 1265 1543 aestimantur
1300 1468 1418 1540 decem
1454 1474 1491 1539 et
1526 1472 1625 1557 oeto,
1652 1472 1690 1538 et
1717 1466 1862 1538 deberet
1891 1464 2033 1555 quilibet

485 1592 622 1664 solvere
648 1593 771 1663 nonem
799 1596 940 1679 scottos,
969 1590 1051 1661 item
1080 1609 1147 1661 ova
1172 1590 1337 1679 triginta,
1354 1589 1447 1659 'item
1475 1587 1586 1677 gallos
1613 1591 1781 1679 quatuor,
1808 1588 1892 1657 item
1921 1604 2037 1655 caseos

481 1712 579 1804 dnos,
606 1714 689 1784 item
717 1701 855 1784 labores
882 1711 1017 1803 aliquos
1045 1730 1113 1782 non
1140 1708 1280 1799 iaciunt,
1308 1708 1369 1781 sed
1396 1728 1461 1799 pro
1487 1708 1666 1781 laboribus
1693 1728 1812 1780 omnes
1838 1714 1915 1779 tres
1933 1704 2036 1777 ferto

334 1859 340 1867 ·
481 1854 544 1905 nes
571 1854 661 1905 anno
688 1833 844 1925 quolibet
869 1832 1019 1904 solvunt.
1046 1831 1134 1905 ltem
1155 1828 1340 1925 portabam
1367 1850 1434 1901 non
1462 1829 1615 1919 ianiuut3
1641 1830 1725 1901 item
1744 1848 1883 1924 oaszpep
1902 1827 2037 1898 solvunt

480 1955 542 2025 sed
568 1954 778 2044 indistincte,
805 1953 943 2044 quando
970 1952 1066 2023 veuit
1092 1951 1210 2041 abbas,
1238 1958 1298 2022 aut
1324 1951 1377 2022 sui
1405 1951 1547 2022 nuntius
1573 1951 1608 2021 in
1628 1950 1756 2021 villam.
1783 1949 1873 2021 ltem
1891 1948 2037 2019 taberna

409 2083 416 2097 ‘
481 2094 552 2145 una
577 2074 788 2163 monasterii,
815 2074 946 2144 babens
973 2092 1086 2163 agros,
1113 2090 1202 2165 quae
1229 2071 1335 2144 solvit
1361 2092 1425 2162 pro
1453 2090 1557 2143 censu
1585 2076 1688 2143 unam
1716 2088 1938 2160 sexagenum,
1957 2070 2036 2139 item

481 2194 677 2284 hortulani,
703 2194 786 2266 item
823 2193 1002 2284 praedium
1034 2192 1235 2263 coenobiale
1270 2214 1338 2264 uon
1375 2192 1491 2264 estin
1519 2192 1601 2263 villa
1628 2190 1767 2279 eadem3
1793 2190 1862 2262 init
1890 2188 2039 2280 quidem,

480 2314 541 2385 sed
568 2315 718 2386 locatum
744 2319 800 2386 est
824 2313 1072 2385 ametbonibns.
1107 2312 1196 2384 ltem
1228 2313 1388 2384 scultetis
1415 2319 1489 2403 est,
1514 2313 1648 2385 babens
1674 2312 1762 2385 duos
1788 2312 1929 2401 laneos,
1957 2310 2037 2381 item

481 2456 583 2507 unam
601 2436 792 2525 tabernam,
818 2435 902 2505 item
928 2454 1034 2505 unum
1062 2431 1305 2523 molendinum,
1333 2438 1370 2505 et
1397 2434 1512 2505 omnia
1529 2435 1661 2505 babent
1678 2454 1792 2523 agros,
1809 2437 1847 2503 et
1864 2432 1911 2503 de
1930 2430 2038 2501 omni·

480 2556 545 2627 bus
572 2556 666 2648 agn‘s
693 2555 737 2627 ud
764 2554 946 2627 scoltetum
983 2554 1255 2645 pertinentibus,
1283 2552 1431 2626 solvitur
1457 2556 1590 2627 decima
1616 2554 1843 2655 manipularis
1870 2552 2039 2652 ecelesiae

480 2676 608 2749 ibidem
635 2678 671 2747 in
698 2675 923 2747 Olobawa
949 2675 1038 2746 ltem
1066 2695 1186 2747 omnes
1213 2676 1289 2766 agri
1317 2676 1419 2746 villae
1439 2677 1579 2747 solvimt
1596 2681 1633 2747 et
1650 2674 1847 2747 conducunt
1866 2673 2035 2745 decimam

383 2870 388 2877 ,
481 2798 731 2889 manipularem
758 2804 795 2868 et
821 2797 1021 2887 canapalem
1058 2816 1123 2889 pro
1150 2796 1252 2867 altari
1279 2794 1483 2873 Sanctorum
1511 2796 1606 2869 Petri
1634 2803 1671 2870 et
1697 2795 1797 2869 Pauli
1825 2796 1861 2865 in
1889 2794 2036 2869 eeclesia

479 2918 603 2989 maiori
630 2916 926 3008 Graooviensi,'et
952 2916 1051 2991 valor
1077 2917 1153 2990 eius
1180 2918 1385 2990 aestimatur
1411 2918 1456 2989 ad
1483 2922 1561 2990 ooto
1588 2938 1732 2991 mareas.
1764 2918 1853 2990 item
1882 2916 2035 2986 emetbo

479 3060 541 3110 nes
568 3038 672 3110 villae
691 3037 887 3129 ‘praefatae
920 3058 986 3129 pro
1020 3038 1113 3113 omni
1149 3040 1356 3111 necessitate
1391 3040 1611 3129 monasterii,
1639 3039 1690 3111 sal
1718 3042 1883 3111 tenentur
1910 3036 2036 3107 dooere

424 3148 433 3157 ’
480 3159 631 3250 propriis
658 3159 818 3231 cumdius
845 3178 866 3231 a
893 3158 1109 3249 Bocbnya
1136 3179 1246 3250 usque
1272 3150 1570 3233 Wislieziam.
1606 3158 1767 3233 Goudnat
1794 3180 1871 3231 eum
1901 3158 2033 3227 Dolu-

480 3280 677 3371 sebioze‚
704 3279 978 3371 Wiaznieze‚
1003 3277 1177 3353 coron.
1788 3280 1793 3283 ’

540 3486 546 3495 ¹
585 3396 845 3491 Gonameuow,
872 3400 954 3471 villa
976 3400 1041 3471 snb
1059 3401 1225 3491 parocbia
1242 3398 1286 3472 de
1305 3398 1558 3493 Mnysalielr
1586 3402 1663 3492 sita,
1682 3422 1745 3493 per
1763 3400 2031 3473 Boleslanm

481 3520 699 3594 Pudioum
727 3522 848 3593 docem
873 3528 910 3593 et
926 3522 1148 3593 monarcham
1166 3521 1340 3613 Poloniae,
1359 3542 1422 3613 pro
1441 3524 1555 3595 anima
1573 3524 1684 3614 patris
1703 3524 1755 3594 sni
1774 3523 2033 3595 Lestlnonis
2069 3529 2073 3539 ’

481 3644 692 3714 monasterio
719 3642 763 3713 de
790 3640 1139 3715 Wanoboezsko
1165 3643 1305 3733 donata,
1332 3644 1377 3715 ad
1402 3624 1526 3717 duvios
1553 3644 1642 3715 Mel
1670 3652 1706 3717 et
1732 3642 1947 3735 Puezyna
1973 3664 2030 3733 po
2142 3624 2143 3635 ¹

479 3764 555 3835 sita.
581 3762 622 3834 In
649 3784 718 3855 qua
744 3770 826 3835 sunt
852 3762 944 3835 lanei
971 3764 1216 3855 amethonales,
1243 3772 1278 3836 et
1305 3766 1454 3858 quilibet
1477 3766 1583 3838 solvit
1601 3820 1608 3837 .
1627 3820 1634 3836 .
1654 3820 1661 3836 .
1680 3820 1707 3857 .‚
1733 3767 1817 3836 item
1845 3784 1923 3855 ova²
1949 3765 2030 3841 item

478 3884 608 3974 gallos,
634 3885 718 3956 item
744 3904 883 3976 caseos,
909 3884 993 3955 item
1020 3884 1141 3975 lubor;
1167 3886 1250 3957 item
1281 3886 1448 3981 perorabo,
1476 3889 1558 3959 item
1586 3908 1741 3983 osnzyep,
1769 3887 1853 3957 item
1881 3886 2027 3957 taberna
2142 3942 2143 3991 ἶ

477 3986 546 4077 nna
572 4006 703 4077 babens
730 4026 843 4097 agros,
870 4012 907 4077 et
932 4005 1038 4078 solvit
1056 4062 1064 4077 .
1082 4060 1090 4077 .
1109 3990 1135 4097 .’,
1163 4010 1246 4079 item
1273 4008 1502 4100 hortulaniae,
1521 4010 1602 4081 item
1622 4008 1801 4101 praedium
1820 4007 2030 4095 coenobiale,
2142 4020 2143 4105 J

477 4128 560 4198 item
588 4127 831 4199 molendinum.
864 4126 952 4197 Item
979 4148 1098 4199 omnes
1126 4130 1201 4217 agri
1231 4128 1333 4201 villae
1360 4130 1499 4203 solvunt
1525 4130 1691 4203 decimam
1719 4128 1972 4220 manipularem
1997 4135 2031 4198 et
2142 4112 2143 4135 ¹

478 4248 687 4339 aanapalem‚
713 4254 750 4320 et
776 4248 974 4321 conducunt
1000 4270 1064 4341 pro
1090 4252 1302 4323 monasterio
1330 4246 1612 4343 Waneboenen'si,
1639 4259 1676 4324 et
1702 4250 1801 4325 valor
1827 4253 1905 4323 eius
1928 4251 2030 4320 aesti-
2142 4234 2143 4281 ³

476 4374 591 4441 matur
618 4370 661 4441 ad
688 4370 837 4461 triginta
863 4390 1007 4443 mareas.
1042 4370 1131 4443 Item
1160 4372 1318 4443 scoltetia
1345 4381 1400 4445 est
1426 4374 1493 4464 ibi,
1520 4394 1609 4464 quae
1635 4374 1741 4446 habet
1760 4428 1767 4443 .
1839 4426 1875 4443 ..
1903 4371 2028 4443 Villam
2141 4358 2143 4453 f

476 4490 567 4561 bane
602 4493 670 4563 iam
704 4513 772 4563 non
808 4493 915 4563 babet
950 4494 1198 4564 monasterium
1235 4492 1530 4585 Wauoboozense‚
1566 4494 1626 4571 sed
1661 4493 1825 4586 oppidum
1862 4493 2028 4565 Radom
2142 4578 2143 4583 Ἰ

474 4610 569 4682 illam
596 4612 703 4683 babet
728 4613 764 4683 iu
790 4632 854 4685 sua
879 4615 1106 4705 proprietate,
1133 4615 1316 4705 ignoratur
1342 4636 1384 4687 ex
1412 4638 1480 4707 qua
1506 4616 1620 4689 causa
1655 4614 1817 4688 &afluat
1842 4634 1922 4690 eum
1942 4668 1950 4685 .
1969 4670 1977 4685 .
1995 4669 2028 4683 ..
2141 4638 2143 4673 ι

584 4731 862 4825 Nusznowncza,
889 4734 972 4806 nilla
998 4736 1063 4806 sub
1089 4736 1254 4826 parocbia
1280 4737 1324 4808 de
1342 4792 1456 4809 .....
1484 4739 1562 4830 situ,
1590 4746 1627 4811 et
1653 4758 1716 4831 per
1741 4736 1926 4811 Nicolaum
1954 4734 2029 4807 Ra·
2142 4712 2143 4721 ἵ

402 4878 414 4901 ’
475 4852 583 4945 pbal
611 4854 853 4927 cancellarium
880 4855 978 4927 ducis
1005 4846 1263 4929 Lestkonis
1292 4858 1636 4933 Albi-monasterio
1664 4858 1939 4932 Wannboezensi
1969 4858 2028 4930 do·'
2142 4882 2143 4885 ¹

472 4982 565 5048 nata.
591 4976 631 5047 ln
660 4996 728 5067 qna
754 4985 836 5049 sunt
861 4977 954 5049 lanei
979 4979 1224 5070 nmetbonales,
1251 4986 1287 5051 et
1314 4981 1459 5071 quilibet
1486 4982 1589 5054 solvit
1616 5036 1695 5073 ...‚
1723 4982 1803 5053 item
1832 5002 1919 5071 ova,
1947 4982 2026 5053 item

429 5198 437 5205 θ
473 5097 603 5189 gallos,
631 5100 714 5169 item
751 5118 890 5189 esseos;
925 5100 1007 5171 item
1034 5100 1144 5191 labor,
1172 5101 1254 5173 item
1281 5100 1444 5196 potando,
1473 5104 1553 5174 item
1580 5125 1735 5199 osszpep,
1762 5102 1844 5175 item
1873 5104 2027 5191 taberna

472 5220 555 5290 item
590 5220 785 5312 hortulani,
812 5221 896 5297 item
932 5221 1132 5313 praedium,
1159 5223 1241 5293 item
1278 5224 1519 5295 molendinum.
1558 5225 1646 5297 Item
1673 5244 1792 5297 omnes
1818 5226 1895 5317 agri
1926 5226 2027 5298 villae

435 5383 441 5393 -
472 5341 613 5414 solvont
638 5348 678 5414 et
702 5342 898 5415 conducunt
924 5342 1090 5415 decimam
1130 5344 1378 5435 manipularem
1407 5353 1443 5417 et
1470 5346 1668 5438 canapalem
1696 5348 1761 5439 pro
1779 5403 1787 5418 .
1806 5402 1840 5418 ..
1868 5346 2027 5419 Confluat

472 5461 715 5535 ...alienata
740 5486 761 5535 a
788 5466 1009 5555 monasterio,
1035 5472 1071 5536 et
1098 5466 1252 5539 nescitur
1278 5466 1497 5539 alienationis
1524 5490 1636 5559 nausa.

578 5582 780 5677 Bnuonow,
807 5586 890 5657 villa
916 5587 982 5658 sub
1008 5588 1174 5677 parochia
1200 5586 1265 5658 de.
1285 5644 1292 5659 .
1312 5644 1318 5658 .
1338 5590 1415 5678 sita,
1434 5596 1469 5659 et
1487 5610 1550 5681 per
1567 5590 1781 5681 Lutbogn
1794 5612 1891 5663 eum
1919 5592 2022 5665 filium

474 5700 727 5794 Pyotrlronis
752 5708 964 5780 monasterio
978 5707 1251 5796 Waucboezeusi
1268 5708 1406 5781 donata.
1424 5710 1469 5783 lu
1484 5716 1651 5804 qua-sunt
1669 5712 1760 5809 lanei
1778 5714 2011 5787 ometbouales
2141 5740 2143 5825 ἑ
