4492 6592
505 760 579 835 428

502 966 734 1039 molendinum
769 986 840 1035 non
875 968 936 1035 est.
984 963 1073 1035 Item
1109 966 1190 1051 post
1226 980 1345 1065 omnes
1372 980 1476 1049 agros
1504 958 1651 1031 solvitur
1687 963 1722 1028 at
1751 956 1953 1029 conducitur
1993 957 2049 1028 de-

505 1089 593 1159 cima
628 1084 853 1176 manipularis
880 1090 916 1154 et
950 1083 1126 1173 canapalis
1163 1104 1226 1173 pro
1263 1080 1475 1195 monasterio
1511 1082 1546 1151 in
1580 1079 1773 1169 Mugila,
1801 1084 1838 1150 et
1856 1078 1953 1149 valor
1978 1079 2050 1199 eius

503 1208 709 1279 aestimatur
734 1205 883 1276 adduas
901 1224 1045 1275 marcas.
1085 1202 1340 1289 Confluatcum
1359 1202 1626 1292 Rybytbwy,
1653 1198 1935 1291 Wylczasze,
1961 1198 2052 1268 Zle

504 1327 804 1416 dzeinwycze.
1469 1395 1473 1405 ¹

606 1447 844 1533 Rtsrrnwr,
881 1445 965 1516 villa
1000 1446 1064 1515 sub
1100 1445 1267 1533 parocbia
1303 1444 1469 1514 ecclesiae
1496 1442 1615 1513 Sancti
1643 1438 1779 1513 Nicolai
1815 1446 2053 1511 extramuros

504 1568 752 1641 Oracovienses
778 1568 863 1655 sita,
898 1567 995 1637 cuius
1022 1566 1218 1655 proprietas
1254 1565 1296 1637 ad
1331 1564 1580 1637 monasterium
1617 1563 1661 1634 de
1688 1562 1863 1652 Mogila
1898 1562 2054 1651 pertinet

504 1690 545 1759 In
565 1710 633 1779 qua
650 1694 733 1759 aunt
759 1693 838 1759 octo
865 1687 1005 1776 domus,
1033 1708 1102 1757 non
1121 1687 1213 1757 lanei
1232 1686 1484 1775 cmetbonales,
1509 1690 1549 1755 ‘et
1567 1684 1714 1775 quilibet
1740 1684 1846 1755 solvit
1872 1704 1936 1773 pro
1955 1703 2055 1753 ceusu

505 1811 654 1881 mediam
690 1809 876 1881 secundam
903 1828 1073 1895 marcam3
1108 1809 1190 1877 item
1219 1828 1284 1879 ova
1315 1828 1383 1877 non
1411 1807 1514 1896 dant,
1551 1807 1633 1877 itum
1665 1806 1781 1895 gallos
1816 1826 1885 1875 non
1913 1804 2057 1892 solvunt,

504 1931 586 2001 item
614 1951 734 2001 caseos
770 1951 837 1999 non
864 1930 1012 1999 solvunt.
1052 1929 1140 1999 Item
1176 1930 1338 1999 laborant
1374 1928 1511 2018 quando
1538 1928 1590 1997 eis
1617 1928 1838 2017 praepritur.
1885 1926 1973 1997 Item
1993 1948 2055 2019 po

503 2050 639 2120 natam
665 2051 836 2121 laborant.
880 2051 967 2119 Item
995 2070 1111 2143 oasyep
1146 2070 1213 2119 non
1242 2050 1398 2139 solvunt,
1434 2051 1517 2121 item
1552 2070 1622 2120 non
1658 2054 1712 2121 est
1742 2048 1942 2138 praedium,
1977 2047 2055 2115 item

502 2174 650 2243 taberna
676 2192 762 2258 una,
789 2190 877 2260 quae
904 2170 1009 2241 solvit
1035 2190 1099 2258 pro
1117 2172 1330 2241 monasterIo
1358 2171 1444 2241 duas
1471 2190 1605 2241 marcas
1632 2176 1670 2241 et
1687 2172 1793 2241 babet
1820 2174 1932 2259 prata.
1971 2168 2053 2238 Item

505 2292 704 2367 hortulauia
729 2312 798 2362 una
816 2291 920 2361 solvit
945 2290 1094 2361 mediam
1120 2312 1272 2361 marcam
1299 2298 1335 2362 et
1363 2291 1542 2363 falcastrat
1568 2290 1704 2361 foenum
1730 2298 1768 2362 et
1790 2290 1933 2379 colligit.
1973 2290 2055 2359 Item

465 2505 468 2512 ¹
506 2419 587 2501 post
613 2432 732 2483 omnes
768 2432 871 2500 agros
906 2412 1054 2482 solvitur
1089 2419 1126 2482 et
1153 2413 1358 2483 conducitur
1393 2412 1527 2483 decima
1562 2412 1786 2501 manipularis
1822 2418 1859 2482 et
1886 2410 2056 2499 canapaIis

504 2554 568 2622 pro
595 2534 758 2621 episcopo
785 2530 1022 2619 Oraebviensi,
1049 2539 1086 2603 et
1108 2532 1207 2603 valor
1233 2534 1308 2604 eius
1336 2535 1542 2605 aestimatur
1567 2532 1732 2603 adunam
1770 2554 1932 2609 marcam.
1972 2531 2054 2602 Gon-

504 2654 590 2724 finat
616 2674 694 2723 cum
722 2653 991 2742 ByezanoW,
1018 2652 1213 2745 Mogila,
1242 2653 1486 2751 Przewcsn.
1537 2654 1633 2725 Haec
1660 2654 1742 2725 villa
1769 2661 1888 2743 empta
1914 2660 1970 2725 est
1994 2674 2052 2741 pro

358 2804 364 2824 ν
502 2775 712 2845 monasterio
747 2772 934 2862 Mogilensi
968 2794 1032 2862 pro
1047 2786 1054 2803 “
1067 2776 1233 2846 trecentis
1270 2776 1451 2865 sexaginta
1477 2776 1621 2863 marcIs,
1649 2795 1711 2863 per
1738 2774 1883 2845 Petrum
1911 2774 2052 2863 Liplro

505 2895 667 2965 abbatem
693 2894 932 2990 Mogilensem.
1041 2965 1050 2987 ,
2139 2992 2140 2997 Ἰ

607 3014 734 3103 Lana,
771 3016 854 3085 villa
888 3016 954 3085 sub
988 3017 1156 3104 parocbia
1189 3000 1361 3087 eeclesiae
1392 3016 1435 3086 de
1463 3016 1589 3087 Sancto
1627 3014 1771 3087 Nicolao
1807 3022 1910 3087 extra
1946 3036 2054 3086 muros

504 3134 751 3206 Cracorieuses
777 3137 864 3223 sita,
891 3142 927 3205 et
945 3137 989 3229 ad
1007 3138 1257 3207 monasterium
1285 3130 1412 3207 ibidem
1441 3137 1483 3207 de
1502 3136 1540 3207 M
1553 3137 1680 3226 ogila
1706 3138 1895 3226 pertinens.
1938 3138 1977 3207 In
1995 3156 2055 3226 qua

454 3240 463 3251 ’
504 3276 574 3325 non
593 3262 675 3325 sunt
692 3256 800 3344 aliqui
826 3256 918 3325 lanei
944 3256 1196 3346 cmetbonales,
1225 3258 1285 3329 sed
1305 3238 1543 3345 octodenas,
1571 3264 1606 3327 et
1624 3258 1771 3349 quilibet
1789 3258 1895 3329 solet
1914 3258 2053 3329 medinm

507 3375 653 3445 alteram
679 3396 851 3463 marcam,
878 3378 973 3446 item·
989 3398 1055 3447 ova
1081 3398 1151 3448 non
1179 3379 1275 3466 dant,
1303 3378 1386 3448 item
1413 3379 1523 3469 gallos
1551 3399 1619 3449 non
1648 3378 1804 3467 solvunt,
1833 3381 1916 3450 item
1946 3398 2055 3449 caseos

506 3516 577 3565 nen
603 3496 752 3566 solvunt
791 3497 879 3566 Item
906 3497 1068 3569 laborant
1095 3500 1233 3587 quando
1259 3501 1311 3569 eis
1338 3500 1537 3587 mandatur,
1564 3501 1647 3570 item
1682 3498 1862 3593 pecundum
1890 3501 2054 3585 laborant,

379 3600 386 3611 ’
504 3615 588 3686 item
623 3638 741 3710 oaapep
768 3638 837 3688 non
864 3618 964 3706 dant3
999 3619 1084 3690 item
1111 3621 1259 3691 taberna
1294 3640 1361 3691 non
1400 3624 1473 3707 est3
1509 3621 1592 3691 item
1624 3621 1823 3692 hortulania
1850 3642 1936 3709 uua,
1975 3640 2055 3710 quae

437 3781 441 3790 ,
506 3736 611 3807 solvit
636 3738 784 3807 mediam
810 3759 977 3829 marcam,
1004 3760 1074 3811 nou
1092 3740 1243 3829 laborat,
1271 3742 1338 3811 nisi
1364 3740 1503 3811 foenum
1530 3740 1712 3812 ialcastrat
1738 3749 1775 3813 et
1801 3742 1956 3832 colligit3
1982 3744 2055 3811 item

504 3856 756 3947 molendinum,
783 3860 866 3929 item
884 3861 1065 3950 praedium
1092 3868 1235 3931 nonest
1261 3862 1298 3931 in
1316 3862 1437 3933 eadem
1466 3862 1556 3933 villa.
1596 3862 1683 3933 Item
1703 3870 1784 3952 post
1810 3884 1931 3935 omnes
1959 3884 2052 3953 agros

507 3978 727 4051 cmetbonum
756 3980 903 4051 soluitur
929 3987 966 4052 et
983 3982 1189 4054 conducitur
1213 3982 1350 4053 decima
1376 3982 1604 4072 manipularis
1631 3990 1668 4055 et
1694 3986 1872 4074 canapalis
1900 4006 1964 4074 pro
1990 3986 2053 4075 epi-

506 4119 611 4189 scopo
638 4098 878 4191 Gracoviensi,
904 4109 942 4173 et
959 4102 1058 4174 valor
1085 4104 1160 4174 eius
1188 4104 1393 4177 aestimatur
1419 4104 1605 4175 addacem
1631 4124 1776 4177 marcas.
1817 4107 1906 4177 Item
1934 4114 1988 4177 est
2013 4107 2055 4176 ibi

505 4220 602 4291 lacus
620 4220 932 4313 Nyeczyecza,
951 4244 1053 4313 quem
1071 4227 1322 4297 monasterium
1341 4225 1684 4316 Koprzywniczense,
1703 4229 1782 4298 dum
1803 4229 1922 4299 villam
1941 4229 2055 4316 Lang
2140 4290 2141 4297 ,

506 4342 702 4431 obtinebat,
738 4345 890 4433 propriis
918 4347 1113 4434 sumpthns
1141 4353 1345 4435 paraverat,
1382 4348 1440 4436 qui
1468 4346 1512 4417 ad
1539 4340 1787 4420 monasterium
1816 4350 1859 4419 de
1888 4350 2055 4439 Mogila

506 4462 678 4550 pertinet,
706 4482 749 4533 er
776 4464 915 4535 flumine
944 4465 1076 4536 Visla
1101 4467 1291 4539 derivatus.
1328 4468 1415 4538 Item
1441 4475 1496 4539 est
1524 4472 1684 4541 rubetam
1712 4470 1843 4555 dictum
1872 4470 2054 4541 Ostrou.

508 4578 764 4653 Confluateum
791 4583 1029 4677 Ozyerni,
1056 4586 1275 4679 Dambye,
1303 4589 1486 4679 Mogila.
1528 4590 1799 4663 PerPetrum
1828 4592 1988 4663 abbatem
2017 4592 2053 4662 de

507 4698 700 4790 Mogila,
727 4724 748 4772 a
774 4702 985 4778 (luurado
1011 4708 1139 4779 abbate
1165 4715 1202 4779 et
1220 4718 1391 4781 conventu
1418 4710 1743 4801 Koprzywniczensi
1769 4733 1833 4802 pro
1853 4713 2053 4803 quadrigen-

507 4821 554 4891 tis
581 4825 804 4912 septuugmta
838 4827 991 4917 quinque
1026 4832 1170 4917 marcis,
1207 4838 1243 4901 et
1270 4832 1383 4911 media
1418 4854 1501 4903 area
1532 4834 1567 4903 in
1596 4831 1827 4905 Gracoria
1854 4842 2055 4925 comparata.

447 5048 451 5053 ν
507 4942 602 5013 Villa
624 4944 710 5014 baec
735 4947 884 5033 primum
912 4950 1054 5019 vendIta
1070 4951 1137 5021 fuit
1155 4952 1347 5023 consulatui
1372 4951 1592 5051 Cracovienai
1620 4974 1683 5045 per
1702 4954 1932 5043 Conradum
1961 4958 2055 5029 abba-

506 5070 577 5135 tem
606 5064 985 5158 Ooprzywniczensem,
1013 5070 1072 5140 sed
1100 5072 1220 5143 abbati
1248 5073 1434 5163 MogiIensi
1462 5072 1661 5147 adludicata
1686 5074 1752 5147 fuit
1779 5079 2028 5168 propinquitas.

614 5186 947 5279 Monrnnowrczu,
973 5191 1039 5261 sub
1056 5194 1223 5280 parochia
1249 5195 1415 5266 eeclesiae
1442 5196 1484 5266 de
1503 5196 1798 5269 Prandocziu
1826 5201 1904 5288 sita,
1932 5201 1975 5271 ad
1993 5220 2055 5269 mo-

507 5307 699 5379 nasterium
729 5306 897 5380 Clarae
925 5311 1122 5383 Tumbae
1155 5313 1242 5384 alias
1271 5315 1448 5405 Mogila
1474 5320 1635 5407 pertinet.
1675 5320 1714 5389 In
1743 5342 1811 5409 qua
1838 5328 1921 5391 sunt
1949 5322 2055 5392 decem

339 5444 356 5459 ·
498 5415 543 5497 'et
569 5436 648 5499 octo
674 5429 768 5501 lanei
795 5433 1046 5519 cmetbonales,
1083 5441 1119 5504 et
1146 5436 1293 5525 quiIibet
1320 5438 1425 5509 solvit
1460 5440 1503 5510 de
1531 5440 1631 5511 laneo
1659 5462 1721 5528 per
1748 5440 1834 5511 duas
1863 5462 2053 5533 sexagenas,

506 5548 591 5619 item
618 5570 684 5621 ova
711 5554 908 5642 sexaginta,
935 5556 1019 5625 item
1046 5576 1165 5627 caseos
1193 5578 1261 5629 nou
1289 5559 1438 5649 solvunt,
1465 5562 1549 5631 item
1576 5562 1687 5651 gallus
1715 5582 1775 5633 seu
1802 5582 1953 5653 capones
1980 5583 2052 5653 qua-

505 5672 596 5738 tuor.
634 5671 722 5741 ltem
750 5673 912 5745 laborant
938 5696 998 5747 ser
1026 5676 1118 5766 dles,
1146 5677 1294 5768 arando,
1321 5682 1524 5771 arpicando,
1556 5682 1726 5755 metendo.
1766 5684 1856 5759 Item
1866 5683 2048 5779 pometum
