4492 6592
1692 768 1764 842 1aa
1885 862 1887 869 Ι

202 969 626 1062 Praemoustratensium3
649 975 695 1058 in⁸
717 993 786 1064 qua
804 974 977 1064 quondam
995 981 1072 1046 erat
1089 975 1261 1048 habiutio
1280 975 1592 1048 sanctimonialium
1609 976 1763 1048 eiusdem

201 1091 342 1164 ordinis
370 1093 739 1183 Prasmonstratensis,
768 1115 856 1184 quae
883 1095 1159 1186 exDlubnya
1183 1095 1653 1186 etOrzyszanowicze
1680 1097 1766 1168 duo

200 1213 268 1284 bus
297 1215 525 1286 monasteriis
561 1215 872 1286 sanctimonialium
908 1215 1117 1304 translatae,
1146 1214 1239 1306 apud
1275 1217 1438 1307 oppidum
1464 1234 1556 1289 nunc
1582 1218 1765 1288 Buszko

104 1433 109 1442 Ι
200 1334 414 1424 emissum,
442 1336 540 1406 cuius
568 1335 705 1425 quidem
732 1334 834 1406 villae
861 1336 1129 1426 proprietasad
1154 1338 1390 1426 praepositum
1415 1336 1564 1425 praefati
1590 1345 1762 1409 monaste-

199 1453 245 1523 rii
270 1454 434 1543 pertinet
460 1455 561 1545 pleno
588 1455 673 1526 iure.
708 1454 748 1526 In
776 1475 844 1545 qua
870 1461 951 1526 suut
977 1456 1123 1545 triginta
1150 1460 1301 1546 quatuor
1325 1456 1417 1526 lanei
1447 1457 1699 1546 cmethouules,
1726 1464 1763 1528 et

200 1575 243 1645 de
271 1575 440 1646 omnibus
465 1575 614 1648 solvitur
640 1580 674 1645 et
702 1574 905 1648 conducitur
931 1575 1065 1647 decima
1091 1575 1319 1665 manipularis
1345 1582 1381 1648 et
1408 1578 1583 1666 canapulis
1606 1597 1671 1667 pro
1687 1597 1761 1650 mo

200 1696 365 1767 mosterio
392 1694 729 1787 Pyandaiczoviensi,
756 1701 793 1766 et
819 1696 918 1766 valor
944 1696 1018 1768 eius
1036 1681 1241 1768 aestimatur
1258 1696 1302 1768 ad
1321 1696 1558 1786 quadraginta,
1576 1696 1761 1787 aliquundo

201 1813 246 1885 ad
283 1815 545 1906 quinquaginta
580 1816 635 1888 vel
671 1816 854 1905 sexaginta
889 1833 1032 1908 marcas
1072 1815 1161 1886 ltem
1191 1815 1372 1906 praedium
1398 1816 1447 1886 ibi
1473 1817 1691 1906 coenobiale,
1718 1817 1761 1888 de

201 1935 300 2008 cuins
330 1936 429 2025 egris
455 1935 550 2008 solus
577 1936 795 2026 praepositus
822 1933 1148 2026 Orzyszunovieusis
1174 1936 1279 2008 solvit
1304 1934 1480 2008 decimam.
1506 1936 1596 2008 Item
1613 1938 1759 2008 taberna

200 2075 270 2126 uua
296 2055 437 2126 habens
464 2073 577 2144 egros,
603 2053 647 2128 de
675 2056 800 2145 quibus
828 2055 1021 2128 decimatur
1045 2057 1082 2126 in
1107 2053 1318 2151 ponittwom
1334 2077 1399 2146 pro
1417 2057 1627 2127 monasterio
1646 2056 1760 2147 Pyen-

101 2161 107 2168 ’
201 2175 460 2263 ddcaovionsi3
495 2175 577 2248 item
604 2176 801 2264 hortulani3
836 2177 920 2248 item
947 2175 1181 2248 molendinum
1206 2183 1263 2248 ast
1289 2177 1339 2248 lbi
1365 2195 1471 2247 unum
1498 2177 1697 2248 coenobiale
1724 2178 1760 2246 in

201 2294 346 2368 dumine
377 2295 503 2386 Nida,
529 2296 591 2368 sed
618 2317 687 2368 non
713 2297 820 2368 habet
843 2317 959 2387 agros.
1090 2276 1096 2286 ⁸
1877 2288 1881 2293 ’

310 2413 466 2506 Wiener,
492 2415 575 2488 villa
601 2417 665 2488 sub
692 2417 858 2508 parochia
884 2417 927 2488 dc
952 2415 1139 2488 Buszlro
1166 2417 1243 2507 sita,
1270 2417 1368 2488 cuius
1392 2417 1590 2508 proprietas
1608 2417 1653 2488 ad
1670 2435 1764 2488 sere

204 2538 392 2608 nissimum
418 2535 583 2608 Poloniae
617 2557 735 2631 regem
761 2538 922 2627 pertinet
957 2537 997 2608 In
1025 2558 1093 2628 qua
1119 2543 1201 2610 sunt
1227 2537 1352 2628 uiginti
1378 2542 1527 2627 quatuor
1552 2537 1644 2609 lanei
1670 2557 1761 2607 eme-

203 2657 390 2747 tlnonules,
417 2657 460 2728 de
496 2657 621 2748 quibus
656 2657 815 2730 omnibus
851 2657 999 2730 solvitur
1026 2662 1062 2730 et
1087 2656 1292 2730 conducitur
1318 2657 1450 2730 decima
1474 2658 1700 2748 manipularis
1726 2664 1762 2727 et

205 2779 388 2870 campalis
414 2797 478 2870 pro
505 2779 716 2850 monasterio
742 2777 1079 2869 Pyauduiczouieusi,
1105 2786 1143 2850 et
1168 2777 1267 2851 valor
1292 2778 1367 2850 eius
1394 2767 1599 2852 aestimatur
1624 2778 1669 2848 ad
1696 2779 1760 2858 tri-

204 2902 303 2990 ginta
339 2919 488 2972 marcus.
528 2900 616 2972 Item
642 2898 808 2972 tabernae
834 2905 926 2988 tres,
952 2919 995 2970 ex
1023 2898 1149 2988 quibus
1175 2898 1265 2970 duae
1290 2899 1425 2988 regiae,
1452 2905 1489 2969 et
1514 2919 1584 2970 uua
1609 2904 1762 2970 tantum-

97 3089 99 3100 .
206 3020 306 3092 modo
335 3021 448 3092 habet
473 3039 585 3110 agros,
613 3019 656 3090 de
684 3019 808 3110 quibus
835 3018 940 3090 datur
957 3018 1090 3090 decima
1106 3039 1172 3108 pro
1194 3019 1405 3090 monasterio
1422 3017 1758 3109 Pyandziczotiensi,

97 3137 98 3142 ’
205 3142 311 3220 tertia
348 3141 507 3230 scolteti,
543 3141 604 3212 sed
639 3159 708 3212 uon
743 3139 850 3212 habet
884 3141 989 3210 etiam
1026 3159 1149 3228 agros3
1174 3139 1259 3210 item
1285 3138 1504 3210 hortulaniae
1530 3140 1699 3230 quinque,
1725 3145 1762 3209 et

208 3280 326 3334 omnes
355 3262 496 3334 ‘habent
530 3281 651 3352 agros,
687 3267 724 3332 et
759 3261 932 3334 decimant
966 3279 1031 3350 pro
1067 3260 1277 3330 monasterio
1304 3257 1651 3350 Pyandnicuoviensi3
1678 3260 1761 3329 item

96 3471 97 3478 ἵ
208 3381 444 3456 molendinum
470 3388 525 3454 est
549 3383 608 3472 ini,
636 3381 697 3454 sed
723 3399 792 3453 non
818 3381 925 3454 habet
942 3401 1056 3472 agros,
1073 3380 1158 3450 item
1175 3379 1355 3469 praedium
1373 3386 1428 3451 est
1445 3381 1495 3452 ibi
1512 3400 1617 3451 anum
1635 3359 1762 3470 repule,

209 3504 250 3575 oe
284 3483 388 3576 euos
428 3503 523 3598 agro
558 3501 705 3576 solato
739 3501 873 3573 sonmo
906 3501 1132 3592 manipulam
1167 3519 1232 3590 pro
1267 3501 1518 3572 cocunea
1544 3499 1578 3570 s.
1604 3499 1760 3572 olonna

209 3630 305 3696 extra
330 3643 453 3697 muros
480 3622 735 3712 (trudonienses,
762 3629 798 3694 et
825 3623 923 3694 valor
948 3621 1023 3693 eius
1051 3622 1255 3694 aestimetur
1280 3622 1325 3692 ed
1342 3621 1430 3692 duas
1447 3640 1646 3712 sexagenas.
1672 3621 1761 3690 Item

98 3824 100 3833 ,
210 3752 261 3818 est
295 3745 350 3819 ibi
386 3745 546 3818 scoltetia
580 3743 712 3816 liabens
748 3743 834 3814 duos
869 3743 987 3814 laneos
1014 3761 1196 3832 agrorum,
1223 3742 1376 3814 inclusos
1401 3743 1437 3812 in
1463 3743 1765 3832 vigintiquatuor

96 3925 97 3934 ,
212 3864 496 3956 amethonalibus,
523 3864 566 3936 de
593 3864 719 3955 quibus
746 3864 892 3936 solvitur
919 3863 1052 3936 decima
1078 3862 1305 3954 manipularis
1331 3863 1368 3931 iu
1383 3859 1591 3955 pomttwam
1608 3880 1672 3951 pro
1690 3882 1763 3932 mo

212 3988 365 4060 nasterio
392 3984 728 4077 Pyanduiczoviensi

311 4106 564 4196 Goronrnun,
591 4105 674 4178 villa
700 4107 765 4178 sub
793 4105 957 4196 parochia
984 4105 1150 4176 ecclesiae
1177 4103 1524 4194 Pyandziczoviensis
1550 4103 1637 4192 sita,
1665 4103 1763 4174 cuins
1830 4131 1835 4137 ·
1960 4185 1964 4194 ¹

214 4229 410 4319 proprietas
436 4229 481 4300 ud
508 4227 683 4300 Andream
711 4225 754 4298 de
780 4217 1132 4316 O'lyeschnicza
1159 4224 1571 4296 defamilieDambno
1598 4224 1761 4312 pertinet.

214 4348 251 4420 ln
277 4370 348 4440 qua
385 4355 465 4420 sunt
499 4349 597 4428 lanei¹
626 4348 881 4438 cmethonales,
908 4347 951 4420 de
978 4348 1102 4438 quibus
1139 4346 1299 4418 omnibus
1325 4346 1473 4417 solvitur
1498 4350 1535 4416 et
1560 4343 1763 4416 conducitur

215 4469 345 4542 decima
371 4469 598 4560 manipularis
617 4475 653 4540 et
670 4469 847 4559 canapalis
865 4487 929 4559 pro
947 4469 1160 4541 monasterio
1177 4465 1514 4558 Pyandziazouiensi.
1540 4463 1629 4536 Item
1646 4466 1763 4538 teber-

215 4611 275 4680 na,
309 4592 395 4664 item
432 4589 625 4680 hortulani,
660 4591 743 4660 item
780 4589 958 4680 praedium
995 4589 1146 4660 militare
1178 4589 1294 4659 estin
1320 4587 1441 4658 eadem
1468 4585 1568 4676 villa,
1596 4586 1639 4657 de
1666 4587 1763 4658 cuius
1896 4670 1902 4682 „
2039 4608 2047 4623 1

217 4713 304 4800 agris
330 4711 480 4782 solvitur
507 4718 543 4782 et
570 4710 774 4782 conducitur
809 4710 941 4782 decima
973 4709 1200 4800 manipularis
1226 4713 1364 4782 vetusto
1390 4727 1501 4798 more,
1529 4727 1593 4798 pro
1619 4707 1765 4779 ecclesia

218 4829 539 4923 Pyandzicuovieusi
565 4833 641 4903 iure
667 4831 867 4922 parochiali.
1452 4915 1459 4922 .

314 4953 572 5042 Prasmon,
600 4952 682 5024 villa
718 4953 782 5024 sub
808 4949 975 5042 parochia
1009 4951 1175 5022 ecclesiae
1201 4950 1245 5020 de
1273 4949 1630 5040 Wyercziczow,
1665 4949 1763 5019 iuxta

219 5071 354 5146 durium
389 5072 506 5145 Nida
541 5075 627 5163 sita,
653 5073 751 5146 cuius
785 5072 982 5163 proprietas
1009 5072 1053 5142 ad
1081 5071 1256 5142 Andream
1284 5070 1327 5140 de
1353 5067 1694 5160 Olyeschuicza
1720 5069 1764 5139 de

219 5191 313 5266 domo
340 5194 542 5266 Dambuo
568 5195 728 5284 pertinet.
763 5193 804 5264 ln
832 5215 901 5284 qua
927 5199 1009 5266 sunt
1034 5193 1125 5264 lanei
1151 5191 1404 5279 cmethonales,
1430 5189 1474 5260 de
1500 5188 1625 5277 quitus
1651 5189 1761 5260 omni·

219 5313 288 5404 trs,
313 5315 462 5388 soluitur
488 5322 524 5386 et
551 5314 755 5386 conducitur
780 5314 914 5386 decimu
941 5313 1166 5403 manipularis
1192 5318 1229 5382 et
1254 5308 1430 5400 canapalis
1457 5328 1523 5399 pro
1551 5311 1763 5380 monasterio

207 5431 547 5524 lymduczoviensi.
574 5435 662 5507 Item
689 5436 844 5526 taberna
871 5435 954 5506 item
982 5433 1167 5519 hortulani,
1194 5433 1278 5502 item
1304 5429 1493 5520 praedium.

318 5555 516 5646 domurn,
543 5555 626 5628 villa
653 5552 716 5628 sub
734 5553 899 5646 parochia
917 5553 960 5624 de
980 5552 1316 5652 Wycrczicaow
1343 5550 1421 5640 sita,
1449 5552 1547 5622 cuius
1564 5551 1762 5640 proprietas

96 5639 97 5678 ³
225 5674 264 5745 ad
296 5669 542 5751 monasterium
577 5675 888 5750 sanctimonialium
926 5673 969 5746 de
1004 5673 1202 5761 anzlro,
1238 5671 1371 5745 ordinis
1405 5669 1762 5750 Praemonstratensis
