4492 6592
371 641 527 790 *ru

440 891 500 955 eos
530 883 752 972 falcastrum,
781 903 885 972 quam
921 902 964 952 ex
1000 880 1078 950 aliis
1117 880 1253 952 duobus
1289 878 1485 969 sumptibus
1511 878 1717 949 monasterii
1742 876 2000 967 falcastrandis,
2124 833 2155 900 ἐ

441 1003 542 1076 leena
569 1004 723 1095 propriis
759 1002 918 1074 curribus
954 999 997 1072 ad
1026 1001 1190 1074 horreum
1217 999 1420 1072 monasterii
1445 998 1609 1070 inducere
1635 1004 1808 1070 tenentur.
1843 998 1935 1069 Item
1961 999 2001 1068 in

437 1125 561 1198 eodem
589 1125 731 1216 praedio
760 1129 815 1196 est
841 1143 911 1194 uno
937 1122 1108 1214 piscinula
1135 1143 1254 1213 parva,
1282 1122 1376 1194 dicta
1401 1118 1646 1212 scbadzawlco,
1673 1120 1720 1193 ad
1744 1120 2000 1194 monasterium

440 1247 627 1337 pertinens,
755 1271 761 1290 ε
1357 1300 1361 1305 .
1447 1335 1454 1351 ἱ
1995 1240 2003 1245 ’

547 1365 670 1440 Horti.
714 1366 802 1439 Item
839 1366 875 1438 in
903 1365 1022 1438 eadem
1050 1365 1134 1436 villa
1160 1364 1437 1437 Crowodrza
1472 1369 1554 1435 sunt
1579 1363 1696 1462 decern
1723 1369 1761 1437 et
1786 1368 1865 1436 octo
1892 1364 2002 1455 horti,

444 1489 488 1561 ad
508 1489 755 1586 monasterium
781 1487 966 1579 hospitalis
993 1486 1140 1578 Sanctae
1158 1486 1279 1558 Crucis
1305 1487 1539 1584 pertinentes,
1567 1486 1626 1576 qui
1643 1485 1742 1557 iuxta
1767 1486 2002 1577 quantitatem

441 1631 583 1683 suorum
610 1611 821 1701 spatiorum,
858 1616 919 1680 aut
946 1609 1112 1698 maiores,
1149 1613 1210 1678 aut
1239 1608 1474 1679 restrictiores
1510 1627 1634 1678 census
1669 1607 1850 1697 profesto
1878 1607 2000 1678 Sancti

443 1731 589 1804 Martini
621 1732 779 1822 solvunt,
811 1735 848 1802 et
874 1735 995 1802 tenent
1030 1729 1108 1801 illos
1140 1729 1339 1801 cmethones
1370 1729 1414 1800 de
1431 1728 1708 1801 Crowodrza
1737 1728 1849 1801 laneis
1863 1749 2001 1801 eorum

340 1873 343 1880 ⁴
442 1853 640 1924 adlacentes
676 1859 713 1925 et
740 1852 951 1942 assignatos,
987 1857 1023 1922 et·
1049 1851 1178 1941 primo:
1213 1850 1381 1922 Nicolaus
1414 1851 1694 1921 Stawowntk
1721 1850 1869 1922 medIam
1897 1871 2001 1922 sexa-

380 1986 385 1999 *
446 1995 571 2065 genam
609 1974 722 2046 solvit.
775 1974 863 2045 Item
896 1951 1164 2063 ‘Sczepanell
1208 1993 1314 2043 unum
1358 1971 1543 2044 fertonem.
1596 1972 1685 2043 Item
1720 1971 1857 2043 Sledz
1893 1993 2001 2043 unam

444 2117 605 2167 marcam.
644 2096 733 2167 Item
751 2093 883 2166 Bartek
902 2093 1193 2186 Woytowycz
1216 2099 1290 2165 tres
1306 2093 1469 2166 fertones.
1510 2093 1597 2165 Item
1616 2094 1855 2177 Latossek
1873 2115 2001 2166 novem

444 2222 583 2290 scottos.
632 2211 719 2288 Item
755 2215 973 2308 Dzadyek
1008 2235 1169 2287 marcam.
1208 2215 1297 2288 Item
1334 2215 1468 2286 Bartek
1502 2214 1800 2306 Wangrodyn
1835 2235 2000 2286 marcam.

295 2425 300 2434 ι
445 2339 531 2409 Item
558 2337 704 2410 Muczelr
739 2337 1036 2430 Wangrodyn
1064 2357 1225 2408 marcam.
1264 2338 1354 2409 Item
1381 2336 1451 2408 Jau
1486 2335 1665 2428 Pyallra
1686 2337 1868 2409 fertonem.
1908 2337 1999 2409 Item

443 2459 485 2531 Sl
498 2459 680 2538 edzowa
706 2477 865 2530 marcam.
901 2459 989 2530 Item
1008 2456 1183 2548 Grzegorz
1202 2479 1363 2529 marcam.
1397 2459 1486 2530 Item
1505 2459 1695 2531 advocatus
1712 2479 1873 2530 marcam.
1909 2459 1999 2530 Item

443 2581 595 2696 Ilaron
632 2581 777 2652 mediam
814 2601 975 2654 marcam.
1020 2581 1107 2651 Item
1134 2579 1379 2652 lanczowu
1405 2585 1556 2671 quatuor
1581 2601 1731 2671 grossos.
1775 2580 1863 2651 Item
1891 2579 1920 2650 P
1928 2602 2000 2671 yo-

442 2703 551 2773 trek
578 2701 807 2773 Kumorek
835 2721 1052 2792 sexagenum.
1078 2701 1167 2773 Item
1194 2701 1411 2773 Hannusz‘
1442 2707 1515 2773 tres
1527 2700 1696 2774 fertones.
1734 2703 1827 2773 Item·
1852 2701 2000 2772 Kacbna
2075 2693 2079 2701 ’

447 2822 788 2914 Pyenczorowa
815 2843 975 2894 marcam.
1001 2823 1087 2893 Item
1107 2822 1260 2896 Passzek
1287 2823 1517 2915 Balinsky
1543 2823 1630 2896 duas
1648 2843 1801 2913 marcas,
1829 2825 1874 2895 ab
1893 2824 1998 2896 burto

448 2945 516 3016 sito
544 2950 644 3017 extra
670 2950 806 3036 portam
835 2949 1010 3035 sutorum,
1037 2965 1080 3016 ex
1108 2945 1266 3036 opposito
1292 2945 1481 3017 molendini
1507 2945 1644 3018 ibidem.

547 3066 750 3155 Puunnrn,
778 3065 861 3137 villa
887 3067 954 3138 sub
970 3067 1136 3156 parocbia
1162 3066 1329 3138 ecclesiae
1356 3067 1565 3157 parochialis
1591 3067 1776 3158 hospitalis
1802 3067 1846 3140 de
1872 3067 2001 3140 Sancte

443 3187 554 3258 Cruce
589 3186 625 3256 in
661 3185 890 3258 Cracovia
926 3187 1012 3278 sita,
1056 3188 1155 3259 cuius
1190 3189 1387 3279 proprietas
1404 3179 1407 3183 ’
1423 3195 1460 3259 et
1494 3189 1682 3260 dominium
1718 3189 1764 3260 ad
1798 3189 2000 3280 episcopum

379 3381 388 3397 ,
444 3290 708 3380 Cracovieusem
735 3309 895 3399 pertinet.
944 3310 985 3380 ln
1013 3330 1081 3401 qua
1107 3311 1356 3381 monasterium
1383 3311 1568 3400 hospitalis
1594 3311 1639 3382 de
1655 3310 1784 3384 Sancta
1809 3309 1930 3401 Cruce,
1956 3330 2000 3382 ox

444 3427 632 3502 donatione
660 3429 867 3520 episcopali,
893 3435 991 3502 tenet
1016 3437 1053 3502 et
1077 3431 1186 3504 habet
1210 3417 1282 3502 tria
1306 3431 1506 3503 molendina
1530 3432 1567 3502 ln
1593 3432 1732 3504 flumine
1758 3419 1999 3526 Prandnilr

444 3551 584 3622 situata.
1098 3577 1100 3582 ¹

514 3685 517 3696 ·
547 3672 702 3745 Primum
728 3673 961 3746 molendinum
986 3674 1201 3746 monasterii
1236 3675 1420 3765 hospitalis
1447 3675 1595 3748 Sanctae
1622 3676 1743 3749 Crucis
1769 3675 1814 3748 ad
1840 3678 1998 3768 proprie-

444 3799 553 3866 tatem
589 3795 792 3868 monasterii
828 3797 1025 3887 pertinent,
1067 3796 1200 3869 habens
1236 3817 1340 3887 agros
1376 3796 1542 3888 speciales
1558 3811 1562 3821 ·
1577 3803 1615 3870 et
1649 3803 1768 3890 prata,
1805 3798 1910 3890 qnod
1932 3820 1996 3890 pro
2123 3869 2129 3879 ,

444 3937 559 3988 annua
586 3917 752 4007 pensione
778 3937 845 4008 per
868 3918 1103 4009 praepositum
1119 3922 1168 4010 et
1186 3924 1390 3990 conventum
1422 3920 1624 3991 monasterii
1650 3921 1874 4010 arendatum,
1901 3925 1997 3992 tenet

444 4037 676 4110 haereditarie
696 4037 904 4130 Gyerzth
915 4061 949 4110 m
960 4061 1011 4111 an
1030 4040 1150 4111 consul
1169 4039 1426 4130 Cracoviensis,
1455 4039 1498 4112 de
1516 4061 1584 4131 qno
1603 4048 1746 4114 consuat
1763 4041 1915 4113 annatim
1934 4063 1998 4132 pro

442 4160 654 4236 monasterio
682 4159 828 4232 Sanctae
856 4159 976 4232 CrucIs
998 4167 1155 4250 -quatuor
1181 4181 1315 4232 marcas
1341 4161 1409 4233 fusi
1436 4169 1473 4234 et
1499 4163 1579 4252 puri
1605 4164 1760 4254 argenti,
1790 4169 1851 4236 aut
1877 4185 1997 4235 earum

444 4281 618 4369 valorem3
645 4301 709 4371 pru
737 4277 923 4352 festo'uno
942 4279 1057 4352 Sancti
1076 4281 1223 4352 Martini
1248 4288 1389 4354 tenetur
1415 4285 1550 4356 solvere
1577 4286 1664 4357 duas
1690 4305 1826 4358 marcas
1852 4285 1999 4377 argenti,

443 4401 622 4491 profesto
650 4407 766 4473 autem
795 4401 911 4473 Sancti
939 4401 1094 4474 Floriani
1121 4403 1207 4476 alias
1235 4404 1321 4476 duas
1347 4427 1492 4478 marcas.
1533 4405 1619 4479 Item
1648 4407 1841 4498 praelatum
1866 4408 1997 4479 molen·
2140 4437 2143 4443 ·

443 4522 561 4594 dinum
588 4529 625 4593 et
651 4524 726 4594 eius
753 4543 949 4613 possessor,
985 4529 1130 4596 tenetur
1158 4526 1275 4596 emula
1300 4526 1473 4599 bumenta
1508 4535 1545 4600 et
1571 4530 1687 4601 omnia
1711 4550 1823 4629 gana
1849 4528 1998 4625 praelati
2058 4553 2067 4563 ’

316 4647 319 4652 ’
445 4643 649 4714 monasterii
683 4644 865 4734 hospitalis
898 4644 1045 4717 Sanctae
1072 4645 1192 4717 Crucis
1222 4648 1370 4738 molere,
1406 4657 1442 4721 et
1468 4651 1607 4722 nonnisi
1641 4650 1788 4723 mediam
1814 4656 1998 4723 metretam

381 4771 387 4782 '
442 4745 597 4856 recipere
624 4787 688 4856 pro
716 4785 840 4838 eorum-
861 4767 1048 4839 molitione.
1095 4806 1099 4816 ·
1505 4847 1509 4853 ,

547 4885 741 4960 Secumu'm
760 4887 992 4960 molendinum
1019 4889 1056 4959 in
1073 4889 1212 4962 flumine
1235 4889 1446 4964 Pradnik
1472 4893 1657 4984 situatum,
1685 4877 1781 4966 cidus
1800 4893 1997 4985 proprietas

422 4999 481 5082 ¹et
498 5010 687 5082 dominium
715 5011 758 5083 ad
777 5005 1025 5083 monasterium
1053 5011 1202 5084 Sanctae
1220 5013 1341 5085 Crucis
1367 5017 1535 5106 pertinet,
1561 5017 1693 5089 babens
1711 5037 1815 5108 agros
1832 5022 1869 5089 et
1886 5023 1998 5108 prata,

429 5119 539 5221 ‘quod
566 5153 658 5204 nunc
684 5137 781 5204 tenet
806 5132 960 5206 Jacobus
986 5133 1226 5225 Kopaczin
1250 5136 1383 5208 urenda
1408 5137 1661 5229 haereditaria,
1689 5129 1827 5229 dequo
1854 5138 1999 5230 singulis
2092 5187 2096 5192 -

342 5295 345 5302 -
443 5253 544 5323 annis
578 5259 720 5326 tenetur
756 5254 893 5326 solvere
913 5256 1139 5347 monasterio
1157 5257 1339 5348 hospitaliS
1375 5257 1523 5332 Sanctae
1559 5259 1680 5331 Crucis
1706 5261 1742 5330 in
1770 5259 1998 5333 Cracoria

441 5393 506 5462 pro
534 5395 638 5446 censu
673 5397 787 5450 annuo
820 5372 969 5468 quatudr
995 5399 1148 5471 marcas,
1189 5401 1253 5472 pro
1289 5380 1501 5471 quibuslibet
1536 5381 1698 5453 videlicet
1734 5387 1884 5474 quatuor
1909 5388 1998 5454 tem-

444 5494 587 5583 poribus
634 5517 796 5570 maream.
845 5500 933 5572 Item
975 5501 1175 5592 praelatum
1216 5503 1402 5575 secundum
1437 5503 1672 5577 molendinum
1706 5509 1848 5576 tenetur
1881 5493 1999 5576 omnia
2074 5493 2078 5498 ’
