<?xml version="1.0" encoding="UTF-8"?>
<!DOCTYPE html PUBLIC "-//W3C//DTD XHTML 1.0 Transitional//EN"
    "http://www.w3.org/TR/xhtml1/DTD/xhtml1-transitional.dtd">
<html xmlns="http://www.w3.org/1999/xhtml" xml:lang="en" lang="en">
 <head>
  <title>
</title>
<meta http-equiv="Content-Type" content="text/html;charset=utf-8" />
  <meta name='ocr-system' content='tesseract 3.04.00' />
  <meta name='ocr-capabilities' content='ocr_page ocr_carea ocr_par ocr_line ocrx_word'/>
</head>
<body>
  <div class='ocr_page' id='page_1' title='image "./operaomnia00paulgoog_0280.png"; bbox 0 0 4492 6592; ppageno 0'>
   <div class='ocr_carea' id='block_1_1' title="bbox 1701 885 1776 956">
    <p class='ocr_par' dir='ltr' id='par_1_1' title="bbox 1701 885 1776 956">
     <span class='ocr_line' id='line_1_1' title="bbox 1701 885 1776 956; baseline 0 0"><span class='ocrx_word' id='word_1_1' title='bbox 1701 885 1776 956; x_wconf 74' lang='lat'>255</span> 
     </span>
    </p>
   </div>
   <div class='ocr_carea' id='block_1_2' title="bbox 227 1089 1780 1904">
    <p class='ocr_par' dir='ltr' id='par_1_2' title="bbox 229 1089 1780 1308">
     <span class='ocr_line' id='line_1_2' title="bbox 230 1089 1780 1185; baseline -0.006 -15"><span class='ocrx_word' id='word_1_2' title='bbox 230 1099 314 1170; x_wconf 81' lang='lat' dir='ltr'>item</span> <span class='ocrx_word' id='word_1_3' title='bbox 342 1097 576 1169; x_wconf 88' lang='lat' dir='ltr'>molendinum</span> <span class='ocrx_word' id='word_1_4' title='bbox 602 1095 736 1167; x_wconf 89' lang='lat' dir='ltr'>habens</span> <span class='ocrx_word' id='word_1_5' title='bbox 762 1115 875 1185; x_wconf 84' lang='lat' dir='ltr'>agros,</span> <span class='ocrx_word' id='word_1_6' title='bbox 902 1094 945 1166; x_wconf 87' lang='lat' dir='ltr'>de</span> <span class='ocrx_word' id='word_1_7' title='bbox 971 1093 1026 1165; x_wconf 86' lang='lat' dir='ltr'>his</span> <span class='ocrx_word' id='word_1_8' title='bbox 1054 1093 1213 1164; x_wconf 87' lang='lat' dir='ltr'>omnibus</span> <span class='ocrx_word' id='word_1_9' title='bbox 1241 1091 1387 1162; x_wconf 89' lang='lat' dir='ltr'>solvitur</span> <span class='ocrx_word' id='word_1_10' title='bbox 1405 1090 1537 1162; x_wconf 88' lang='lat' dir='ltr'>decima</span> <span class='ocrx_word' id='word_1_11' title='bbox 1554 1089 1780 1181; x_wconf 71' lang='lat' dir='ltr'><strong>manipularis</strong></span> 
     </span>
     <span class='ocr_line' id='line_1_3' title="bbox 229 1214 770 1308; baseline -0.009 -20"><span class='ocrx_word' id='word_1_12' title='bbox 229 1237 292 1308; x_wconf 90' lang='lat' dir='ltr'>pro</span> <span class='ocrx_word' id='word_1_13' title='bbox 321 1218 468 1288; x_wconf 89' lang='lat' dir='ltr'>ecclesia</span> <span class='ocrx_word' id='word_1_14' title='bbox 493 1217 528 1286; x_wconf 92' lang='lat' dir='ltr'>in</span> <span class='ocrx_word' id='word_1_15' title='bbox 556 1214 770 1306; x_wconf 86' lang='lat' dir='ltr'>Oppolye.</span> 
     </span>
    </p>

    <p class='ocr_par' dir='ltr' id='par_1_3' title="bbox 227 1311 1778 1904">
     <span class='ocr_line' id='line_1_4' title="bbox 332 1311 1778 1436; baseline -0.006 -28"><span class='ocrx_word' id='word_1_16' title='bbox 332 1337 521 1424; x_wconf 72' lang='lat' dir='ltr'>Zamam,</span> <span class='ocrx_word' id='word_1_17' title='bbox 550 1335 632 1406; x_wconf 82' lang='lat' dir='ltr'>villa</span> <span class='ocrx_word' id='word_1_18' title='bbox 668 1335 732 1436; x_wconf 83' lang='lat' dir='ltr'>sub</span> <span class='ocrx_word' id='word_1_19' title='bbox 766 1333 931 1425; x_wconf 89' lang='lat' dir='ltr'>parochia</span> <span class='ocrx_word' id='word_1_20' title='bbox 966 1332 1132 1404; x_wconf 88' lang='lat' dir='ltr'>ecclesiae</span> <span class='ocrx_word' id='word_1_21' title='bbox 1164 1333 1207 1401; x_wconf 90' lang='lat' dir='ltr'>de</span> <span class='ocrx_word' id='word_1_22' title='bbox 1233 1311 1543 1402; x_wconf 51' lang='lat' dir='ltr'>Wawelnic&#39;za</span> <span class='ocrx_word' id='word_1_23' title='bbox 1567 1331 1653 1419; x_wconf 84' lang='lat' dir='ltr'>sita,</span> <span class='ocrx_word' id='word_1_24' title='bbox 1681 1330 1778 1400; x_wconf 91' lang='lat' dir='ltr'>cuius</span> 
     </span>
     <span class='ocr_line' id='line_1_5' title="bbox 227 1449 1777 1547; baseline -0.006 -19"><span class='ocrx_word' id='word_1_25' title='bbox 227 1457 427 1547; x_wconf 73' lang='lat' dir='ltr'>proprietas</span> <span class='ocrx_word' id='word_1_26' title='bbox 454 1455 497 1526; x_wconf 93' lang='lat' dir='ltr'>ad</span> <span class='ocrx_word' id='word_1_27' title='bbox 524 1455 707 1527; x_wconf 77' lang='lat' dir='ltr'>haeredem</span> <span class='ocrx_word' id='word_1_28' title='bbox 734 1453 902 1525; x_wconf 88' lang='lat' dir='ltr'>Jacobum</span> <span class='ocrx_word' id='word_1_29' title='bbox 929 1449 1229 1542; x_wconf 81' lang='lat' dir='ltr'>(lhoteczsky.</span> <span class='ocrx_word' id='word_1_30' title='bbox 1257 1451 1296 1522; x_wconf 92' lang='lat' dir='ltr'>ln</span> <span class='ocrx_word' id='word_1_31' title='bbox 1325 1471 1393 1541; x_wconf 88' lang='lat' dir='ltr'>qua</span> <span class='ocrx_word' id='word_1_32' title='bbox 1419 1459 1500 1521; x_wconf 89' lang='lat' dir='ltr'>sunt</span> <span class='ocrx_word' id='word_1_33' title='bbox 1527 1456 1660 1540; x_wconf 82' lang='lat' dir='ltr'>septem</span> <span class='ocrx_word' id='word_1_34' title='bbox 1686 1449 1777 1521; x_wconf 88' lang='lat' dir='ltr'>lanei</span> 
     </span>
     <span class='ocr_line' id='line_1_6' title="bbox 228 1558 1778 1670; baseline -0.004 -24"><span class='ocrx_word' id='word_1_35' title='bbox 228 1576 483 1664; x_wconf 84' lang='lat' dir='ltr'>cmethonales‚</span> <span class='ocrx_word' id='word_1_36' title='bbox 511 1581 545 1645; x_wconf 93' lang='lat' dir='ltr'>et</span> <span class='ocrx_word' id='word_1_37' title='bbox 571 1575 614 1645; x_wconf 91' lang='lat' dir='ltr'>de</span> <span class='ocrx_word' id='word_1_38' title='bbox 642 1574 800 1646; x_wconf 89' lang='lat' dir='ltr'>omnibus</span> <span class='ocrx_word' id='word_1_39' title='bbox 838 1573 986 1644; x_wconf 86' lang='lat' dir='ltr'>solvitur</span> <span class='ocrx_word' id='word_1_40' title='bbox 1012 1577 1048 1642; x_wconf 90' lang='lat' dir='ltr'>et</span> <span class='ocrx_word' id='word_1_41' title='bbox 1074 1558 1278 1670; x_wconf 82' lang='lat' dir='ltr'>conducitur</span> <span class='ocrx_word' id='word_1_42' title='bbox 1305 1569 1438 1642; x_wconf 89' lang='lat' dir='ltr'>decima</span> <span class='ocrx_word' id='word_1_43' title='bbox 1464 1569 1688 1663; x_wconf 81' lang='lat' dir='ltr'>manipularis</span> <span class='ocrx_word' id='word_1_44' title='bbox 1714 1591 1778 1660; x_wconf 89' lang='lat' dir='ltr'>pro</span> 
     </span>
     <span class='ocr_line' id='line_1_7' title="bbox 229 1674 1778 1782; baseline -0.004 -16"><span class='ocrx_word' id='word_1_45' title='bbox 229 1696 442 1767; x_wconf 89' lang='lat' dir='ltr'>monasterio</span> <span class='ocrx_word' id='word_1_46' title='bbox 477 1694 624 1766; x_wconf 80' lang='lat' dir='ltr'>Sanctae</span> <span class='ocrx_word' id='word_1_47' title='bbox 659 1692 798 1782; x_wconf 81' lang='lat' dir='ltr'>Crucis,</span> <span class='ocrx_word' id='word_1_48' title='bbox 835 1698 870 1764; x_wconf 88' lang='lat' dir='ltr'>et</span> <span class='ocrx_word' id='word_1_49' title='bbox 896 1691 994 1764; x_wconf 86' lang='lat' dir='ltr'>valor</span> <span class='ocrx_word' id='word_1_50' title='bbox 1020 1691 1093 1762; x_wconf 90' lang='lat' dir='ltr'>eius</span> <span class='ocrx_word' id='word_1_51' title='bbox 1120 1691 1324 1763; x_wconf 89' lang='lat' dir='ltr'>aestimatur</span> <span class='ocrx_word' id='word_1_52' title='bbox 1339 1674 1403 1762; x_wconf 65' lang='lat' dir='ltr'>&#39;ad</span> <span class='ocrx_word' id='word_1_53' title='bbox 1429 1711 1491 1762; x_wconf 79' lang='lat' dir='ltr'>sex</span> <span class='ocrx_word' id='word_1_54' title='bbox 1518 1710 1669 1780; x_wconf 87' lang='lat' dir='ltr'>marcas,</span> <span class='ocrx_word' id='word_1_55' title='bbox 1696 1691 1778 1760; x_wconf 84' lang='lat' dir='ltr'>item</span> 
     </span>
     <span class='ocr_line' id='line_1_8' title="bbox 227 1811 1099 1904; baseline -0.006 -18"><span class='ocrx_word' id='word_1_56' title='bbox 227 1816 405 1904; x_wconf 81' lang='lat' dir='ltr'>tabernae,</span> <span class='ocrx_word' id='word_1_57' title='bbox 432 1815 516 1886; x_wconf 90' lang='lat' dir='ltr'>item</span> <span class='ocrx_word' id='word_1_58' title='bbox 542 1813 769 1904; x_wconf 87' lang='lat' dir='ltr'>hortulaniae,</span> <span class='ocrx_word' id='word_1_59' title='bbox 796 1813 880 1885; x_wconf 92' lang='lat' dir='ltr'>item</span> <span class='ocrx_word' id='word_1_60' title='bbox 909 1811 1099 1902; x_wconf 87' lang='lat' dir='ltr'>praedium.</span> 
     </span>
    </p>
   </div>
   <div class='ocr_carea' id='block_1_3' title="bbox 276 2035 1738 2296">
    <p class='ocr_par' dir='ltr' id='par_1_4' title="bbox 276 2035 1738 2296">
     <span class='ocr_line' id='line_1_9' title="bbox 276 2035 1738 2144; baseline -0.003 -24"><span class='ocrx_word' id='word_1_61' title='bbox 276 2040 491 2142; x_wconf 83' lang='lat' dir='ltr'>Decimae,</span> <span class='ocrx_word' id='word_1_62' title='bbox 526 2038 716 2120; x_wconf 81' lang='lat' dir='ltr'>redditus</span> <span class='ocrx_word' id='word_1_63' title='bbox 748 2045 791 2121; x_wconf 87' lang='lat' dir='ltr'>et</span> <span class='ocrx_word' id='word_1_64' title='bbox 825 2043 1060 2144; x_wconf 76' lang='lat' dir='ltr'>proventus</span> <span class='ocrx_word' id='word_1_65' title='bbox 1093 2038 1308 2118; x_wconf 81' lang='lat' dir='ltr'>ecclesiae</span> <span class='ocrx_word' id='word_1_66' title='bbox 1340 2036 1394 2117; x_wconf 85' lang='lat' dir='ltr'>de</span> <span class='ocrx_word' id='word_1_67' title='bbox 1426 2035 1738 2137; x_wconf 82' lang='lat' dir='ltr'>Wawelaiczs,</span> 
     </span>
     <span class='ocr_line' id='line_1_10' title="bbox 511 2191 1514 2296; baseline -0.003 -22"><span class='ocrx_word' id='word_1_68' title='bbox 511 2195 768 2274; x_wconf 71' lang='lat' dir='ltr'>monasterio</span> <span class='ocrx_word' id='word_1_69' title='bbox 802 2194 984 2274; x_wconf 80' lang='lat' dir='ltr'>Sanctae</span> <span class='ocrx_word' id='word_1_70' title='bbox 1017 2191 1170 2274; x_wconf 76' lang='lat' dir='ltr'>crucia</span> <span class='ocrx_word' id='word_1_71' title='bbox 1204 2194 1514 2296; x_wconf 81' lang='lat' dir='ltr'>incorporatae.</span> 
     </span>
    </p>
   </div>
   <div class='ocr_carea' id='block_1_4' title="bbox 232 2409 1783 2985">
    <p class='ocr_par' dir='ltr' id='par_1_5' title="bbox 232 2409 1783 2985">
     <span class='ocr_line' id='line_1_11' title="bbox 334 2409 1782 2503; baseline -0.001 -19"><span class='ocrx_word' id='word_1_72' title='bbox 334 2414 642 2502; x_wconf 76' lang='lat' dir='ltr'>Dzuwczrooan‚</span> <span class='ocrx_word' id='word_1_73' title='bbox 680 2413 764 2484; x_wconf 85' lang='lat' dir='ltr'>villa</span> <span class='ocrx_word' id='word_1_74' title='bbox 799 2412 863 2484; x_wconf 89' lang='lat' dir='ltr'>sub</span> <span class='ocrx_word' id='word_1_75' title='bbox 899 2409 1064 2502; x_wconf 85' lang='lat' dir='ltr'>parocbia</span> <span class='ocrx_word' id='word_1_76' title='bbox 1099 2411 1264 2482; x_wconf 86' lang='lat' dir='ltr'>ecclesiae</span> <span class='ocrx_word' id='word_1_77' title='bbox 1300 2413 1344 2482; x_wconf 90' lang='lat' dir='ltr'>de</span> <span class='ocrx_word' id='word_1_78' title='bbox 1371 2409 1678 2483; x_wconf 78' lang='lat' dir='ltr'>Waw&#39;alnicza</span> <span class='ocrx_word' id='word_1_79' title='bbox 1704 2412 1782 2503; x_wconf 87' lang='lat' dir='ltr'>sita,</span> 
     </span>
     <span class='ocr_line' id='line_1_12' title="bbox 232 2531 1781 2627; baseline -0.002 -22"><span class='ocrx_word' id='word_1_80' title='bbox 232 2535 327 2606; x_wconf 90' lang='lat' dir='ltr'>cuius</span> <span class='ocrx_word' id='word_1_81' title='bbox 356 2534 553 2625; x_wconf 84' lang='lat' dir='ltr'>proprietas</span> <span class='ocrx_word' id='word_1_82' title='bbox 580 2532 624 2606; x_wconf 88' lang='lat' dir='ltr'>ad</span> <span class='ocrx_word' id='word_1_83' title='bbox 651 2533 834 2627; x_wconf 78' lang='lat' dir='ltr'>plebanum</span> <span class='ocrx_word' id='word_1_84' title='bbox 862 2533 935 2602; x_wconf 82' lang='lat' dir='ltr'>sive</span> <span class='ocrx_word' id='word_1_85' title='bbox 962 2532 1198 2622; x_wconf 90' lang='lat' dir='ltr'>praepositum</span> <span class='ocrx_word' id='word_1_86' title='bbox 1217 2532 1260 2602; x_wconf 94' lang='lat' dir='ltr'>de</span> <span class='ocrx_word' id='word_1_87' title='bbox 1278 2531 1588 2603; x_wconf 86' lang='lat' dir='ltr'>Wawelnicza</span> <span class='ocrx_word' id='word_1_88' title='bbox 1612 2533 1781 2623; x_wconf 82' lang='lat' dir='ltr'>pertinet3</span> 
     </span>
     <span class='ocr_line' id='line_1_13' title="bbox 233 2650 1782 2741; baseline -0.003 -15"><span class='ocrx_word' id='word_1_89' title='bbox 233 2659 269 2726; x_wconf 89' lang='lat' dir='ltr'>et</span> <span class='ocrx_word' id='word_1_90' title='bbox 293 2655 404 2725; x_wconf 89' lang='lat' dir='ltr'>habet</span> <span class='ocrx_word' id='word_1_91' title='bbox 430 2654 479 2724; x_wconf 92' lang='lat' dir='ltr'>ibi</span> <span class='ocrx_word' id='word_1_92' title='bbox 506 2653 653 2724; x_wconf 88' lang='lat' dir='ltr'>ecclesia</span> <span class='ocrx_word' id='word_1_93' title='bbox 679 2652 721 2724; x_wconf 91' lang='lat' dir='ltr'>de</span> <span class='ocrx_word' id='word_1_94' title='bbox 748 2651 1056 2723; x_wconf 89' lang='lat' dir='ltr'>Wawelnicza</span> <span class='ocrx_word' id='word_1_95' title='bbox 1082 2650 1271 2741; x_wconf 87' lang='lat' dir='ltr'>praedium,</span> <span class='ocrx_word' id='word_1_96' title='bbox 1298 2653 1343 2722; x_wconf 90' lang='lat' dir='ltr'>ad</span> <span class='ocrx_word' id='word_1_97' title='bbox 1370 2652 1457 2723; x_wconf 90' lang='lat' dir='ltr'>duos</span> <span class='ocrx_word' id='word_1_98' title='bbox 1482 2652 1537 2723; x_wconf 85' lang='lat' dir='ltr'>rel</span> <span class='ocrx_word' id='word_1_99' title='bbox 1564 2659 1637 2724; x_wconf 89' lang='lat' dir='ltr'>tres</span> <span class='ocrx_word' id='word_1_100' title='bbox 1664 2654 1782 2724; x_wconf 90' lang='lat' dir='ltr'>laneos</span> 
     </span>
     <span class='ocr_line' id='line_1_14' title="bbox 233 2772 1783 2864; baseline -0.001 -19"><span class='ocrx_word' id='word_1_101' title='bbox 233 2776 472 2864; x_wconf 85' lang='lat' dir='ltr'>aestimatum,</span> <span class='ocrx_word' id='word_1_102' title='bbox 508 2795 583 2844; x_wconf 92' lang='lat' dir='ltr'>cum</span> <span class='ocrx_word' id='word_1_103' title='bbox 621 2774 731 2863; x_wconf 90' lang='lat' dir='ltr'>pratis</span> <span class='ocrx_word' id='word_1_104' title='bbox 767 2778 802 2843; x_wconf 94' lang='lat' dir='ltr'>et</span> <span class='ocrx_word' id='word_1_105' title='bbox 836 2773 914 2843; x_wconf 89' lang='lat' dir='ltr'>aliis</span> <span class='ocrx_word' id='word_1_106' title='bbox 950 2772 1205 2862; x_wconf 86' lang='lat' dir='ltr'>correquisitis,</span> <span class='ocrx_word' id='word_1_107' title='bbox 1232 2777 1269 2842; x_wconf 88' lang='lat' dir='ltr'>et</span> <span class='ocrx_word' id='word_1_108' title='bbox 1294 2793 1363 2842; x_wconf 89' lang='lat' dir='ltr'>non</span> <span class='ocrx_word' id='word_1_109' title='bbox 1391 2779 1473 2843; x_wconf 89' lang='lat' dir='ltr'>sunt</span> <span class='ocrx_word' id='word_1_110' title='bbox 1499 2772 1548 2842; x_wconf 92' lang='lat' dir='ltr'>ibi</span> <span class='ocrx_word' id='word_1_111' title='bbox 1573 2772 1783 2863; x_wconf 88' lang='lat' dir='ltr'>cmetbones‚</span> 
     </span>
     <span class='ocr_line' id='line_1_15' title="bbox 233 2891 1783 2985; baseline -0.001 -19"><span class='ocrx_word' id='word_1_112' title='bbox 233 2916 343 2985; x_wconf 90' lang='lat' dir='ltr'>neque</span> <span class='ocrx_word' id='word_1_113' title='bbox 362 2893 604 2982; x_wconf 68' lang='lat' dir='ltr'>‘hortulaniae</span> <span class='ocrx_word' id='word_1_114' title='bbox 630 2913 741 2983; x_wconf 90' lang='lat' dir='ltr'>neque</span> <span class='ocrx_word' id='word_1_115' title='bbox 767 2894 943 2964; x_wconf 88' lang='lat' dir='ltr'>tabernae.</span> <span class='ocrx_word' id='word_1_116' title='bbox 970 2891 1067 2962; x_wconf 85' lang='lat' dir='ltr'>Villa</span> <span class='ocrx_word' id='word_1_117' title='bbox 1092 2892 1180 2962; x_wconf 90' lang='lat' dir='ltr'>haec</span> <span class='ocrx_word' id='word_1_118' title='bbox 1205 2891 1287 2962; x_wconf 92' lang='lat' dir='ltr'>olim</span> <span class='ocrx_word' id='word_1_119' title='bbox 1313 2892 1512 2981; x_wconf 88' lang='lat' dir='ltr'>pertinebat</span> <span class='ocrx_word' id='word_1_120' title='bbox 1539 2892 1584 2964; x_wconf 89' lang='lat' dir='ltr'>ad</span> <span class='ocrx_word' id='word_1_121' title='bbox 1611 2901 1783 2964; x_wconf 88' lang='lat' dir='ltr'>monaste-</span> 
     </span>
    </p>
   </div>
   <div class='ocr_carea' id='block_1_5' title="bbox 110 3011 1783 3106">
    <p class='ocr_par' dir='ltr' id='par_1_6' title="bbox 110 3011 1783 3106">
     <span class='ocr_line' id='line_1_16' title="bbox 110 3011 1783 3106; baseline -0.001 -20"><span class='ocrx_word' id='word_1_122' title='bbox 110 3097 111 3106; x_wconf 8' lang='grc' dir='ltr'>ἵ</span> <span class='ocrx_word' id='word_1_123' title='bbox 233 3016 321 3086; x_wconf 92' lang='lat' dir='ltr'>rium</span> <span class='ocrx_word' id='word_1_124' title='bbox 349 3013 676 3102; x_wconf 86' lang='lat' dir='ltr'>Szeczechoviense‚</span> <span class='ocrx_word' id='word_1_125' title='bbox 704 3012 764 3084; x_wconf 86' lang='lat' dir='ltr'>sed</span> <span class='ocrx_word' id='word_1_126' title='bbox 792 3013 942 3084; x_wconf 89' lang='lat' dir='ltr'>alienata</span> <span class='ocrx_word' id='word_1_127' title='bbox 977 3016 1032 3084; x_wconf 88' lang='lat' dir='ltr'>est</span> <span class='ocrx_word' id='word_1_128' title='bbox 1057 3012 1227 3082; x_wconf 89' lang='lat' dir='ltr'>incertum</span> <span class='ocrx_word' id='word_1_129' title='bbox 1254 3011 1425 3102; x_wconf 90' lang='lat' dir='ltr'>quomodo</span> <span class='ocrx_word' id='word_1_130' title='bbox 1451 3017 1488 3084; x_wconf 88' lang='lat' dir='ltr'>et</span> <span class='ocrx_word' id='word_1_131' title='bbox 1512 3033 1556 3085; x_wconf 81' lang='lat' dir='ltr'>ex</span> <span class='ocrx_word' id='word_1_132' title='bbox 1583 3033 1653 3103; x_wconf 88' lang='lat' dir='ltr'>qua</span> <span class='ocrx_word' id='word_1_133' title='bbox 1678 3034 1783 3085; x_wconf 88' lang='lat' dir='ltr'>causa</span> 
     </span>
    </p>
   </div>
   <div class='ocr_carea' id='block_1_6' title="bbox 235 3131 686 3224">
    <p class='ocr_par' dir='ltr' id='par_1_7' title="bbox 235 3131 686 3224">
     <span class='ocr_line' id='line_1_17' title="bbox 235 3131 686 3224; baseline -0.007 -18"><span class='ocrx_word' id='word_1_134' title='bbox 235 3157 255 3206; x_wconf 87' lang='lat' dir='ltr'>a</span> <span class='ocrx_word' id='word_1_135' title='bbox 280 3133 493 3207; x_wconf 87' lang='lat' dir='ltr'>monasterio</span> <span class='ocrx_word' id='word_1_136' title='bbox 520 3131 686 3224; x_wconf 82' lang='lat' dir='ltr'>praefato.</span> 
     </span>
    </p>
   </div>
   <div class='ocr_carea' id='block_1_7' title="bbox 339 3227 2012 3346">
    <p class='ocr_par' dir='ltr' id='par_1_8' title="bbox 339 3227 2012 3346">
     <span class='ocr_line' id='line_1_18' title="bbox 339 3227 2012 3346; baseline -0.001 -22"><span class='ocrx_word' id='word_1_137' title='bbox 339 3255 629 3346; x_wconf 60' lang='lat' dir='ltr'>Menatem,</span> <span class='ocrx_word' id='word_1_138' title='bbox 657 3252 819 3344; x_wconf 90' lang='lat' dir='ltr'>oppidum</span> <span class='ocrx_word' id='word_1_139' title='bbox 847 3253 979 3343; x_wconf 79' lang='lat' dir='ltr'>regium</span> <span class='ocrx_word' id='word_1_140' title='bbox 1007 3253 1104 3325; x_wconf 86' lang='lat' dir='ltr'>iuxta</span> <span class='ocrx_word' id='word_1_141' title='bbox 1131 3252 1484 3324; x_wconf 88' lang='lat' dir='ltr'>Wawelniczam</span> <span class='ocrx_word' id='word_1_142' title='bbox 1509 3251 1650 3325; x_wconf 84' lang='lat' dir='ltr'>fluvium</span> <span class='ocrx_word' id='word_1_143' title='bbox 1677 3259 1712 3323; x_wconf 90' lang='lat' dir='ltr'>et</span> <span class='ocrx_word' id='word_1_144' title='bbox 1739 3254 1783 3324; x_wconf 90' lang='lat' dir='ltr'>ab</span> <span class='ocrx_word' id='word_1_145' title='bbox 1814 3227 1819 3234; x_wconf 45' lang='lat'><em>⁷</em></span> <span class='ocrx_word' id='word_1_146' title='bbox 1864 3325 1868 3334; x_wconf 74' lang='grc'><strong>,</strong></span> <span class='ocrx_word' id='word_1_147' title='bbox 2008 3303 2012 3312; x_wconf 86' lang='grc'><em>.</em></span> 
     </span>
    </p>
   </div>
   <div class='ocr_carea' id='block_1_8' title="bbox 134 3372 1875 5887">
    <p class='ocr_par' dir='ltr' id='par_1_9' title="bbox 235 3372 1875 3705">
     <span class='ocr_line' id='line_1_19' title="bbox 235 3372 1783 3464; baseline -0.003 -16"><span class='ocrx_word' id='word_1_148' title='bbox 235 3395 274 3448; x_wconf 85' lang='lat' dir='ltr'>co</span> <span class='ocrx_word' id='word_1_149' title='bbox 301 3375 578 3464; x_wconf 88' lang='lat' dir='ltr'>denominatum,</span> <span class='ocrx_word' id='word_1_150' title='bbox 605 3373 729 3463; x_wconf 86' lang='lat' dir='ltr'>situm,</span> <span class='ocrx_word' id='word_1_151' title='bbox 755 3374 790 3444; x_wconf 90' lang='lat' dir='ltr'>in</span> <span class='ocrx_word' id='word_1_152' title='bbox 818 3395 885 3463; x_wconf 91' lang='lat' dir='ltr'>quo</span> <span class='ocrx_word' id='word_1_153' title='bbox 921 3373 1067 3445; x_wconf 88' lang='lat' dir='ltr'>ecclesia</span> <span class='ocrx_word' id='word_1_154' title='bbox 1103 3373 1312 3464; x_wconf 88' lang='lat' dir='ltr'>parochialis</span> <span class='ocrx_word' id='word_1_155' title='bbox 1348 3372 1465 3445; x_wconf 81' lang='lat' dir='ltr'>Sancti</span> <span class='ocrx_word' id='word_1_156' title='bbox 1492 3373 1693 3463; x_wconf 85' lang='lat' dir='ltr'>Adalberti,</span> <span class='ocrx_word' id='word_1_157' title='bbox 1720 3393 1783 3463; x_wconf 92' lang='lat' dir='ltr'>per</span> 
     </span>
     <span class='ocr_line' id='line_1_20' title="bbox 237 3492 1875 3590; baseline -0.002 -24"><span class='ocrx_word' id='word_1_158' title='bbox 237 3495 510 3567; x_wconf 81' lang='lat' dir='ltr'>Gasimirum</span> <span class='ocrx_word' id='word_1_159' title='bbox 537 3492 788 3572; x_wconf 87' lang='lat' dir='ltr'>Secundum</span> <span class='ocrx_word' id='word_1_160' title='bbox 815 3492 981 3564; x_wconf 90' lang='lat' dir='ltr'>Poloniae</span> <span class='ocrx_word' id='word_1_161' title='bbox 1009 3501 1300 3585; x_wconf 82' lang='lat' dir='ltr'>regemmurata</span> <span class='ocrx_word' id='word_1_162' title='bbox 1326 3493 1367 3564; x_wconf 89' lang='lat' dir='ltr'>In</span> <span class='ocrx_word' id='word_1_163' title='bbox 1386 3513 1454 3583; x_wconf 89' lang='lat' dir='ltr'>quo</span> <span class='ocrx_word' id='word_1_164' title='bbox 1473 3493 1688 3564; x_wconf 89' lang='lat' dir='ltr'>suntdecem</span> <span class='ocrx_word' id='word_1_165' title='bbox 1707 3514 1784 3564; x_wconf 90' lang='lat' dir='ltr'>cum</span> <span class='ocrx_word' id='word_1_166' title='bbox 1871 3583 1875 3590; x_wconf 26' lang='grc' dir='ltr'>Ι</span> 
     </span>
     <span class='ocr_line' id='line_1_21' title="bbox 237 3611 1786 3705; baseline -0.001 -19"><span class='ocrx_word' id='word_1_167' title='bbox 237 3616 347 3688; x_wconf 91' lang='lat' dir='ltr'>medio</span> <span class='ocrx_word' id='word_1_168' title='bbox 375 3615 465 3686; x_wconf 88' lang='lat' dir='ltr'>lanei</span> <span class='ocrx_word' id='word_1_169' title='bbox 492 3613 750 3705; x_wconf 86' lang='lat' dir='ltr'>oppidanorum,</span> <span class='ocrx_word' id='word_1_170' title='bbox 778 3611 821 3685; x_wconf 89' lang='lat' dir='ltr'>de</span> <span class='ocrx_word' id='word_1_171' title='bbox 848 3613 973 3704; x_wconf 85' lang='lat' dir='ltr'>quibus</span> <span class='ocrx_word' id='word_1_172' title='bbox 1001 3614 1158 3693; x_wconf 88' lang='lat' dir='ltr'>omnibus</span> <span class='ocrx_word' id='word_1_173' title='bbox 1185 3614 1333 3686; x_wconf 87' lang='lat' dir='ltr'>solvitur</span> <span class='ocrx_word' id='word_1_174' title='bbox 1359 3619 1394 3684; x_wconf 90' lang='lat' dir='ltr'>et</span> <span class='ocrx_word' id='word_1_175' title='bbox 1422 3614 1626 3685; x_wconf 80' lang='lat' dir='ltr'>conducitur</span> <span class='ocrx_word' id='word_1_176' title='bbox 1652 3614 1786 3685; x_wconf 89' lang='lat' dir='ltr'>decima</span> 
     </span>
    </p>

    <p class='ocr_par' dir='ltr' id='par_1_10' title="bbox 134 3733 1785 3927">
     <span class='ocr_line' id='line_1_22' title="bbox 237 3733 1785 3826; baseline -0.001 -20"><span class='ocrx_word' id='word_1_177' title='bbox 237 3756 299 3826; x_wconf 91' lang='lat' dir='ltr'>pro</span> <span class='ocrx_word' id='word_1_178' title='bbox 326 3735 474 3806; x_wconf 87' lang='lat' dir='ltr'>ecclesia</span> <span class='ocrx_word' id='word_1_179' title='bbox 508 3740 545 3806; x_wconf 86' lang='lat' dir='ltr'>et</span> <span class='ocrx_word' id='word_1_180' title='bbox 581 3755 645 3824; x_wconf 91' lang='lat' dir='ltr'>pro</span> <span class='ocrx_word' id='word_1_181' title='bbox 671 3734 880 3806; x_wconf 88' lang='lat' dir='ltr'>monasterio</span> <span class='ocrx_word' id='word_1_182' title='bbox 907 3733 943 3805; x_wconf 91' lang='lat' dir='ltr'>in</span> <span class='ocrx_word' id='word_1_183' title='bbox 971 3734 1298 3823; x_wconf 87' lang='lat' dir='ltr'>Wawelnicza‚</span> <span class='ocrx_word' id='word_1_184' title='bbox 1326 3755 1387 3805; x_wconf 88' lang='lat' dir='ltr'>seu</span> <span class='ocrx_word' id='word_1_185' title='bbox 1413 3755 1477 3823; x_wconf 86' lang='lat' dir='ltr'>pro</span> <span class='ocrx_word' id='word_1_186' title='bbox 1504 3734 1722 3825; x_wconf 88' lang='lat' dir='ltr'>praeposito,</span> <span class='ocrx_word' id='word_1_187' title='bbox 1748 3739 1785 3805; x_wconf 89' lang='lat' dir='ltr'>et</span> 
     </span>
     <span class='ocr_line' id='line_1_23' title="bbox 134 3837 1056 3927; baseline -0.002 -1"><span class='ocrx_word' id='word_1_188' title='bbox 134 3837 139 3844; x_wconf 63' lang='grc'>’</span> <span class='ocrx_word' id='word_1_189' title='bbox 238 3857 334 3927; x_wconf 86' lang='lat' dir='ltr'>valor</span> <span class='ocrx_word' id='word_1_190' title='bbox 362 3855 436 3926; x_wconf 91' lang='lat' dir='ltr'>eius</span> <span class='ocrx_word' id='word_1_191' title='bbox 463 3855 669 3926; x_wconf 86' lang='lat' dir='ltr'>aestimatur</span> <span class='ocrx_word' id='word_1_192' title='bbox 696 3853 740 3925; x_wconf 91' lang='lat' dir='ltr'>ad</span> <span class='ocrx_word' id='word_1_193' title='bbox 768 3853 885 3925; x_wconf 89' lang='lat' dir='ltr'>decem</span> <span class='ocrx_word' id='word_1_194' title='bbox 913 3873 1056 3925; x_wconf 90' lang='lat' dir='ltr'>marcas.</span> 
     </span>
    </p>

    <p class='ocr_par' dir='ltr' id='par_1_11' title="bbox 239 3961 1786 4648">
     <span class='ocr_line' id='line_1_24' title="bbox 339 3961 1786 4066; baseline -0.003 -18"><span class='ocrx_word' id='word_1_195' title='bbox 339 3961 579 4048; x_wconf 70' lang='lat' dir='ltr'>Suburbium</span> <span class='ocrx_word' id='word_1_196' title='bbox 616 3974 733 4066; x_wconf 92' lang='lat' dir='ltr'>oppidi</span> <span class='ocrx_word' id='word_1_197' title='bbox 760 3973 1068 4045; x_wconf 87' lang='lat' dir='ltr'>Wawelnicza</span> <span class='ocrx_word' id='word_1_198' title='bbox 1103 3973 1254 4064; x_wconf 82' lang='lat' dir='ltr'>regium,</span> <span class='ocrx_word' id='word_1_199' title='bbox 1280 3975 1316 4044; x_wconf 93' lang='lat' dir='ltr'>in</span> <span class='ocrx_word' id='word_1_200' title='bbox 1353 3995 1420 4065; x_wconf 89' lang='lat' dir='ltr'>quo</span> <span class='ocrx_word' id='word_1_201' title='bbox 1456 3979 1538 4044; x_wconf 87' lang='lat' dir='ltr'>sunt</span> <span class='ocrx_word' id='word_1_202' title='bbox 1564 3972 1786 4063; x_wconf 79' lang='lat' dir='ltr'>septuaginta</span> 
     </span>
     <span class='ocr_line' id='line_1_25' title="bbox 239 4093 1786 4187; baseline -0.002 -20"><span class='ocrx_word' id='word_1_203' title='bbox 239 4098 387 4187; x_wconf 87' lang='lat' dir='ltr'>quinque</span> <span class='ocrx_word' id='word_1_204' title='bbox 414 4096 523 4185; x_wconf 88' lang='lat' dir='ltr'>lanei,</span> <span class='ocrx_word' id='word_1_205' title='bbox 550 4095 593 4166; x_wconf 90' lang='lat' dir='ltr'>de</span> <span class='ocrx_word' id='word_1_206' title='bbox 621 4095 745 4186; x_wconf 87' lang='lat' dir='ltr'>quibus</span> <span class='ocrx_word' id='word_1_207' title='bbox 772 4095 929 4166; x_wconf 90' lang='lat' dir='ltr'>omnibus</span> <span class='ocrx_word' id='word_1_208' title='bbox 957 4093 1102 4166; x_wconf 89' lang='lat' dir='ltr'>solvitur</span> <span class='ocrx_word' id='word_1_209' title='bbox 1130 4094 1263 4166; x_wconf 91' lang='lat' dir='ltr'>decima</span> <span class='ocrx_word' id='word_1_210' title='bbox 1298 4093 1522 4185; x_wconf 89' lang='lat' dir='ltr'>manipularis</span> <span class='ocrx_word' id='word_1_211' title='bbox 1547 4115 1611 4183; x_wconf 91' lang='lat' dir='ltr'>pro</span> <span class='ocrx_word' id='word_1_212' title='bbox 1638 4093 1786 4164; x_wconf 88' lang='lat' dir='ltr'>ecclesia</span> 
     </span>
     <span class='ocr_line' id='line_1_26' title="bbox 242 4209 1784 4308; baseline -0.003 -21"><span class='ocrx_word' id='word_1_213' title='bbox 242 4223 277 4287; x_wconf 89' lang='lat' dir='ltr'>et</span> <span class='ocrx_word' id='word_1_214' title='bbox 302 4237 366 4308; x_wconf 91' lang='lat' dir='ltr'>pro</span> <span class='ocrx_word' id='word_1_215' title='bbox 394 4216 603 4287; x_wconf 84' lang='lat' dir='ltr'>monasterio</span> <span class='ocrx_word' id='word_1_216' title='bbox 631 4216 666 4285; x_wconf 93' lang='lat' dir='ltr'>in</span> <span class='ocrx_word' id='word_1_217' title='bbox 693 4213 999 4286; x_wconf 80' lang='lat' dir='ltr'>Wauelnicza</span> <span class='ocrx_word' id='word_1_218' title='bbox 1025 4235 1086 4286; x_wconf 87' lang='lat' dir='ltr'>seu</span> <span class='ocrx_word' id='word_1_219' title='bbox 1113 4236 1177 4305; x_wconf 89' lang='lat' dir='ltr'>pro</span> <span class='ocrx_word' id='word_1_220' title='bbox 1195 4214 1403 4305; x_wconf 88' lang='lat' dir='ltr'>praeposito,</span> <span class='ocrx_word' id='word_1_221' title='bbox 1421 4219 1457 4285; x_wconf 90' lang='lat' dir='ltr'>et</span> <span class='ocrx_word' id='word_1_222' title='bbox 1473 4213 1572 4285; x_wconf 86' lang='lat' dir='ltr'>valor</span> <span class='ocrx_word' id='word_1_223' title='bbox 1589 4213 1663 4284; x_wconf 89' lang='lat' dir='ltr'>eius</span> <span class='ocrx_word' id='word_1_224' title='bbox 1681 4209 1784 4284; x_wconf 89' lang='lat' dir='ltr'>aesti-</span> 
     </span>
     <span class='ocr_line' id='line_1_27' title="bbox 240 4333 1783 4428; baseline -0.003 -21"><span class='ocrx_word' id='word_1_225' title='bbox 240 4343 354 4407; x_wconf 88' lang='lat' dir='ltr'>matur</span> <span class='ocrx_word' id='word_1_226' title='bbox 381 4336 425 4406; x_wconf 89' lang='lat' dir='ltr'>ad</span> <span class='ocrx_word' id='word_1_227' title='bbox 453 4336 703 4428; x_wconf 83' lang='lat' dir='ltr'>quinquaginta</span> <span class='ocrx_word' id='word_1_228' title='bbox 729 4355 882 4424; x_wconf 87' lang='lat' dir='ltr'>marcas;</span> <span class='ocrx_word' id='word_1_229' title='bbox 918 4336 1001 4406; x_wconf 79' lang='lat' dir='ltr'>item</span> <span class='ocrx_word' id='word_1_230' title='bbox 1029 4337 1064 4406; x_wconf 93' lang='lat' dir='ltr'>in</span> <span class='ocrx_word' id='word_1_231' title='bbox 1091 4335 1212 4407; x_wconf 89' lang='lat' dir='ltr'>eodem</span> <span class='ocrx_word' id='word_1_232' title='bbox 1239 4335 1405 4407; x_wconf 89' lang='lat' dir='ltr'>suburbio</span> <span class='ocrx_word' id='word_1_233' title='bbox 1432 4339 1487 4406; x_wconf 89' lang='lat' dir='ltr'>est</span> <span class='ocrx_word' id='word_1_234' title='bbox 1512 4333 1657 4405; x_wconf 86' lang='lat' dir='ltr'>ecclesia</span> <span class='ocrx_word' id='word_1_235' title='bbox 1681 4355 1783 4424; x_wconf 90' lang='lat' dir='ltr'>paro-</span> 
     </span>
     <span class='ocr_line' id='line_1_28' title="bbox 241 4452 1784 4547; baseline -0.002 -20"><span class='ocrx_word' id='word_1_236' title='bbox 241 4457 359 4527; x_wconf 90' lang='lat' dir='ltr'>chialis</span> <span class='ocrx_word' id='word_1_237' title='bbox 386 4455 420 4526; x_wconf 87' lang='lat' dir='ltr'>S.</span> <span class='ocrx_word' id='word_1_238' title='bbox 445 4455 580 4526; x_wconf 88' lang='lat' dir='ltr'>Mariae</span> <span class='ocrx_word' id='word_1_239' title='bbox 607 4452 845 4545; x_wconf 81' lang='lat' dir='ltr'>Magdalenae,</span> <span class='ocrx_word' id='word_1_240' title='bbox 872 4461 984 4527; x_wconf 87' lang='lat' dir='ltr'>mater</span> <span class='ocrx_word' id='word_1_241' title='bbox 1010 4461 1047 4526; x_wconf 90' lang='lat' dir='ltr'>et</span> <span class='ocrx_word' id='word_1_242' title='bbox 1064 4455 1191 4526; x_wconf 83' lang='lat' dir='ltr'>matrix</span> <span class='ocrx_word' id='word_1_243' title='bbox 1210 4455 1311 4545; x_wconf 88' lang='lat' dir='ltr'>illius,</span> <span class='ocrx_word' id='word_1_244' title='bbox 1325 4475 1418 4547; x_wconf 69' lang='lat' dir='ltr'>,quae</span> <span class='ocrx_word' id='word_1_245' title='bbox 1436 4455 1585 4526; x_wconf 89' lang='lat' dir='ltr'>habetur</span> <span class='ocrx_word' id='word_1_246' title='bbox 1603 4455 1639 4525; x_wconf 92' lang='lat' dir='ltr'>in</span> <span class='ocrx_word' id='word_1_247' title='bbox 1657 4453 1784 4545; x_wconf 90' lang='lat' dir='ltr'>oppido</span> 
     </span>
     <span class='ocr_line' id='line_1_29' title="bbox 242 4575 558 4648; baseline 0 -4"><span class='ocrx_word' id='word_1_248' title='bbox 242 4575 558 4648; x_wconf 85' lang='lat' dir='ltr'>Wawelnicza.</span> 
     </span>
    </p>

    <p class='ocr_par' dir='ltr' id='par_1_12' title="bbox 181 4669 1812 5390">
     <span class='ocr_line' id='line_1_30' title="bbox 342 4669 1784 4792; baseline -0.001 -26"><span class='ocrx_word' id='word_1_249' title='bbox 342 4669 754 4785; x_wconf 68' lang='lat' dir='ltr'>Bnarnourr&#39;rromcza,</span> <span class='ocrx_word' id='word_1_250' title='bbox 781 4693 863 4767; x_wconf 90' lang='lat' dir='ltr'>villa</span> <span class='ocrx_word' id='word_1_251' title='bbox 890 4695 953 4767; x_wconf 91' lang='lat' dir='ltr'>sub</span> <span class='ocrx_word' id='word_1_252' title='bbox 981 4695 1145 4792; x_wconf 74' lang='lat' dir='ltr'>parochia</span> <span class='ocrx_word' id='word_1_253' title='bbox 1171 4693 1214 4767; x_wconf 91' lang='lat' dir='ltr'>de</span> <span class='ocrx_word' id='word_1_254' title='bbox 1240 4688 1547 4767; x_wconf 74' lang='lat' dir='ltr'>Waweln&#39;icza</span> <span class='ocrx_word' id='word_1_255' title='bbox 1573 4695 1659 4785; x_wconf 87' lang='lat' dir='ltr'>sita,</span> <span class='ocrx_word' id='word_1_256' title='bbox 1687 4695 1784 4766; x_wconf 89' lang='lat' dir='ltr'>cuius</span> 
     </span>
     <span class='ocr_line' id='line_1_31' title="bbox 181 4803 1785 4907; baseline -0.002 -21"><span class='ocrx_word' id='word_1_257' title='bbox 181 4803 184 4810; x_wconf 68' lang='grc'><strong>’</strong></span> <span class='ocrx_word' id='word_1_258' title='bbox 243 4817 434 4906; x_wconf 88' lang='lat' dir='ltr'>proprietas</span> <span class='ocrx_word' id='word_1_259' title='bbox 460 4815 504 4886; x_wconf 89' lang='lat' dir='ltr'>ad</span> <span class='ocrx_word' id='word_1_260' title='bbox 532 4815 788 4886; x_wconf 87' lang='lat' dir='ltr'>serenissimum</span> <span class='ocrx_word' id='word_1_261' title='bbox 815 4813 979 4888; x_wconf 86' lang='lat' dir='ltr'>Poloniae</span> <span class='ocrx_word' id='word_1_262' title='bbox 1005 4835 1125 4906; x_wconf 83' lang='lat' dir='ltr'>regem</span> <span class='ocrx_word' id='word_1_263' title='bbox 1150 4815 1311 4907; x_wconf 73' lang='lat' dir='ltr'>pertinet</span> <span class='ocrx_word' id='word_1_264' title='bbox 1338 4820 1376 4888; x_wconf 87' lang='lat' dir='ltr'>et</span> <span class='ocrx_word' id='word_1_265' title='bbox 1402 4821 1455 4887; x_wconf 88' lang='lat' dir='ltr'>est</span> <span class='ocrx_word' id='word_1_266' title='bbox 1473 4817 1596 4888; x_wconf 92' lang='lat' dir='ltr'>inuno</span> <span class='ocrx_word' id='word_1_267' title='bbox 1615 4816 1785 4893; x_wconf 81' lang='lat' dir='ltr'>iurecum</span> 
     </span>
     <span class='ocr_line' id='line_1_32' title="bbox 244 4935 1785 5028; baseline -0.003 -20"><span class='ocrx_word' id='word_1_268' title='bbox 244 4935 366 5028; x_wconf 91' lang='lat' dir='ltr'>oppido</span> <span class='ocrx_word' id='word_1_269' title='bbox 393 4935 698 5006; x_wconf 82' lang='lat' dir='ltr'>Wawelnicza</span> <span class='ocrx_word' id='word_1_270' title='bbox 733 4940 769 5006; x_wconf 90' lang='lat' dir='ltr'>et</span> <span class='ocrx_word' id='word_1_271' title='bbox 803 4940 883 5006; x_wconf 90' lang='lat' dir='ltr'>sunt</span> <span class='ocrx_word' id='word_1_272' title='bbox 918 4937 953 5006; x_wconf 91' lang='lat' dir='ltr'>in</span> <span class='ocrx_word' id='word_1_273' title='bbox 991 4957 1033 5007; x_wconf 94' lang='lat' dir='ltr'>ea</span> <span class='ocrx_word' id='word_1_274' title='bbox 1059 4937 1216 5007; x_wconf 92' lang='lat' dir='ltr'>undecim</span> <span class='ocrx_word' id='word_1_275' title='bbox 1242 4937 1333 5008; x_wconf 89' lang='lat' dir='ltr'>lanei</span> <span class='ocrx_word' id='word_1_276' title='bbox 1360 4942 1396 5008; x_wconf 89' lang='lat' dir='ltr'>et</span> <span class='ocrx_word' id='word_1_277' title='bbox 1422 4942 1565 5028; x_wconf 56' lang='lat' dir='ltr'>quarta</span> <span class='ocrx_word' id='word_1_278' title='bbox 1591 4936 1634 5006; x_wconf 91' lang='lat' dir='ltr'>de</span> <span class='ocrx_word' id='word_1_279' title='bbox 1662 4935 1785 5024; x_wconf 89' lang='lat' dir='ltr'>quibus</span> 
     </span>
     <span class='ocr_line' id='line_1_33' title="bbox 245 5055 1784 5149; baseline -0.002 -21"><span class='ocrx_word' id='word_1_280' title='bbox 245 5057 398 5129; x_wconf 89' lang='lat' dir='ltr'>omnibns</span> <span class='ocrx_word' id='word_1_281' title='bbox 434 5057 581 5128; x_wconf 87' lang='lat' dir='ltr'>solvitur</span> <span class='ocrx_word' id='word_1_282' title='bbox 611 5062 648 5127; x_wconf 92' lang='lat' dir='ltr'>et</span> <span class='ocrx_word' id='word_1_283' title='bbox 674 5055 877 5128; x_wconf 90' lang='lat' dir='ltr'>conducitur</span> <span class='ocrx_word' id='word_1_284' title='bbox 913 5056 1046 5128; x_wconf 89' lang='lat' dir='ltr'>decima</span> <span class='ocrx_word' id='word_1_285' title='bbox 1080 5058 1308 5149; x_wconf 86' lang='lat' dir='ltr'>manipularis</span> <span class='ocrx_word' id='word_1_286' title='bbox 1334 5057 1499 5128; x_wconf 89' lang='lat' dir='ltr'>ecclesiae</span> <span class='ocrx_word' id='word_1_287' title='bbox 1525 5061 1561 5127; x_wconf 89' lang='lat' dir='ltr'>et</span> <span class='ocrx_word' id='word_1_288' title='bbox 1585 5055 1784 5146; x_wconf 89' lang='lat' dir='ltr'>praeposito</span> 
     </span>
     <span class='ocr_line' id='line_1_34' title="bbox 245 5171 1812 5270; baseline 0 -22"><span class='ocrx_word' id='word_1_289' title='bbox 245 5178 277 5248; x_wconf 92' lang='lat' dir='ltr'>in</span> <span class='ocrx_word' id='word_1_290' title='bbox 304 5178 615 5268; x_wconf 81' lang='lat' dir='ltr'>Wawelnicza,</span> <span class='ocrx_word' id='word_1_291' title='bbox 643 5183 679 5249; x_wconf 90' lang='lat' dir='ltr'>et</span> <span class='ocrx_word' id='word_1_292' title='bbox 705 5177 803 5249; x_wconf 87' lang='lat' dir='ltr'>valor</span> <span class='ocrx_word' id='word_1_293' title='bbox 829 5177 903 5250; x_wconf 88' lang='lat' dir='ltr'>eius</span> <span class='ocrx_word' id='word_1_294' title='bbox 930 5178 975 5249; x_wconf 90' lang='lat' dir='ltr'>ad</span> <span class='ocrx_word' id='word_1_295' title='bbox 1002 5185 1080 5251; x_wconf 89' lang='lat' dir='ltr'>octo</span> <span class='ocrx_word' id='word_1_296' title='bbox 1107 5198 1262 5270; x_wconf 83' lang='lat' dir='ltr'>marcas3</span> <span class='ocrx_word' id='word_1_297' title='bbox 1289 5179 1373 5250; x_wconf 87' lang='lat' dir='ltr'>item</span> <span class='ocrx_word' id='word_1_298' title='bbox 1398 5199 1468 5250; x_wconf 93' lang='lat' dir='ltr'>non</span> <span class='ocrx_word' id='word_1_299' title='bbox 1494 5181 1576 5248; x_wconf 89' lang='lat' dir='ltr'>sunt</span> <span class='ocrx_word' id='word_1_300' title='bbox 1601 5175 1651 5263; x_wconf 85' lang='lat' dir='ltr'>ibi</span> <span class='ocrx_word' id='word_1_301' title='bbox 1668 5171 1812 5248; x_wconf 77' lang='lat' dir='ltr'>taber-&#39;</span> 
     </span>
     <span class='ocr_line' id='line_1_35' title="bbox 246 5298 1385 5390; baseline -0.002 -20"><span class='ocrx_word' id='word_1_302' title='bbox 246 5319 316 5389; x_wconf 91' lang='lat' dir='ltr'>nae,</span> <span class='ocrx_word' id='word_1_303' title='bbox 342 5301 424 5370; x_wconf 89' lang='lat' dir='ltr'>item</span> <span class='ocrx_word' id='word_1_304' title='bbox 451 5320 520 5370; x_wconf 90' lang='lat' dir='ltr'>non</span> <span class='ocrx_word' id='word_1_305' title='bbox 547 5303 628 5370; x_wconf 85' lang='lat' dir='ltr'>sunt</span> <span class='ocrx_word' id='word_1_306' title='bbox 654 5298 883 5388; x_wconf 86' lang='lat' dir='ltr'>hortulaniae,</span> <span class='ocrx_word' id='word_1_307' title='bbox 910 5299 993 5370; x_wconf 83' lang='lat' dir='ltr'>item</span> <span class='ocrx_word' id='word_1_308' title='bbox 1021 5320 1090 5370; x_wconf 92' lang='lat' dir='ltr'>non</span> <span class='ocrx_word' id='word_1_309' title='bbox 1117 5305 1172 5371; x_wconf 87' lang='lat' dir='ltr'>est</span> <span class='ocrx_word' id='word_1_310' title='bbox 1197 5298 1385 5390; x_wconf 90' lang='lat' dir='ltr'>praedium.</span> 
     </span>
    </p>

    <p class='ocr_par' dir='ltr' id='par_1_13' title="bbox 241 5416 1785 5887">
     <span class='ocr_line' id='line_1_36' title="bbox 344 5416 1784 5509; baseline -0.003 -18"><span class='ocrx_word' id='word_1_311' title='bbox 344 5419 479 5508; x_wconf 77' lang='lat' dir='ltr'>oman,</span> <span class='ocrx_word' id='word_1_312' title='bbox 507 5419 590 5491; x_wconf 85' lang='lat' dir='ltr'>villa</span> <span class='ocrx_word' id='word_1_313' title='bbox 617 5421 680 5491; x_wconf 89' lang='lat' dir='ltr'>sub</span> <span class='ocrx_word' id='word_1_314' title='bbox 707 5419 872 5509; x_wconf 90' lang='lat' dir='ltr'>parocbia</span> <span class='ocrx_word' id='word_1_315' title='bbox 898 5419 941 5491; x_wconf 91' lang='lat' dir='ltr'>de</span> <span class='ocrx_word' id='word_1_316' title='bbox 968 5417 1274 5492; x_wconf 86' lang='lat' dir='ltr'>Wawelnicza</span> <span class='ocrx_word' id='word_1_317' title='bbox 1300 5419 1378 5509; x_wconf 84' lang='lat' dir='ltr'>sita,</span> <span class='ocrx_word' id='word_1_318' title='bbox 1405 5418 1502 5489; x_wconf 87' lang='lat' dir='ltr'>cuius</span> <span class='ocrx_word' id='word_1_319' title='bbox 1523 5417 1720 5508; x_wconf 89' lang='lat' dir='ltr'>proprietas</span> <span class='ocrx_word' id='word_1_320' title='bbox 1739 5416 1784 5487; x_wconf 89' lang='lat' dir='ltr'>ad</span> 
     </span>
     <span class='ocr_line' id='line_1_37' title="bbox 248 5537 1785 5630; baseline -0.001 -21"><span class='ocrx_word' id='word_1_321' title='bbox 248 5541 494 5611; x_wconf 89' lang='lat' dir='ltr'>serenissimum</span> <span class='ocrx_word' id='word_1_322' title='bbox 530 5538 695 5613; x_wconf 91' lang='lat' dir='ltr'>Poloniae</span> <span class='ocrx_word' id='word_1_323' title='bbox 730 5561 847 5630; x_wconf 84' lang='lat' dir='ltr'>regem</span> <span class='ocrx_word' id='word_1_324' title='bbox 882 5539 1042 5630; x_wconf 89' lang='lat' dir='ltr'>pertinet.</span> <span class='ocrx_word' id='word_1_325' title='bbox 1081 5539 1122 5611; x_wconf 91' lang='lat' dir='ltr'>In</span> <span class='ocrx_word' id='word_1_326' title='bbox 1149 5560 1218 5629; x_wconf 88' lang='lat' dir='ltr'>qua</span> <span class='ocrx_word' id='word_1_327' title='bbox 1252 5543 1333 5610; x_wconf 90' lang='lat' dir='ltr'>sunt</span> <span class='ocrx_word' id='word_1_328' title='bbox 1367 5539 1493 5630; x_wconf 79' lang='lat' dir='ltr'>viginti</span> <span class='ocrx_word' id='word_1_329' title='bbox 1519 5543 1668 5629; x_wconf 86' lang='lat' dir='ltr'>quatuor</span> <span class='ocrx_word' id='word_1_330' title='bbox 1694 5537 1785 5608; x_wconf 89' lang='lat' dir='ltr'>lanei</span> 
     </span>
     <span class='ocr_line' id='line_1_38' title="bbox 247 5652 1784 5751; baseline 0.001 -22"><span class='ocrx_word' id='word_1_331' title='bbox 247 5661 481 5751; x_wconf 84' lang='lat' dir='ltr'>cmethonales,</span> <span class='ocrx_word' id='word_1_332' title='bbox 509 5665 545 5732; x_wconf 90' lang='lat' dir='ltr'>et</span> <span class='ocrx_word' id='word_1_333' title='bbox 571 5661 614 5732; x_wconf 93' lang='lat' dir='ltr'>de</span> <span class='ocrx_word' id='word_1_334' title='bbox 641 5652 799 5734; x_wconf 83' lang='lat' dir='ltr'>omnibus</span> <span class='ocrx_word' id='word_1_335' title='bbox 826 5661 972 5734; x_wconf 86' lang='lat' dir='ltr'>solvitur</span> <span class='ocrx_word' id='word_1_336' title='bbox 998 5665 1034 5732; x_wconf 89' lang='lat' dir='ltr'>et</span> <span class='ocrx_word' id='word_1_337' title='bbox 1059 5659 1265 5732; x_wconf 89' lang='lat' dir='ltr'>conducitur</span> <span class='ocrx_word' id='word_1_338' title='bbox 1283 5659 1416 5731; x_wconf 88' lang='lat' dir='ltr'>decima</span> <span class='ocrx_word' id='word_1_339' title='bbox 1432 5658 1658 5750; x_wconf 89' lang='lat' dir='ltr'>manipularis</span> <span class='ocrx_word' id='word_1_340' title='bbox 1676 5658 1784 5730; x_wconf 89' lang='lat' dir='ltr'>cccle-</span> 
     </span>
     <span class='ocr_line' id='line_1_39' title="bbox 241 5778 1783 5887; baseline -0.002 -35"><span class='ocrx_word' id='word_1_341' title='bbox 241 5781 314 5852; x_wconf 80' lang='lat' dir='ltr'>siae</span> <span class='ocrx_word' id='word_1_342' title='bbox 340 5789 375 5854; x_wconf 89' lang='lat' dir='ltr'>et</span> <span class='ocrx_word' id='word_1_343' title='bbox 400 5783 597 5874; x_wconf 88' lang='lat' dir='ltr'>praeposito</span> <span class='ocrx_word' id='word_1_344' title='bbox 634 5783 670 5854; x_wconf 92' lang='lat' dir='ltr'>in</span> <span class='ocrx_word' id='word_1_345' title='bbox 695 5781 1020 5887; x_wconf 81' lang='lat' dir='ltr'>W&#39;awolnicza‚</span> <span class='ocrx_word' id='word_1_346' title='bbox 1046 5786 1084 5853; x_wconf 88' lang='lat' dir='ltr'>et</span> <span class='ocrx_word' id='word_1_347' title='bbox 1109 5780 1208 5855; x_wconf 84' lang='lat' dir='ltr'>valor</span> <span class='ocrx_word' id='word_1_348' title='bbox 1233 5781 1308 5856; x_wconf 89' lang='lat' dir='ltr'>eius</span> <span class='ocrx_word' id='word_1_349' title='bbox 1334 5780 1540 5854; x_wconf 85' lang='lat' dir='ltr'>aestimatur</span> <span class='ocrx_word' id='word_1_350' title='bbox 1564 5779 1609 5851; x_wconf 87' lang='lat' dir='ltr'>ad</span> <span class='ocrx_word' id='word_1_351' title='bbox 1635 5778 1783 5850; x_wconf 86' lang='lat' dir='ltr'>sedecim</span> 
     </span>
    </p>
   </div>
   <div class='ocr_carea' id='block_1_9' title="bbox 0 0 2277 6592">
    <p class='ocr_par' dir='ltr' id='par_1_14' title="bbox 0 0 2277 6592">
     <span class='ocr_line' id='line_1_40' title="bbox 0 0 2277 6592; baseline 0 0"><span class='ocrx_word' id='word_1_352' title='bbox 0 0 2277 6592; x_wconf 95' lang='lat' dir='ltr'> </span> 
     </span>
    </p>
   </div>
  </div>
 </body>
</html>
