4492 6592
1706 760 1779 851 'arr

123 1015 130 1022 ·
225 989 262 1056 et
290 983 487 1056 conducunt
514 984 683 1056 decimam
710 983 961 1075 manipularem
988 987 1024 1056 et
1042 983 1245 1073 cauapalem
1280 1003 1344 1072 pro
1362 982 1574 1056 monasterio
1602 981 1782 1056 Andrzeo-
1923 989 1928 995 ’

225 1107 348 1197 riensi,
375 1110 410 1176 et
436 1106 535 1179 rulor
562 1106 637 1178 eius
663 1105 869 1176 aestimatur
896 1104 940 1176 ad
968 1159 1082 1176 .....
1128 1103 1287 1176 Coelium
1315 1159 1431 1174 .....

204 1207 209 1218 ’
331 1225 561 1317 Passennus,
579 1226 662 1298 uilla
680 1226 745 1297 sub
762 1227 928 1316 parochia
945 1225 989 1296 de
1008 1225 1218 1298 Andrueiou
1237 1225 1314 1314 sita,
1332 1225 1431 1298 cuius
1448 1226 1647 1315 proprietas
1663 1226 1783 1298 totalis
1833 1287 1837 1292 ,

226 1347 271 1422 od
300 1349 548 1420 monasterium
576 1345 870 1420 Andrueioviense
896 1346 1058 1436 pertinet.
1094 1345 1134 1418 In
1163 1366 1232 1436 qua
1258 1350 1341 1416 sunt
1365 1345 1458 1416 laum
1485 1345 1718 1421 cmetbonalcs
1746 1351 1785 1418 et

225 1469 374 1560 quilibet
409 1468 513 1539 solvit
549 1488 613 1558 pro
639 1487 746 1540 ceusu
773 1445 797 1538 .’
800 1521 901 1556 .....
938 1467 1019 1538 item
1047 1486 1131 1556 ova,
1158 1467 1242 1538 item
1268 1467 1398 1570 gallos,
1425 1467 1508 1538 item
1536 1487 1671 1557 caseos3
1697 1470 1782 1540 imm
1930 1535 1934 1543 .

226 1589 337 1678 labor,
364 1590 447 1660 item
467 1586 630 1683 poneba,
657 1589 741 1660 itam
759 1609 910 1682 occuper),
937 1588 1020 1662 item
1039 1589 1225 1675 tabernae,
1251 1587 1334 1658 Item
1353 1588 1545 1678 hammoni,
1571 1591 1655 1663 item
1682 1610 1783 1680 prae

228 1709 340 1800 dium,
367 1710 450 1781 item
469 1709 712 1780 molendinum.
752 1708 838 1783 Item
867 1728 985 1780 ornnes
1013 1709 1089 1797 agri
1116 1708 1220 1779 villae
1247 1707 1387 1778 solvunt
1413 1713 1448 1780 et
1467 1709 1664 1784 conducunt
1690 1710 1785 1782 deci·

142 1873 144 1878 ·
232 1851 324 1902 marn
344 1830 592 1920 manipularem
621 1834 658 1902 et
674 1829 872 1919 canapalem
900 1849 964 1919 pro
982 1809 1194 1902 monasterio
1221 1827 1514 1920 Andrzeoviensi,
1540 1835 1577 1902 et
1592 1831 1692 1903 calor
1710 1832 1784 1904 eius

229 1951 437 2022 aestImatur
463 1951 507 2022 ad
535 2005 649 2021 .....
676 1949 837 2022 mutuat
864 2005 1005 2022 ......
1127 1949 1132 1956 ’
1241 2015 1248 2030 ,

333 2069 557 2161 quaczow,
592 2071 675 2142 villa
701 2071 766 2142 sub
794 2071 959 2160 parocbia
994 2069 1161 2142 ecclesIae
1196 2069 1240 2142 de
1268 2068 1547 2142 Andrueiow
1574 2071 1662 2162 sita,
1688 2073 1786 2144 cuius

224 2192 348 2264 totalis
375 2193 572 2282 proprietas
599 2191 643 2264 ad
668 2192 913 2262 monasterium
940 2190 1222 2264 Andrzeoviense
1248 2191 1411 2280 pertinet
1451 2190 1495 2262 In
1512 2213 1581 2282 qua
1598 2199 1680 2264 sunt
1698 2248 1706 2263 .
1725 2248 1732 2263 .
1751 2248 1786 2263 ..
1870 2207 1876 2227 ’

226 2313 313 2384 item
338 2333 423 2402 ova,
450 2288 532 2384 item
558 2313 688 2404 gallos,
714 2313 798 2384 item
826 2331 964 2401 caseos;
990 2313 1073 2384 item
1092 2313 1209 2401 labor,
1237 2312 1320 2384 item
1341 2310 1499 2406 powobc,
1527 2314 1612 2384 item
1638 2336 1784 2410 oasoyep,

227 2434 311 2504 Item
340 2435 525 2523 tabernae,
561 2435 644 2506 item
671 2434 866 2522 hortulani,
902 2434 987 2504 item
1012 2431 1256 2505 molendinum.
1300 2433 1390 2504 Item
1425 2455 1545 2506 omues
1578 2435 1656 2524 agri
1682 2436 1785 2508 villae

232 2555 374 2655 solvunt
401 2555 568 2628 decimam
595 2555 845 2652 manipularem
877 2561 914 2626 et
941 2555 1137 2626 conducunt
1171 2575 1235 2645 pro
1261 2555 1474 2647 monasterio
1511 2556 1786 2628 Andrzeoviensi

230 2681 267 2746 et
294 2677 399 2748 eIIam
427 2675 636 2766 canapalem,
664 2680 700 2747 et
726 2675 824 2748 valor
850 2677 925 2748 eius
952 2675 1159 2748 aestimatur
1185 2675 1231 2747 ad
1258 2729 1373 2746 .....
1400 2670 1560 2748 mutuat
1577 2731 1692 2748 .....

336 2795 634 2884 Wracruaram,
661 2797 744 2868 villa
771 2797 838 2869 sub
856 2797 1022 2886 parocbia
1048 2795 1213 2868 ecclesiae
1239 2795 1283 2867 de
1307 2795 1562 2869 Andrzeow
1579 2799 1664 2888 sita,
1691 2800 1789 2870 cuius

227 2918 427 3008 proprletus
462 2903 587 2988 totalis
628 2917 671 2988 ad
708 2918 955 2990 monasterium
991 2916 1274 2990 Andrzeoviense
1308 2919 1470 3007 pertinet
1528 2919 1568 2990 Iu
1604 2941 1673 3011 qua
1707 2928 1789 2994 sunt

228 3037 322 3107 lanei
345 3036 596 3134 “emethonalea
623 3041 659 3107 et
677 3035 823 3126 quilibet
848 3036 954 3108 solvit
980 3057 1044 3126 pro
1062 3056 1169 3108 ceusu
1187 3091 1319 3126 ......
1345 3037 1429 3110 item
1457 3059 1543 3127 ora3
1569 3040 1653 3113 Item
1680 3041 1787 3133 labor,

228 3157 314 3228 item
341 3155 500 3252 porceto,
528 3157 612 3230 item
631 3178 776 3251 ooazpep,
804 3157 888 3229 item
904 3158 1086 3247 tabernae,
1113 3158 1196 3230 Item
1216 3157 1409 3250 hortulani,
1435 3160 1518 3230 item
1546 3161 1789 3234 molendinum.
1864 3152 1874 3169 ’

228 3277 319 3348 Item
346 3297 464 3348 omncs
496 3278 572 3367 agri
598 3277 701 3348 villae
728 3278 868 3350 solvunt
894 3283 931 3350 et
949 3278 1146 3350 conducunt
1186 3298 1251 3369 pro
1277 3279 1489 3368 monasterio
1517 3280 1790 3355 AndrzeorIeusi

230 3399 399 3472 decimam
434 3387 680 3489 manipularem
716 3403 754 3469 et
787 3398 1007 3490 canapulem,
1038 3403 1074 3472 et
1107 3399 1206 3471 valor
1240 3401 1316 3472 eius
1342 3401 1547 3484 aestImatur
1574 3403 1646 3473 ad·
1647 3448 1790 3476 ......

230 3517 394 3592 Confluat
420 3573 561 3590 ......
901 3615 906 3626 ,

335 3638 546 3730 Wocrezn,
573 3639 656 3710 villa
682 3639 746 3710 sub
772 3639 939 3730 parocbia
974 3639 1017 3712 de
1045 3637 1326 3731 Gyemyelno
1353 3642 1441 3731 sita,
1468 3643 1566 3714 cuius
1593 3646 1789 3734 proprietas

231 3761 356 3856 natalis
389 3761 439 3831 ad
467 3759 715 3832 monasterium
743 3759 1023 3832 Andrzeoviense
1050 3761 1213 3850 pertinet.
1253 3760 1293 3832 Io
1320 3782 1388 3850 qua
1414 3767 1495 3832 sunt
1520 3763 1611 3834 lanei
1639 3767 1790 3836 cmetbo

231 3881 342 3978 noles·
357 3886 393 3952 et
411 3881 568 3972 quilibet
583 3881 688 3954 solvit
713 3901 777 3970 pro
795 3901 901 3952 censu
920 3935 1053 3970 ......
1081 3882 1165 3952 item
1192 3901 1275 3969 ova,
1303 3881 1385 3952 Item
1404 3882 1529 3972 gallos,
1552 3884 1641 3954 item
1659 3903 1788 3974 caseos
1935 3957 1942 3961 .

233 4003 318 4074 Item
346 4002 465 4093 labor,
492 4003 575 4072 item
595 3998 755 4096 pmcodo,
783 4001 1031 4096 itemoaazycp,
1058 4001 1142 4074 item
1168 4001 1347 4086 tabernae,
1375 4001 1457 4074 item
1476 4003 1662 4076 hortulani.
1700 4005 1789 4076 Item

231 4128 287 4194 est
312 4123 349 4194 in
375 4123 495 4196 eadem
522 4121 604 4194 villa
630 4122 762 4213 piscina
789 4141 913 4212 magna
939 4121 1169 4211 coenobialis,
1196 4122 1233 4192 in
1251 4141 1321 4212 qua
1346 4127 1402 4194 est
1427 4123 1668 4215 molendinum,
1696 4126 1789 4216 quod

232 4243 338 4315 solvit
364 4245 450 4322 duas
476 4247 661 4333 metretas,
688 4247 829 4334 practer
855 4243 999 4334 brasea,
1026 4263 1115 4334 quae
1141 4243 1259 4314 omnia
1285 4243 1534 4316 monasterium
1559 4244 1660 4315 tollit
1700 4245 1789 4317 Item

232 4363 401 4436 dammam
427 4370 507 4455 post
532 4385 636 4454 agros
662 4365 764 4436 villae
791 4365 930 4436 solvunt
955 4369 992 4436 et
1015 4363 1212 4435 conducunt
1238 4365 1437 4435 emethones
1463 4385 1528 4454 pro
1546 4367 1790 4457 praepositura

233 4486 270 4556 in
297 4483 597 4578 Gyemyclno,
625 4489 660 4555 et
687 4484 787 4557 valor
812 4486 886 4557 eius
914 4485 1119 4556 aestimatur
1146 4483 1190 4555 ad
1272 4538 1280 4554 .
1299 4539 1333 4554 ..

319 4605 556 4708 quaszuow,
592 4605 676 4680 villa
711 4607 776 4678 sub
802 4606 969 4697 parochia
1004 4605 1171 4678 ecclesiae
1212 4604 1255 4676 de
1282 4604 1540 4678 Andrzeow
1566 4608 1651 4698 aiio,
1693 4609 1790 4681 culus

233 4729 434 4819 proprietas
447 4728 567 4802 totalis
586 4728 631 4800 ad
649 4728 895 4803 monasterium
911 4727 1192 4798 Andrzeoviense
1205 4727 1366 4816 pertinet
1392 4727 1511 4818 Inque
1524 4735 1686 4803 nunaunt
1698 4729 1790 4802 lanei

234 4849 491 4938 cmethonales,
518 4850 766 4921 monasterium
794 4849 883 4920 enlm
904 4845 1185 4920 Andrzeoviense
1223 4851 1368 4938 propter
1393 4848 1687 4940 propinquitatem
1714 4850 1790 4940 loci,

237 4975 275 5040 et
301 4971 497 5041 ubertatem
525 4983 703 5069 agrorum,
732 4968 972 5040 cmethonibus
998 4968 1180 5057 depositis,
1208 4987 1327 5038 omues
1354 4987 1457 5058 agros
1484 4969 1586 5041 villae
1613 4969 1790 5060 praelatae

235 5092 272 5162 In
299 5090 480 5181 praedium
516 5096 552 5162 et
586 5091 764 5182 grangiam
792 5088 947 5178 redegit,
984 5089 1019 5160 in
1046 5088 1107 5161 illo
1143 5109 1279 5179 quoque
1316 5089 1460 5179 praedio
1496 5089 1657 5161 foventur
1682 5091 1791 5162 multa
1845 5102 1849 5110 '

234 5231 380 5302 pecora,
407 5209 451 5282 ad
478 5231 561 5282 usus
588 5210 788 5283 monasterii
815 5208 1020 5297 necessaria,
1049 5208 1092 5292 de
1120 5209 1216 5299 agris
1243 5215 1359 5308 autern
1386 5209 1521 5300 praedii
1547 5210 1694 5301 praefati
1721 5233 1789 5282 non

236 5333 342 5404 solvit
362 5321 480 5404 'alicui
514 5331 680 5404 ducturam
717 5327 985 5420 manipularem,
1023 5329 1086 5400 sed
1122 5331 1376 5402 monasterium
1415 5331 1695 5403 Andrzeoviense
1727 5353 1791 5422 pro

239 5474 275 5524 se
302 5452 397 5534 illam
424 5451 526 5542 tobit,
554 5457 589 5524 et
615 5453 651 5524 iu
669 5448 832 5524 borreum
860 5473 957 5523 suum
986 5450 1128 5522 inducit.
1168 5450 1256 5524 Item
1283 5452 1320 5522 in
1346 5450 1467 5529 eadem
1493 5453 1577 5524 villa
1603 5458 1685 5525 sunt
1711 5454 1792 5525 bor·

105 5597 106 5602 ¹
241 5575 396 5648 tulanIae
432 5574 599 5648 babentes
614 5655 620 5668 ¹
634 5593 755 5663 agros,
799 5577 835 5644 et
872 5572 1050 5662 quaelibet
1084 5572 1282 5644 hortulanis
1397 5628 1431 5643 ..
1478 5573 1566 5644 Item
1601 5575 1637 5645 in
1672 5575 1794 5646 eadem

238 5697 332 5787 villa,
350 5701 405 5767 est
431 5692 533 5766 uinea
558 5695 778 5782 monasteriI,
805 5713 848 5766 ex
877 5715 945 5784 qua
971 5693 1236 5766 administratur
1271 5695 1389 5765 viarm
1415 5695 1461 5765 ad
1478 5696 1667 5786 sacrificia,
1694 5702 1731 5768 et
1748 5696 1793 5768 ad
