4492 6592
1678 739 1751 810 121
1777 743 1782 752 '

200 937 371 1030 praefatas
399 939 669 1028 Wielunenaem,
696 937 1041 1032 Ostrzesaoviensem
1065 942 1358 1034 Dohraynenaem
1385 943 1469 1016 bem
1486 950 1604 1016 matra
1620 944 1750 1018 Grae

200 1061 343 1152 picae,
380 1059 638 1151 Holsthyn,
675 1059 940 1152 Boholycze
980 1063 1016 1134 iu
1043 1069 1141 1136 terra
1168 1063 1388 1136 Gracoriensi
1424 1065 1660 1157 consistentia,
1689 1067 1749 1139 do-

200 1181 337 1254 natione
365 1186 535 1272 perpetua
553 1180 707 1254 eiusdem
735 1181 966 1254 Ludoviei
993 1185 1086 1276 regis
1114 1186 1271 1274 sortitus,
1297 1186 1373 1256 sive
1399 1186 1583 1258 donatione
1608 1189 1752 1278 propria

93 1383 94 1396 ,
199 1307 317 1392 mepte
345 1309 527 1392 permotus
554 1303 628 1374 sive
654 1301 803 1392 praelati
830 1302 1059 1378 Ludovici
1087 1306 1181 1396 regis
1198 1306 1362 1378 missione
1388 1311 1425 1376 et
1450 1306 1685 1380 admonitione
1711 1313 1752 1380 nt
1812 1305 1816 1310 “

199 1422 300 1513 aliqui
327 1420 466 1514 ferunt,
493 1423 673 1512 inductus,
701 1429 822 1512 utpote
850 1424 909 1516 qui
927 1425 972 1496 ad
991 1425 1147 1498 ordinem
1173 1426 1276 1498 Beati
1294 1425 1394 1498 Pauli
1419 1428 1524 1517 prhui
1549 1429 1749 1519 heremitae,

200 1545 290 1618 cuius
317 1563 448 1634 corpus
474 1543 675 1634 acephalum
705 1551 840 1633 tamen,
877 1566 940 1636 per
967 1545 1251 1667 ,Venetosqcirca
1276 1547 1399 1619 foedus
1433 1549 1529 1638 pacis
1560 1554 1749 1640 perpetuae

198 1687 268 1738 cum
295 1665 369 1736 illis
396 1665 522 1755 ictam,
558 1665 649 1736 douo
676 1672 877 1756 acceperat,
913 1669 1123 1758 singularem
1143 1669 1255 1740 huius
1287 1668 1506 1772 devotionem
1533 1669 1576 1741 de
1603 1671 1750 1742 ecclesia

93 1769 94 1780 ¹
199 1786 387 1878 parochiali
415 1785 560 1858 Sanctae
586 1771 723 1858 Mariae
759 1787 794 1858 in
831 1787 1039 1879 Antiqua
1074 1789 1449 1878 G'zanstochova,
1486 1796 1598 1862 matre
1633 1791 1749 1863 filialis

93 1889 94 1946 7
198 1906 358 1980 ccclesiae
387 1907 424 1978 in
452 1907 579 1998 oppido
606 1905 976 1980 Gzanstochowa·
999 1909 1066 1982 sibi
1084 1910 1295 2001 propinquo,
1313 1909 1554 1982 Gruoovienris
1572 1911 1749 2001 dioecesis,

93 2047 94 2054 ¹
197 2029 235 2100 de
261 2049 436 2100 consensu
462 2021 716 2100 Radlic'zae
752 2029 924 2102 Johannis
951 2030 1190 2104 Gracoviensis
1223 2033 1378 2123 episcopi
1404 2037 1441 2103 et
1465 2031 1611 2104 Henrici
1635 2033 1749 2124 Byel

197 2149 234 2220 de
260 2149 467 2221 Bleszno
486 2149 744 2221 'Oracoviansis
780 2157 817 2222 et
844 2148 1057 2224 Gneznensis
1084 2154 1259 2241 canonici,
1294 2153 1432 2243 plebani
1468 2153 1505 2224 in
1540 2153 1750 2244 Antiqua

197 2270 577 2360 Gzaustochowa,
614 2271 680 2342 viri
707 2271 834 2344 nobilis
861 2271 904 2343 de
933 2272 1034 2344 domo
1062 2271 1236 2366 Ostoya
1271 2280 1395 2364 sponte
1425 2274 1477 2346 illi
1504 2276 1750 2366 renuntiantis,
1888 2274 1892 2279 ’

196 2413 278 2464 anno
304 2391 452 2463 Domini
483 2392 580 2464 1382
617 2411 708 2463 nona
743 2392 800 2464 die
827 2392 996 2484 Augusti,
1032 2397 1279 2468 monasterinm
1314 2394 1463 2466 fratrum
1500 2396 1749 2467 heremitamm

93 2511 94 2524 ³
195 2513 321 2584 ordinis
349 2513 456 2584 Beati
482 2511 583 2590 Pauli
620 2513 722 2616 primi
763 2514 972 2604 heremitae,
1012 2515 1237 2587 militantium
1264 2516 1328 2588 sub
1353 2516 1477 2607 regula
1502 2517 1603 2588 Beati
1629 2515 1749 2607 Angu-

196 2633 272 2706 stini
298 2633 446 2723 fundat3
471 2634 530 2704 cni
557 2635 769 2706 monasterio
797 2635 865 2706 dux
894 2635 969 2725 ipse
995 2637 1179 2726 consignat
1203 2638 1241 2708 in
1267 2637 1385 2709 dotem
1411 2637 1600 2710 donatione
1625 2659 1749 2728 perpe-

195 2755 382 2826 tuarillas
408 2755 523 2845 regias
554 2754 809 2845 Antiquam
851 2753 1218 2830 Granstochowa
1257 2764 1294 2830 et
1332 2757 1630 2848 Krowodrza,
1670 2779 1747 2830 cnm

93 2875 95 2886 ’
196 2876 319 2948 fabrica
345 2876 515 2964 terrificii,
542 2876 739 2948 molendino
766 2883 803 2948 et
828 2877 972 2967 praedio
990 2877 1102 2950 eidem
1128 2879 1374 2969 adiacentibus,
1401 2880 1484 2951 item
1511 2879 1662 2952 decimas
1688 2901 1748 2970 pe
1793 2871 1797 2875 ’

123 2991 126 3000 ⁴
196 2997 341 3068 cusiales
374 2997 614 3068 theloneorum
642 2997 677 3068 in
706 2997 842 3088 oppidis
878 2995 1181 3072 Ostrzechorr
1207 3006 1244 3071 et
1270 3000 1614 3072 Ozanstochow.
1658 3001 1746 3074 ltem

198 3117 342 3188 decimas
375 3117 600 3189 immortales
628 3119 663 3189 in
689 3118 782 3196 villis
810 3118 934 3209 regiis:
964 3117 1279 3212 Gayanczice,
1312 3121 1749 3214 Duorzyszowicze,

196 3237 417 3330 Dupicze,
454 3239 655 3332 Kruplin
693 3244 729 3311 et
763 3238 972 3331 Antiqua
1009 3241 1350 3334 Brzesznycza,
1387 3244 1452 3316 auh
1482 3234 1606 3316 tenuta
1641 3244 1748 3314 castri

93 3347 95 3414 ἒ
197 3359 515 3431 arzesznicza
535 3361 813 3432 consistentibus.
839 3361 927 3434 Item
955 3362 1106 3436 decimas
1132 3363 1385 3436 frumentorum
1412 3371 1450 3436 et
1474 3365 1677 3437 hraseornm
1704 3364 1748 3436 de
1823 3373 1827 3379 '
1932 3359 1936 3366 ’

94 3525 95 3586 3
196 3483 400 3554 molendinis
420 3485 629 3554 constructis
647 3489 684 3554 et
702 3483 943 3556 construendis
962 3485 998 3556 in
1016 3485 1144 3576 oppido
1163 3485 1532 3558 Granatochowa
1558 3492 1595 3558 et
1620 3485 1748 3577 Zary.

94 3645 95 3652 κ
197 3602 274 3674 Item
302 3603 460 3674 decimas
488 3603 599 3674 mellis
624 3605 660 3674 in
680 3603 770 3674 villis
798 3604 904 3695 regiis
930 3603 1342 3695 Przemulowicze,
1367 3606 1749 3696 Przewodzyszo

197 3725 346 3813 wione,
392 3724 725 3816 Bobrowniky,
765 3725 1038 3816 Nadalicze,
1081 3726 1421 3818 Kosszanczin,
1466 3727 1747 3816 Bishupicze

197 3845 419 3917 indistricto
457 3845 711 3935 Holaztinensi,
748 3846 1180 3939 item,Bobrownihy
1214 3857 1251 3920 et
1284 3849 1485 3939 Kamyen
1521 3848 1557 3919 in
1585 3847 1748 3920 districtu

94 3965 95 4000 ³
197 3963 416 4036 Wielunensi
435 3967 681 4056 consistentes,
717 3967 913 4040 libertando
949 3970 1041 4041 hona
1075 3971 1278 4040 monasterii
1312 3969 1482 4060 praedicti
1517 3969 1561 4039 ab
1588 3969 1747 4039 omnibus

94 4079 95 4148 ἶ
199 4088 368 4176 oneribus,
397 4088 539 4158 tributis
567 4094 603 4160 et
630 4087 738 4160 daciis
765 4089 951 4162 ordinariis
978 4096 1014 4161 et
1040 4090 1329 4161 extraordinariis
1354 4089 1537 4161 universis
1572 4088 1669 4160 Haec
1694 4093 1748 4158 ta-

197 4229 268 4278 men
294 4208 455 4280 fundatio
483 4217 522 4280 et
546 4209 679 4282 dotatio
706 4231 769 4301 per
796 4209 989 4301 praelatum
1025 4212 1320 4284 Vladislaum
1356 4211 1475 4283 ducem
1490 4186 1747 4301 =Oppoliensern

94 4333 95 4338 ’
197 4335 271 4400 tuno
295 4329 402 4418 facta
429 4331 526 4421 brevi
554 4331 738 4402 admodum
765 4331 904 4404 duravit
929 4339 1105 4424 tempore,
1134 4333 1230 4406 velut
1254 4354 1314 4422 oo,
1340 4353 1430 4424 quae
1457 4332 1500 4404 de
1526 4331 1640 4402 alieno
1667 4352 1748 4404 con·

197 4452 322 4540 stituta,
350 4451 455 4524 facile
481 4453 577 4524 vires
600 4453 725 4546 amisit.
751 4453 992 4526 Ludovico
1014 4456 1148 4527 etenim
1174 4454 1375 4546 Hungariae
1402 4460 1439 4526 et
1464 4452 1630 4526 Poloniae
1655 4471 1748 4543 rege,

94 4623 95 4626 ,
198 4591 253 4659 pro
280 4573 480 4643 conditione
507 4571 731 4646 mortalitatis
759 4575 923 4664 praelatis
950 4576 1150 4665 subtracto,
1186 4575 1468 4647 Vladislans
1508 4574 1747 4646 Secundus

198 4693 332 4764 nodone
360 4693 555 4765 Lithvanus
583 4693 693 4765 eidem
713 4695 748 4766 in
767 4715 874 4786 regno
893 4695 1058 4768 Poloniae
1086 4697 1283 4786 succedens,
1297 4682 1606 4768 'Vladisloum
1632 4693 1748 4787 Oppo-

94 4781 96 4812 '
198 4813 333 4886 liensem
363 4814 520 4904 ducem,
540 4817 700 4905 quoniam
731 4823 854 4906 sponte
881 4816 1027 4892 ducatus
1055 4825 1090 4890 et
1117 4819 1217 4908 regni
1244 4818 1410 4889 Poloniae
1445 4825 1559 4889 terras
1586 4816 1748 4888 videlicet

128 4949 134 4958 ·
199 4931 456 5025 Vielnnensem,
491 4935 828 5008 Ostraeszoviensem
856 4945 891 5012 et
917 4939 1209 5031 Dohrayneusem,
1236 4945 1273 5011 et
1297 4945 1415 5028 partes
1441 4945 1560 5010 terrae
1586 4936 1748 5009 Gracovi-

201 5056 284 5128 eneis
311 5077 377 5149 per
402 5057 515 5148 ipsum
541 5057 670 5130 iniuste
697 5065 891 5150 occupatas,
918 5059 1118 5151 frequenter
1136 5061 1326 5151 requisitus
1344 5081 1414 5132 non
1431 5059 1610 5146 reddebat,
1637 5077 1748 5148 noque

199 5175 392 5268 homagium
419 5178 462 5250 de
490 5179 558 5249 illis
587 5181 826 5252 consentiebat
852 5182 1027 5271 exhihere,
1055 5185 1167 5272 ipsum
1194 5204 1259 5272 per
1283 5183 1354 5255 vim
1376 5188 1413 5254 et
1429 5203 1528 5252 arma
1554 5185 1659 5269 atque
1687 5199 1749 5269 po-

200 5299 338 5370 tentiam
365 5298 409 5370 de
437 5299 567 5372 eisdem
586 5301 777 5391 propulsat,
805 5303 886 5373 eicit
912 5309 948 5374 et
973 5303 1129 5393 expellit,
1156 5305 1247 5374 etin
1274 5305 1328 5375 sui
1353 5302 1517 5374 facinoris
1544 5300 1747 5372 detestatio·

203 5437 272 5488 nem
298 5420 438 5510 singula
464 5426 541 5492 octa
568 5421 642 5491 eius
669 5422 844 5513 rescindit,
872 5424 982 5496 inficit
1000 5431 1036 5495 et
1054 5423 1205 5494 damnat..
1231 5425 1328 5494 Inter
1353 5441 1443 5512 qnae
1460 5428 1496 5492 et
1512 5420 1748 5492 fundationem

95 5627 96 5634 ἵ
202 5542 395 5612 monasterii
413 5540 759 5616 (lzanstochoviensis
778 5565 841 5635 per
868 5545 1165 5616 Viadislaum
1191 5543 1434 5635 Oppoiiensem
1454 5542 1647 5634 praefatum
1666 5563 1747 5614 con-

95 5653 97 5664 '
202 5655 339 5732 fundens
364 5670 402 5734 et
429 5663 620 5753 abrogans,
656 5687 779 5738 novam
817 5649 970 5738 eiusdem
998 5666 1200 5738 monasterii
1226 5673 1264 5737 et
1290 5667 1401 5756 magis
1425 5665 1632 5738 foecundam
1666 5665 1747 5736 soli'-

296 5829 343 5870 lat.
352 5831 451 5872 Banaflc.
465 5831 509 5873 111.
1546 5817 1559 5862 l
1568 5815 1582 5864 6
