4492 6592
473 734 579 806 rar
672 745 675 750 ·
1116 821 1122 833 k
1608 708 1611 713 ’
1772 820 1782 827 ‚
2105 730 2107 823 l

502 939 709 1013 Goreczslra.
736 939 825 1011 Item
852 937 1045 1039 advocatia¹
1061 943 1117 1009 est
1143 935 1203 1027 ibi,
1232 934 1380 1009 sednon
1403 934 1511 1009 babet
1538 954 1650 1027 agros.
1676 934 1765 1005 Item
1792 932 1940 1024 quilibet
1963 935 2038 1027 appi
2105 920 2107 949 ¹

506 1063 617 1135 danus
643 1060 687 1132 de
714 1060 826 1149 laneo,
853 1064 993 1131 tenetur
1020 1057 1188 1134 ecclcsiae
1215 1057 1250 1129 in
1278 1056 1571 1129 Dubscbicza
1604 1038 1740 1129 solver'e
1767 1074 1963 1127 mensuram
1986 1056 2041 1127 sili·
2106 1106 2107 1111 ,

502 1184 613 1273 ginis,
650 1202 845 1255 mensnram
873 1200 1026 1269 avenae,
1063 1179 1199 1251 ratione
1235 1200 1376 1249 rraeszne.
1421 1178 1508 1249 Item
1536 1176 1705 1267 plebanus
1741 1178 1791 1249 ibi
1826 1176 1936 1247 babet
1959 1199 2040 1269 agras
2106 1188 2107 1261 j

504 1305 682 1397 speciales,
709 1324 772 1393 pro
800 1324 863 1374 sno
891 1301 1053 1392 praedio,
1088 1300 1194 1372 solvit
1228 1307 1345 1372 tamen
1381 1298 1548 1371 decimam
1581 1298 1832 1389 manipularem
1860 1298 1906 1369 de
1931 1296 2041 1377 duabu
2105 1322 2107 1401 l

503 1426 576 1499 suis
603 1424 714 1497 laneis
740 1422 987 1515 praedIalibns,
1014 1443 1078 1513 pro
1106 1422 1319 1495 monasterio
1346 1420 1534 1513 Mogilensi
1561 1421 1597 1495 in
1622 1416 1832 1517 pomilionem
1859 1420 1938 1491 iure
1962 1421 2041 1509 spiri-

503 1547 593 1620 tuali
611 1547 656 1618 in
683 1567 725 1619 eo
752 1544 990 1636 conquisitam.
1017 1544 1107 1617 Item
1136 1543 1302 1617 decimam
1332 1543 1455 1635 canapi
1475 1542 1615 1615 solvunt
1641 1541 1806 1634 oppidani
1834 1562 1901 1632 per
1919 1526 2042 1632 qualum

410 1673 445 1708 '·
503 1670 651 1759 ierugas.
677 1666 766 1740 Item
794 1686 837 1739 ex
864 1665 1114 1767 compositione
1139 1664 1301 1737 arbitrali
1328 1670 1365 1737 et
1392 1669 1570 1757 perpetua,
1596 1664 1742 1763 ecclam
1768 1668 1805 1735 et
1832 1662 2042 1757 plebanusin
2105 1666 2107 1787 l

503 1789 745 1879 DrogInya
771 1809 840 1861 non
868 1786 1080 1879 participant
1105 1786 1308 1879 aliquid-de
1327 1786 1460 1859 decima
1486 1786 1521 1857 iu
1549 1783 1871 1877 Dobscbycze,
1900 1785 1936 1855 in
1962 1806 2042 1874 qmu
2105 1798 2107 1857 l

504 1933 542 1983 se
569 1910 732 1983 dicebant
759 1910 813 1982 ius
840 1908 1022 1997 babuisse,
1060 1908 1120 1979 sed
1149 1907 1397 1980 monasterium
1426 1906 1619 1998 Mogilense
1656 1906 1762 1981 solvit
1789 1908 1842 1980 eis
1869 1906 1969 1984 annis
1990 1908 2043 1989 sin
2106 1902 2107 1985 l

504 2031 596 2123 gulis
624 2030 713 2103 duas
739 2050 875 2105 marcas
902 2035 938 2101 et
963 2034 1041 2101 octo
1069 2048 1249 2101 mensuras
1276 2010 1435 2119 siliginis,
1462 2033 1498 2101 et
1523 2028 1659 2121 integre
1674 2010 1859 2115 'decimam
1887 2028 2028 2120 percipit
2106 2120 2107 2125 Ν

608 2150 792 2241 Wrnunr,
818 2149 902 2223 nilla
927 2150 991 2223 sub
1018 2149 1186 2241 parocbia
1213 2148 1256 2221 de
1283 2149 1649 2226 Dzekanowicze
1675 2150 1754 2241 sita,
1781 2147 1884 2223 cuius
1911 2152 2042 2241 proprie·

505 2281 561 2347 tas
587 2280 624 2346 et
650 2272 845 2353 dominium,
874 2272 918 2345 ad
946 2270 1204 2369 serenissimum
1241 2270 1432 2363 principem
1469 2268 1633 2355 Pelopiae
1670 2292 1789 2365 reqem
1817 2272 1980 2364 pertinet
2014 2272 2042 2345 b
2106 2296 2107 2347 l

505 2416 575 2487 qua
601 2398 684 2466 snut
710 2391 876 2465 tredecim
903 2392 994 2465 lanei
1022 2391 1276 2480 cmctbonales‚
1303 2390 1408 2465 etde
1436 2391 1596 2481 omnibus
1623 2392 1771 2477 solvitm
1797 2398 1837 2476 at
1864 2391 2044 2466 conducitur
2105 2350 2107 2431 i

504 2516 639 2588 decima
673 2513 900 2607 manipularis
936 2521 973 2585 et
999 2513 1176 2603 canapaIIs
1213 2534 1276 2604 pro
1313 2515 1523 2597 monasterio
1561 2514 1747 2607 Mogilepsi
1783 2520 1820 2587 et
1857 2514 1956 2587 valor
1986 2514 2043 2585 eius
2106 2488 2107 2519 Ν

505 2638 711 2710 aestimatur
737 2636 783 2707 ad
809 2634 975 2709 tredecim
1003 2653 1150 2725 mareas
1176 2640 1222 2727 et¹
1238 2634 1321 2725 licet
1347 2635 1493 2722 ecclesia
1514 2642 1552 2709 et
1569 2634 1740 2730 plebanus
1766 2637 1802 2709 in
1830 2636 2044 2711 Daekano

505 2760 644 2831 uicze
680 2778 745 2849 pro
782 2756 917 2830 decima
952 2756 988 2831 in
1016 2755 1212 2849 Vinary‚
1249 2757 1497 2847 monasterinm
1534 2756 1728 2849 Mogilense
1762 2762 1967 2847 vexassent,
1996 2778 2043 2847 per

440 2894 444 2903 ‘
506 2880 714 2953 sententiam
741 2885 858 2951 tamen
885 2877 972 2951 iuris
998 2876 1214 2960 definitivam
1241 2877 1325 2951 victi
1352 2885 1443 2952 amc
1470 2877 1558 2951 Item
1577 2879 1725 2952 taberna
1750 2884 1806 2951 est
1833 2899 1915 2971 una
1941 2898 2043 2970 pamm

506 3023 610 3092 agros
637 3001 788 3091 babens,
816 2998 859 3072 de
886 2999 1012 3091 quibus
1039 2998 1189 3071 decimat
1216 2998 1251 3069 in
1276 2995 1484 3094 panicianum
1511 3020 1575 3091 pro
1602 3000 1824 3073 monasterio.
1871 3000 1958 3073 Item
1981 2998 2042 3071 bor·
2106 3044 2107 3061 ,

506 3123 660 3195 tulaniae
686 3142 755 3195 non
783 3127 876 3194 sunt.
921 3120 1010 3198 Item
1038 3120 1185 3211 quilibet
1212 3119 1255 3193 de
1282 3120 1382 3206 laneo
1410 3126 1551 3200 tenetur
1577 3120 1744 3195 ecclesiae
1769 3121 1806 3193 in
1833 3121 2042 3203 Daskara

507 3245 646 3316 wicze
669 3243 756 3317 duos
783 3241 931 3333 siliginis
957 3246 993 3315 et
1018 3248 1092 3315 tres
1118 3260 1250 3317 avenae
1278 3241 1411 3333 choros,
1439 3242 1574 3315 ratione
1601 3264 1742 3319 rrnszne.
1768 3242 1858 3317 Item
1888 3239 2040 3335 praediun

507 3370 562 3437 est
586 3364 742 3455 regium,
777 3364 821 3436 de
847 3364 945 3437 cuius
971 3363 1065 3457 agris
1093 3362 1242 3446 solutor
1269 3362 1402 3441 decima
1428 3363 1654 3455 manipularis
1681 3363 1849 3442 ecclesiae
1877 3360 2041 3455 parocbiall

509 3486 658 3559 Sanctae
684 3485 822 3558 Mariae
848 3485 884 3562 iu
911 3485 1041 3575 circulo
1067 3483 1306 3573 Gracoqiensi.

612 3607 783 3699 Rnnnrn,
811 3606 894 3686 nilla
920 3606 986 3684 snb
1012 3606 1178 3698 parocbia
1204 3604 1248 3684 de
1276 3604 1642 3693 Dzelranowicze
1669 3609 1755 3701 sila,
1783 3608 1884 3685 cuius
1911 3605 2039 3701 proprie

507 3737 564 3802 tas
591 3735 627 3802 et
652 3728 840 3804 dominium
877 3728 924 3801 ad
958 3728 1218 3817 serenissimum
1254 3726 1446 3823 principem
1472 3727 1638 3823 Polnnirre
1678 3750 1795 3823 rogam
1823 3731 1981 3822 penum
2011 3726 2039 3799 b

509 3871 579 3943 qua
605 3856 687 3923 suut
713 3850 865 3941 quinque
892 3849 983 3924 lanei
1009 3849 1263 3940 cmetbonnles,
1303 3854 1339 3921 et
1365 3848 1408 3921 de
1436 3850 1596 3931 amnibus
1622 3851 1771 3939 solvitur
1797 3858 1836 3933 el
1864 3852 2039 3927 munuum

508 3972 643 4047 decima
669 3971 894 4063 manipularis
922 3977 959 4048 et
984 3970 1163 4065 cauapalis
1189 3990 1253 4065 pro
1281 3972 1493 4063 monastario
1520 3970 1719 4065 MogilensI,
1746 3979 1784 4046 et
1810 3975 1911 4050 valor
1927 3973 1967 4046 ad
1982 3992 2038 4062 sep

508 4101 580 4166 tem
607 4113 751 4165 marcas.
778 4091 866 4165 Item
893 4092 1061 4173 tabernae
1088 4114 1157 4168 non
1185 4098 1286 4183 suut,
1320 4111 1432 4185 neque
1458 4093 1697 4185 hortulaniae,
1735 4116 1852 4188 neque
1879 4094 2039 4188 praelim.

509 4216 596 4287 Item
624 4214 770 4305 quilibet
797 4213 934 4287 cmetho
957 4213 1000 4285 de
1019 4214 1120 4287 laneo
1147 4218 1286 4286 tenetur
1313 4214 1481 4287 ecclesiae
1509 4218 1543 4287 in
1570 4216 1939 4291 Dzelranowicze
1961 4235 2037 4307 paro

509 4336 614 4417 cbiali
640 4336 729 4409 dnos
756 4336 882 4409 choros
909 4334 1058 4426 siliginis
1085 4342 1122 4409 et
1148 4340 1222 4409 tras
1249 4354 1390 4427 avenae,
1417 4336 1553 4411 ratione
1579 4358 1721 4411 maana
1812 4384 1822 4401 ·

612 4456 766 4548 Kourn,
792 4457 877 4529 villa
902 4457 966 4530 sub
993 4457 1159 4549 parocbia
1186 4456 1229 4529 de
1257 4456 1550 4547 Dubscbicze
1577 4458 1655 4550 siu,
1682 4460 1779 4535 cuius
1806 4460 2037 4552 proprietaset

469 4649 472 4654 ,
509 4579 699 4652 dominium
735 4578 780 4651 ad
806 4579 1063 4651 serenissimum
1090 4576 1257 4651 Poloniae
1285 4598 1404 4671 regern
1436 4580 1598 4671 pertinet.
1642 4580 1682 4652 ln
1710 4602 1780 4673 qna
1806 4588 1891 4655 sunt
1916 4580 2035 4674 quinque

510 4701 603 4773 lanei
630 4698 876 4791 emetbonales,
902 4706 938 4772 et
965 4700 1008 4771 de
1035 4700 1194 4773 omnibus
1213 4688 1361 4773 solvitur
1388 4708 1424 4773 et
1451 4700 1655 4785 conducitur
1682 4702 1815 4776 decima
1842 4698 2036 4795 manipularis

510 4829 548 4897 et
575 4822 750 4916 campalis
777 4842 843 4915 pro
869 4823 1078 4897 monasterio
1105 4820 1302 4913 Mogilensi,
1329 4829 1366 4896 et
1394 4812 1493 4905 valm
1519 4825 1724 4902 aestimatur
1741 4824 1788 4899 ud
1805 4826 1954 4919 quinque
1967 4841 2034 4895 uu·

510 4967 578 5019 cas
606 4945 696 5019 Item
721 4945 889 5017 tabernae
916 4966 985 5017 non
1011 4950 1103 5035 sunt,
1131 4965 1200 5016 non
1228 4951 1310 5020 sunt
1337 4946 1565 5037 hortulaniae,
1593 4964 1706 5039 neque
1733 4948 1923 5039 praedium

615 5066 795 5159 Kuzrnnr,
837 5066 921 5142 villa
947 5067 1012 5139 sub
1040 5065 1206 5158 parochia
1232 5065 1276 5138 de
1303 5066 1598 5157 Dobscbicze
1624 5068 1711 5159 sita,
1747 5070 1845 5143 cuius
1872 5065 2033 5163 proprietas

409 5273 414 5288 ,
510 5194 547 5263 et
573 5189 762 5279 dominium
789 5188 834 5265 ad
862 5187 1119 5266 serennsimum
1156 5188 1347 5281 principem
1383 5187 1550 5291 Poloniae
1577 5211 1695 5283 regem
1725 5191 1887 5283 pertinet
1928 5188 2032 5276 lnqn

510 5316 593 5385 sunt
618 5312 786 5390 tredecim
812 5312 905 5385 lanei
932 5310 1177 5403 emetbouales,
1217 5316 1254 5385 et
1280 5310 1323 5388 de
1351 5311 1511 5387 omnibus
1538 5312 1687 5387 solvitur
1713 5318 1749 5387 et
1775 5312 1970 5387 conducitur
1989 5305 2030 5379 de·

456 5520 458 5522 .
510 5433 601 5505 ciue
626 5434 852 5528 maniprdaris
871 5440 909 5507 et
926 5434 1102 5526 canapalis
1129 5454 1193 5525 prn
1221 5433 1433 5507 monasterio
1456 5431 1654 5527 Mogilensi,
1680 5440 1716 5507 et
1742 5434 1842 5507 valor
1867 5435 1937 5507 eius
1953 5424 2031 5502 auti-

511 5561 627 5627 matur
654 5558 699 5629 ad
726 5557 920 5649 quiadecim
947 5571 1091 5631 marcas.
1135 5556 1224 5629 Item
1250 5556 1398 5632 taberna
1432 5562 1488 5629 est
1514 5576 1584 5629 una
1611 5556 1765 5649 scolteti,
1801 5576 1891 5649 quae
1915 5550 2030 5627 declnrt

513 5675 550 5745 in
573 5675 780 5771 pondbwnnr
808 5700 872 5771 pro
900 5678 1122 5753 monasterio.
1150 5678 1238 5785 Item
1258 5676 1477 5753 hortulaniae
1505 5699 1574 5751 nou
1602 5684 1691 5767 sunt,
1719 5698 1787 5763 nnn
1806 5683 1861 5749 est
1878 5670 2030 5767 praelim
