4492 6592
1570 843 1581 854 ,
1653 752 1747 847 eor

299 943 519 1038 Gourrscu,
561 953 714 1022 oestrum
751 951 816 1023 sub
852 953 1018 1044 peroebie
1054 954 1220 1028 eoelesiee
1256 955 1302 1028 de
1326 953 1609 1030 Koleozioze
1634 957 1749 1050 eitum,

194 1066 291 1137 euius
310 1066 509 1158 proprietas
527 1068 571 1140 ed
590 1070 837 1142 monesterium
857 1071 1082 1148 Thinoziense
1100 1074 1264 1166 pertinet,
1282 1077 1347 1148 sub
1365 1081 1521 1167 tempore
1538 1076 1748 1150 Metbiee

194 1190 334 1262 ebbetis
362 1191 609 1284 Tbyuoziensis
635 1192 702 1266 fuit
729 1193 949 1286 demolitum,
986 1195 1047 1268 sed
1082 1197 1147 1268 sub
1183 1201 1339 1287 tempore
1376 1195 1539 1270 Andreae
1572 1195 1749 1274 Oeszlre

193 1311 414 1384 succedentis
439 1312 649 1405 immediate,
676 1313 743 1388 luit
769 1315 1011 1390 instauretum.

294 1430 445 1504 Wouun
472 1435 564 1508 eiree
591 1435 798 1528 anosruu,
824 1436 907 1508 ville
932 1437 997 1508 sub
1023 1439 1189 1527 parochie
1214 1437 1258 1510 (le
1286 1437 1517 1510 erostelr
1543 1439 1622 1528 site,
1648 1428 1746 1512 cuim

193 1551 395 1644 proprietas
420 1553 465 1626 ed
492 1556 738 1630 monesterium
765 1555 808 1630 de
836 1556 1069 1650 Thinyeoz
1095 1558 1258 1648 pertinet
1285 1557 1325 1629 In
1344 1579 1414 1648 que
1439 1563 1521 1632 suut
1546 1559 1639 1630 leuei
1657 1580 1746 1632 eme·

192 1673 365 1764 thoneles,
393 1679 431 1748 et
452 1676 603 1768 quilibet
628 1677 733 1752 solvit
758 1697 823 1769 pro
850 1697 956 1748 oensu
974 1729 1143 1766 .......
1169 1677 1254 1749 item
1281 1698 1366 1766 ove,
1405 1678 1490 1750 item
1515 1679 1638 1768 gallos,
1663 1680 1748 1751 item
1849 1704 1852 1710 ¹

193 1813 323 1884 osseos
351 1795 436 1868 item
455 1795 660 1890 poeoobam3
695 1798 779 1872 item
806 1797 963 1886 teberne,
990 1797 1073 1868 item
1101 1796 1288 1887 hortuloni,
1315 1798 1399 1870 item
1426 1798 1627 1888 preedium3
1663 1800 1747 1872 item

193 1920 246 1988 est
271 1915 324 1988 ibi
352 1916 519 1990 scultetus
545 1918 677 1990 hebens
703 1918 791 1992 duos
817 1918 954 2008 leueos,
980 1923 1017 1990 et
1043 1918 1171 2014 recipit
1194 1923 1331 1990 sextum
1356 1917 1536 1990 (imnum
1562 1918 1607 1991 (le
1633 1939 1748 1992 eonem

193 2037 278 2108 Item
307 2043 391 2127 post
416 2059 535 2111 omnes
562 2060 666 2130 egros
693 2039 840 2150 solvitur
867 2039 1038 2112 deeIme...
1065 2038 1155 2110 Item
1173 2059 1236 2130 pro
1254 2039 1407 2111 aduentu
1432 2039 1571 2112 ebbetis
1597 2040 1749 2112 ometlro·

194 2177 253 2230 nes
280 2157 423 2230 solvunt
450 2159 654 2250 stationem,
688 2160 775 2232 dues
802 2143 984 2232 mensures
1009 2179 1159 2250 euenee,
1186 2179 1293 2251 upum
1318 2160 1455 2232 ootuele
1482 2159 1661 2250 eervisiee,
1687 2179 1749 2232 sex

194 2277 317 2368 pullos,
346 2279 431 2352 item
459 2300 562 2352 unum
589 2301 733 2374 pernmn
760 2279 859 2354 lerdi.

299 2397 570 2491 Kounczrcuu,
597 2400 806 2494 oppidum,
796 2423 832 2474 ιιι
851 2421 919 2492 quo
946 2399 1092 2474 ecelesia
1118 2401 1234 2492 lignee
1258 2399 1476 2492 pmoobielis,
1501 2319 1649 2472 Sendtee
1673 2397 1751 2470 Me-

194 2521 266 2592 riee
291 2520 428 2612 dioete,
463 2522 561 2594 euius
587 2523 784 2614 proprietas
811 2521 856 2596 ed
883 2523 1132 2596 monesterium
1159 2522 1384 2596 Tbinouieuee
1410 2521 1573 2612 pertinet
1611 2520 1653 2592 ln
1679 2541 1747 2611 quo

196 2647 274 2712 sunt
309 2661 435 2714 novem
462 2642 553 2714 lanei
581 2628 852 2735 oppidenorum,
879 2649 915 2714 et
941 2642 1087 2733 quilibet
1113 2643 1219 2714 solvit
1244 2662 1309 2732 pro
1335 2662 1442 2714 ceusu
1468 2694 1599 2731 ......
1633 2646 1746 2724 totum

198 2760 362 2852 oppIdum
390 2761 495 2836 solvil
512 2767 645 2854 septem
672 2783 816 2836 meroes
855 2763 944 2836 Item
963 2767 1018 2834 est
1035 2761 1219 2836 edvoeetie
1243 2762 1280 2833 in
1298 2762 1419 2834 eodem
1445 2761 1589 2854 oppilo,
1615 2761 1755 2834 bubone

109 2895 112 2904 ’
195 2889 266 2954 tres
292 2882 431 2973 laneos,
466 2883 662 2974 dequibus
697 2884 803 2956 solvit
830 2883 996 2956 deeimem
1024 2883 1153 2956 ibidem
1179 2885 1216 2955 iu
1242 2882 1530 2955 Koleezioze
1556 2883 1644 2956 Item
1663 2888 1745 2954 'mo-

195 3001 370 3075 lendinum
396 3003 555 3092 edvoemi
581 3024 700 3094 unum,
727 2999 865 3076 soluens
890 3003 940 3076 ibi
966 3008 1143 3095 metretas,
1169 3005 1253 3076 item
1278 3003 1323 3076 de
1340 3023 1446 3078 oeusu
1471 3003 1579 3076 hebet
1604 3055 1745 3073 ......

197 3122 281 3194 Item
317 3145 389 3198 non
424 3129 479 3198 est
503 3125 552 3198 ibi
579 3125 760 3216 praedium
787 3124 995 3198 ooeuobiele.
1034 3125 1122 3198 Item
1149 3124 1314 3216 oppiduni
1348 3143 1412 3216 pro
1441 3124 1574 3196 decime
1607 3123 1748 3196 solvunt

198 3243 363 3318 eeclesiae
385 3244 646 3319 ZrzenozIn
673 3247 773 3318 annis
791 3245 937 3338 siugulis
964 3251 1114 3338 quotuor
1141 3265 1285 3318 meroes.
1324 3246 1413 3318 Item
1441 3244 1484 3316 de
1502 3245 1616 3317 tribus
1638 3243 1749 3316 leueie
1790 3327 1798 3334 „

199 3365 254 3456 qui
285 3371 457 3466 vocentur
482 3363 713 3454 boobeeloowe,
740 3367 921 3440 solvuntur
946 3367 1159 3440 monasterio
1190 3366 1343 3458 quiuque
1367 3386 1514 3438 mercae
1552 3366 1641 3438 Item
1667 3385 1748 3436 eou-

199 3486 328 3560 suletus
357 3487 392 3558 in
419 3487 495 3578 die,
529 3508 598 3578 que
624 3487 798 3578 eliguntur
825 3487 1003 3578 eonsules,
1039 3487 1147 3560 solvit
1181 3493 1218 3560 et
1242 3487 1305 3560 det
1330 3487 1452 3560 ebbuti
1479 3507 1584 3560 unum
1611 3485 1749 3558 ommle

200 3607 359 3698 eerrisee,
385 3608 472 3680 dues
497 3627 679 3683 mensures
706 3629 851 3698 evenee,
879 3613 1028 3702 quetuor
1054 3608 1179 3700 gellus,
1211 3629 1316 3682 unum
1342 3608 1513 3700 leporem;
1540 3609 1624 3679 item
1651 3606 1749 3698 oppi-

198 3727 274 3800 dani
299 3729 440 3808 renone
456 3751 615 3824 oprawoe
640 3729 780 3802 solvemt
796 3729 914 3802 ebbeti
932 3729 1032 3802 ennis
1051 3728 1198 3820 siugulis
1215 3749 1320 3800 unern
1338 3747 1553 3820 seregenem.
1591 3725 1749 3799 Goufinet

202 3870 272 3922 eum
299 3849 646 3942 Byeszdzedre,
681 3850 969 3940 Dembrowe,
996 3849 1229 3940 Glodewe,
1255 3848 1510 3940 Brzyszlre,
1536 3847 1748 3937 Bulroure,

201 3967 384 4044 Szouue
409 3975 446 4042 et
471 3969 780 4061 Kreyowioze.

251 4151 258 4168 ,
295 4089 580 4182 Kourowrczu,
606 4091 690 4162 ville
716 4091 780 4163 sub
798 4091 963 4182 parochie
989 4089 1032 4162 ele
1050 4089 1331 4161 Koleozieze
1357 4087 1438 4178 site,
1466 4088 1565 4178 euius
1589 4087 1752 4178 proprie·¹
1849 4083 1854 4094 '

201 4213 249 4282 tes
265 4211 310 4282 ed
328 4211 577 4284 monesterium
595 4209 800 4286 Thineiense
818 4211 980 4303 pertinet.
1015 4211 1055 4282 ln
1074 4231 1144 4302 que
1160 4215 1311 4302 quotuor
1328 4209 1421 4286 lenei
1438 4208 1683 4298 ometboneles,
1702 4228 1746 4280 eu

201 4331 317 4420 quibus
336 4332 442 4404 solvit
459 4353 547 4404 unus
564 4353 733 4422 meroem,
748 4331 828 4424 duo
837 4352 901 4424 per
915 4352 1038 4406 norem
1056 4337 1202 4421 soottos,
1220 4333 1304 4404 item
1321 4351 1398 4422 oue,
1416 4331 1500 4402 item
1513 4329 1640 4420 gellos,
1657 4330 1741 4400 item

178 4469 331 4542 meos,
359 4452 442 4523 item
466 4451 573 4544 leber,
600 4453 685 4526 item
712 4452 756 4524 ed
773 4450 953 4548 powobem
970 4507 979 4523 .
997 4507 1006 4523 .
1024 4507 1033 4522 .
1052 4505 1079 4543 .,
1104 4452 1189 4526 item
1207 4472 1276 4524 une
1301 4451 1449 4524 teberne
1473 4449 1605 4523 hebens
1633 4470 1744 4542 egros,

203 4576 236 4644 et
250 4573 354 4646 soluit
379 4593 443 4664 pro
470 4593 576 4646 censu
601 4593 725 4658 uorem
751 4571 904 4646 fertones
930 4578 968 4646 et
985 4572 1072 4650 duos
1099 4593 1279 4646 mensures
1304 4571 1454 4662 humuli;
1480 4572 1564 4643 item
1586 4571 1745 4664 quinque

204 4692 412 4766 hortulonioe
431 4695 600 4768 hebentes
618 4715 736 4786 egres,
763 4695 848 4768 item
865 4715 972 4768 unum
989 4695 1224 4768 molendInum
1242 4693 1444 4769 monosterii
1469 4693 1507 4765 in
1523 4693 1569 4763 W
1577 4692 1746 4785 ysloke

209 4819 240 4884 et
256 4815 359 4888 solvit
377 4836 481 4890 unum
500 4815 670 4890 fertonem
689 4815 732 4888 de
745 4836 831 4908 egro
855 4820 891 4889 et
903 4821 1070 4890 metretas
1089 4815 1134 4888 de
1147 4814 1353 4890 molendino.
1378 4814 1466 4888 Item
1480 4814 1618 4889 ometbo
1635 4809 1746 4908 woloy

204 4933 298 5008 uoluit
324 4937 587 5030 quatuordeeim
616 4957 779 5029 grossos3
812 4938 896 5010 item
932 4943 987 5010 est
1012 4958 1118 5010 uuum
1144 4937 1326 5028 proedium
1352 4935 1569 5024 ooenobiele,
1605 4934 1648 5006 de
1674 4953 1743 5023 quo
1899 5009 1908 5020 ,
2061 4951 2065 4958 ’

205 5055 281 5128 nulli
314 5057 420 5132 solvit
455 5058 640 5150 deciment,
677 5057 738 5132 sed
774 5077 850 5132 eum
884 5079 949 5150 pro
985 5077 1023 5130 se
1058 5058 1162 5130 tollit
1201 5058 1290 5130 Item
1320 5057 1369 5133 ‚de
1403 5077 1490 5147 egro
1525 5055 1584 5146 qui
1619 5053 1748 5126 dieitur

206 5171 343 5251 Reutb
371 5179 510 5271 quondo
547 5179 751 5270 seminetur,
779 5180 961 5254 solvuntur
988 5199 1110 5252 novem
1138 5180 1258 5269 scoti,
1285 5177 1422 5270 quendo
1449 5198 1520 5254 non
1546 5175 1748 5265 seminetur,

205 5315 282 5372 unus
307 5299 405 5372 terto.
445 5301 531 5372 Item
568 5302 612 5374 <le
639 5302 798 5376 omnibus
837 5303 932 5392 egris
959 5302 1178 5372 emetbonum
1214 5306 1252 5370 et
1278 5301 1462 5386 tobernee,
1498 5302 1602 5387 etque
1628 5296 1750 5368 bortu-

207 5414 381 5511 ltuirrum,
412 5421 553 5494 solvunt
587 5426 624 5494 et
649 5421 845 5496 mnuueunt
879 5421 1048 5494 deoimem
1084 5419 1334 5510 menipulerem
1368 5423 1405 5490 et
1439 5417 1658 5508 oenepulem,
1684 5435 1750 5508 pro

209 5543 404 5616 monasterio
432 5541 639 5635 Thiuoieusi,
666 5549 702 5616 et
727 5544 839 5616 uelor-
852 5543 927 5616 eius
954 5541 1159 5614 aestimetur
1184 5539 1231 5612 ed
1249 5558 1312 5612 sex
1339 5557 1482 5610 meroes.
1522 5536 1751 5626 Columbetio,
