4492 6592
474 775 523 844 54

472 983 527 1049 est
552 977 601 1047 ibi
627 975 805 1066 praedium
832 974 958 1045 bonum
987 971 1199 1059 monasterii,
1226 972 1262 1042 iu
1289 975 1363 1041 tres
1389 989 1529 1058 campos
1556 964 1715 1055 divisum,
1741 968 1786 1039 de
1813 970 1938 1059 quibus
1967 969 2026 1040 de·
2117 980 2124 994 ·

472 1099 619 1167 cimatur
645 1117 708 1184 pro
736 1094 881 1164 ecclesia
906 1093 942 1162 in
969 1090 1226 1162 Obraszow.
1253 1091 1341 1160 Item
1360 1090 1527 1160 decimam
1545 1087 1794 1176 manipularem
1816 1096 1898 1178 post
1915 1109 2021 1178 agros

471 1213 684 1305 praediales,
721 1215 804 1284 item
832 1212 1075 1299 cmetbonales,
1102 1212 1269 1282 tabernae
1295 1217 1333 1280 et
1362 1209 1601 1295 hortulaniae‚
1636 1209 1787 1297 percipit
1812 1209 1961 1279 ecclesia
1987 1211 2022 1278 io

471 1335 740 1422 Obraszow,
780 1339 816 1404 et
841 1338 1004 1403 tenentur
1030 1331 1126 1400 illam
1153 1331 1350 1401 emetbones
1378 1329 1541 1410 inducere
1567 1329 1603 1397 in
1631 1329 1794 1397 borreum
1822 1348 1844 1398 a
1868 1329 2022 1418 plebano

470 1456 660 1543 locandum,
687 1461 724 1524 et
749 1453 848 1524 valor
874 1454 949 1526 elus
976 1453 1181 1522 aestimatur
1199 1451 1243 1521 ad
1262 1451 1457 1540 qulndeeim
1482 1467 1628 1535 marcam
1655 1448 1796 1518 solvunt
1821 1450 2022 1546 cmetbones

474 1575 673 1663 canapalem
701 1573 868 1643 decimam
895 1593 959 1660 per
985 1577 1134 1660 quatuor
1156 1572 1304 1658 icrugas.
1330 1570 1419 1638 Item
1436 1588 1506 1637 non
1525 1573 1579 1638 est
1596 1568 1645 1638 ibi
1664 1569 1907 1642 molendinum.
1935 1567 2026 1639 Gon-
2146 1559 2152 1566 ’

471 1693 558 1764 finat
584 1713 660 1762 cum
688 1692 788 1762 villis:
811 1691 1084 1778 ,Wagerczm
1121 1688 1387 1775 Obraszow,
1422 1687 1639 1776 Roschky
1674 1693 1711 1756 et
1744 1688 2027 1779 Dambyaui3

471 1814 562 1882 Inter
588 1811 805 1899 Roscbky
832 1809 975 1898 scopuli,
1003 1807 1086 1878 alibi
1112 1805 1278 1901 opyozdy.

565 1929 802 2017 Onanszorv,
839 1929 922 1999 villa
948 1928 1079 1998 babens
1107 1929 1144 1997 in
1170 1946 1208 1997 se
1234 1926 1414 1996 ecclesiam
1440 1925 1675 2014 parochialem
1707 1926 1866 2014 ligneam,
1896 1926 2027 1997 Sancto

472 2051 578 2121 Petro
606 2049 765 2137 dicatam,
792 2049 889 2118 cuius
916 2047 1114 2135 proprietas
1142 2065 1206 2135 pro
1232 2047 1357 2116 malori
1383 2051 1484 2134 parte
1503 2046 1548 2115 ad
1566 2046 1814 2115 monasterium
1841 2046 2027 2134 bospItaIis

471 2169 588 2239 Sancti
615 2169 766 2257 Spiritus
792 2169 828 2237 in
856 2167 1149 2237 SandomIria
1175 2166 1339 2256 pertinet.
1383 2165 1424 2234 In
1454 2171 1632 2254 quaeunt
1658 2166 1925 2253 quatuorlanei
1952 2187 2026 2236 mo

471 2290 617 2359 nasterii
644 2287 885 2375 emetbonales,
913 2289 1004 2356 inter
1029 2309 1117 2376 quos
1145 2295 1226 2357 sunt
1244 2288 1312 2356 duo
1331 2287 1502 2356 habentes
1519 2305 1624 2373 agros
1650 2286 1836 2374 ampliores
1853 2293 2021 2374 etprata,

473 2429 617 2498 quorum
645 2410 776 2498 prImus
800 2407 908 2516 'solvit
934 2427 998 2495 pro
1026 2427 1132 2478 censu
1157 2427 1260 2477 unam
1288 2425 1495 2494 sexageoam
1513 2412 1551 2475 et
1567 2425 1628 2476 sex
1651 2425 1801 2494 grossos,
1829 2407 1920 2476 alter
1938 2426 2022 2477 vero
2135 2503 2137 2508 .

473 2527 704 2617 quadraginta
731 2533 862 2598 scottos
889 2527 1002 2614 solvit,
1030 2528 1156 2597 tertius
1183 2547 1287 2598 unam
1313 2545 1532 2615 sexagenam.
1575 2525 1662 2595 Item
1690 2547 1760 2595 una
1785 2527 1935 2596 taberna
1960 2527 2022 2595 bo

470 2648 625 2736 spitaIIs,
661 2648 792 2718 babens
820 2647 937 2736 quarti
963 2648 1055 2716 lanei
1083 2667 1187 2735 agros
1213 2654 1250 2716 et
1276 2652 1395 2734 prata,
1431 2652 1468 2715 et
1494 2646 1600 2716 solvit
1635 2667 1738 2716 unam
1764 2667 1915 2716 maroam
1946 2666 2023 2716 cum

469 2767 591 2836 medlo
620 2768 705 2838 Item
733 2767 934 2838 cmetbones
962 2767 1030 2836 duo
1058 2767 1101 2836 de
1128 2767 1237 2836 lancie
1264 2765 1455 2836 maioribus
1490 2766 1631 2836 solvunt
1656 2787 1719 2854 per
1746 2771 1894 2855 quatuor
1919 2786 2023 2855 capo

471 2906 551 2974 nes,
590 2887 672 2957 item
701 2887 744 2957 de
771 2887 927 2976 quolibet
953 2886 1054 2957 laneo
1083 2887 1277 2976 quindecim
1306 2907 1391 2975 ova,
1427 2907 1534 2956 unum
1560 2886 1706 2976 gallum,
1742 2906 1848 2956 unum
1874 2905 2023 2958 casemn.

469 3008 555 3077 Item
583 3025 719 3099 osezycp
747 3025 815 3076 non
843 3006 991 3077 solvunt.
1033 3007 1122 3078 Item
1150 3007 1349 3076 cmetbones
1376 3027 1445 3076 non
1471 3005 1605 3076 faciunt
1629 3006 1786 3094 labores,
1822 3026 1934 3094 neque
1962 3007 2023 3076 du·
2160 3023 2161 3037 ¹

467 3135 593 3196 cturas.
620 3126 707 3195 Item
727 3131 781 3194 est
799 3126 847 3195 ibi
866 3147 935 3195 una
953 3127 1107 3215 taberna,
1135 3127 1267 3196 babens
1294 3145 1407 3214 agros,
1435 3147 1525 3215 quae
1550 3126 1656 3196 solvit
1681 3147 1785 3196 unam
1812 3145 1890 3195 cum
1907 3125 2022 3196 media

467 3265 618 3315 marcam
644 3245 871 3332 monasterio,
907 3246 1038 3315 babens
1064 3252 1227 3335 quartum
1255 3246 1401 3316 laneum.
1445 3245 1533 3316 Item
1560 3247 1759 3316 emetbones
1790 3266 1895 3316 unum
1924 3247 2015 3316 diem

466 3365 677 3436 falcastrant.
721 3365 807 3434 Item
835 3386 903 3435 non
931 3371 984 3434 est
1011 3367 1058 3436 ibi
1085 3358 1264 3454 praedium
1300 3366 1675 3453 aliquod'coenobiale.
1698 3366 1807 3435 ‘Item
1835 3387 1904 3435 nou
1932 3375 2015 3436 suut

466 3484 693 3555 hortulanIae.
737 3484 824 3554 Item
852 3486 1051 3555 cmetbones
1078 3486 1244 3556 laborant
1267 3486 1354 3555 duas
1375 3484 1548 3578 pacatos,
1574 3491 1612 3556 et
1638 3486 1744 3555 semel
1770 3487 1806 3554 iu
1834 3505 1925 3555 anno
1953 3507 2017 3555 va-

467 3603 554 3675 dunt
581 3624 644 3693 pro
671 3605 873 3692 roboribus,
902 3625 1107 3694 quamquam
1135 3607 1266 3676 babent
1292 3606 1379 3676 duos
1405 3607 1603 3676 ometbones
1630 3613 1666 3676 et
1692 3627 1796 3676 uuam
1822 3606 2015 3676 tabernam.

464 3703 553 3794 Item
581 3730 662 3794 sunt
689 3726 737 3794 ibi
764 3731 836 3795 tres
864 3725 1013 3796 nobiles:
1049 3726 1212 3796 Nicolaus
1239 3726 1558 3817 Brunyowsky
1592 3727 1636 3797 de
1668 3727 2003 3816 Bippeunibus

464 3841 643 3914 Jobannea
671 3843 855 3934 Gamba,
884 3845 1010 3916 Petrus
1037 3845 1194 3935 Krupa
1220 3846 1263 3917 de
1291 3847 1525 3936 Tarnawa,
1553 3853 1590 3917 et
1616 3848 1747 3917 babent
1770 3849 2012 3937 triapraedia,

461 3947 502 4034 ¹et
528 3966 658 4035 babent
685 3967 884 4036 cmethones
912 3973 948 4036 et
975 3967 1180 4038 hortolanos
1207 3968 1394 4056 specialem
1422 3965 1548 4056 Gaba
1574 3968 1680 4038 babet
1707 3989 1810 4037 unam
1837 3970 2017 4039 tabernam

463 4091 498 4154 et
524 4107 627 4154 unam
655 4087 909 4174 hortulaniam,
951 4089 1035 4158 item
1062 4088 1315 4177 molendinum,
1356 4089 1448 4176 quod
1484 4088 1589 4158 soluit
1624 4088 1772 4157 mediam
1800 4109 2018 4178 sexagenam.

463 4204 551 4274 Item
579 4226 697 4274 omnes
726 4207 801 4293 agri
828 4207 1047 4276 cmctbonum
1074 4215 1148 4277 tam
1174 4208 1425 4278 coenobiaIIum
1453 4229 1555 4295 quam
1584 4209 1794 4295 militarium,
1822 4209 2017 4296 praediales

464 4330 500 4392 et
527 4325 693 4394 tabernae
721 4325 860 4394 solvunt
887 4325 1052 4396 decimam
1080 4327 1345 4416 manIpuIarem‚
1372 4336 1409 4396 et
1435 4347 1498 4415 per
1525 4334 1677 4416 quatuor
1701 4330 1840 4418 Ierugas
1867 4349 2017 4417 canapa-

462 4443 530 4510 lem
557 4443 723 4512 ecclesIae
750 4444 786 4512 in
813 4441 1080 4534 Obraszow,
1108 4447 1206 4516 cuius
1234 4447 1332 4517 valor
1360 4450 1564 4518 aesbmatur
1591 4449 1635 4518 ad
1663 4449 1843 4519 duodecim
1870 4468 2016 4519 marcas.

463 4559 623 4631 (lonfinat
650 4581 726 4633 cum
753 4563 854 4633 viIIIs:
881 4565 1176 4654 Zorawycze,
1213 4566 1552 4656 Binarczyeze‚
1580 4568 1776 4658 Itoszky,
1804 4568 2015 4658 Malycze

465 4677 507 4747 W
519 4681 732 4769 yeprzky.

566 4798 802 4888 Scznannow,
831 4801 915 4870 villa
940 4804 1005 4874 sub
1023 4804 1190 4891 parocbia
1216 4805 1382 4876 ecclesiae
1408 4806 1452 4876 de
1479 4807 1823 4897 Swyeczecbow
1850 4807 1926 4896 sita,
1954 4827 2013 4878 cu·

460 4920 514 4990 ius
541 4921 738 5008 proprietas
765 4919 809 4989 ad
836 4925 1083 4993 monasterium
1111 4925 1295 5013 hospitalis
1321 4927 1484 5014 pertinet;
1511 4927 1548 4996 in
1574 4947 1644 5015 qua
1662 4935 1796 5015 septem
1822 4928 2013 5000 sunt-lanei

459 5039 708 5128 cmetbonales,
738 5047 774 5110 et
801 5041 947 5129 quilibet
974 5043 1077 5114 solvit
1113 5064 1177 5132 pro
1205 5065 1311 5115 censu
1339 5067 1444 5116 unum
1470 5045 1672 5122 fertonem·
1694 5047 1783 5118 Item
1812 5049 2010 5118 emetbones

459 5167 578 5236 serunt
605 5179 707 5250 agros
734 5161 929 5249 praeIIales
964 5181 1028 5250 pro
1056 5183 1139 5234 vere
1165 5173 1202 5234 et
1228 5165 1371 5255 hyeme,
1408 5175 1445 5236 et
1472 5174 1550 5236 sata
1576 5174 1711 5238 metunt
1747 5175 1784 5238 et
1811 5168 2010 5256 disponunt,

458 5287 562 5369 atque
589 5281 785 5351 conducunt
812 5282 848 5350 in
875 5283 1037 5352 borreum
1066 5285 1276 5372 coenobiale,
1303 5265 1453 5356 sednon
1480 5286 1642 5358 laborant
1668 5287 1752 5358 dies.
1779 5288 1867 5358 Item
1886 5296 1941 5357 est
1959 5289 2010 5358 ibi

457 5400 636 5486 praedium
664 5401 882 5489 coenobiale,
917 5402 1054 5474 solvens
1082 5404 1251 5475 decimam
1278 5407 1527 5495 manipularem
1555 5407 1719 5478 ecclesiae
1746 5409 1782 5477 iu
1808 5409 2007 5478 Suecze·

458 5518 589 5586 cbow.
625 5519 712 5589 Item
740 5521 783 5591 de
809 5521 910 5592 laneo
938 5524 1131 5611 quindecim
1159 5547 1234 5614 ova,
1262 5547 1351 5596 uuus
1368 5528 1491 5616 gallus,
1519 5549 1607 5597 unus
1625 5547 1755 5596 caseus.
1782 5527 1870 5598 Item
1888 5527 2006 5598 taber-

456 5655 502 5708 na
527 5655 597 5707 una
623 5639 754 5712 babens
780 5663 893 5734 agros,
920 5653 956 5715 et
982 5643 1087 5716 solvit
1113 5665 1177 5734 pro
1205 5665 1312 5717 censu
1337 5648 1487 5718 mediam
1505 5621 1669 5717 marcam
1692 5623 1781 5717 Item
1809 5647 2008 5719 hortulania
