4492 6592
1724 768 1793 848 191

255 979 501 1058 monasterium
531 979 761 1056 Tbinczieuse'
783 980 955 1074 pertinet
970 979 1011 1056 ln
1030 1004 1098 1074 qua
1116 987 1277 1056 suntsex
1294 979 1522 1071 hortulaniae,
1539 981 1630 1056 lanei
1649 983 1801 1055 cmetbo-

106 1108 107 1115 ’
248 1105 342 1176 nales
369 1126 436 1178 non
467 1113 557 1193 sunt,
584 1111 620 1190 et
647 1105 752 1176 solvit
779 1105 925 1195 quilibet
951 1105 1155 1177 hortulanus
1182 1105 1329 1176 mediam
1348 1125 1519 1192 marcam3
1545 1106 1629 1175 item
1647 1127 1713 1176 ova
1730 1127 1801 1178 non

248 1225 407 1315 solvunt,
434 1227 517 1296 item
545 1245 664 1310 caseos
691 1247 774 1296 non.
788 1226 944 1314 solvunt;
981 1227 1063 1298 item
1090 1226 1201 1316 gallos
1228 1226 1315 1296 dnos
1343 1225 1500 1315 solvunt,
1527 1226 1610 1296 item
1638 1226 1799 1298 laborant

196 1413 198 1418 ,
249 1367 352 1418 unum
380 1346 471 1420 diem
490 1347 527 1418 iu
545 1347 755 1436 septimana,
783 1347 929 1436 quilibet
946 1347 1087 1436 proprio
1107 1367 1211 1418 curru
1229 1352 1291 1424 aut
1307 1352 1436 1436 aratro,
1454 1347 1483 1418 si
1502 1345 1593 1436 opus
1605 1345 1720 1435 uerit,
1738 1354 1801 1419 aut

246 1466 402 1556 pedibus,
429 1469 512 1539 item
532 1464 727 1562 potandum,
755 1468 837 1538 item
865 1487 1023 1561 osczyep5
1051 1469 1133 1538 item
1160 1467 1328 1536 tabernae
1354 1488 1423 1539 uon
1450 1475 1541 1554 sunt,
1568 1468 1651 1538 item
1677 1469 1798 1539 bonuz

245 1587 370 1674 laniae,
397 1589 481 1658 item
508 1587 688 1677 praedium
716 1586 918 1690 coenobiale·
941 1593 996 1658 eat
1023 1587 1090 1674 ibi,
1118 1587 1161 1656 de
1188 1588 1285 1658 cuius
1312 1587 1407 1676 agris
1434 1568 1680 1658 monasterirlm
1707 1588 1800 1660 tollit

246 1729 308 1797 pro
337 1728 375 1778 se
402 1709 580 1780 decimam.
606 1707 694 1780 Item
723 1727 840 1778 omnes
867 1707 942 1796 agri
970 1707 1073 1778 villae
1100 1707 1242 1778 solvunt
1268 1708 1435 1778 decimam
1463 1709 1702 1780 tantummodo
1728 1729 1800 1800 ma—
1926 1795 1933 1808 .

246 1827 438 1917 nipularem
452 1834 502 1898 'et
529 1848 597 1898 nou
619 1827 846 1918 canapalem,
875 1833 910 1897 et
939 1826 1136 1898 conducunt
1161 1848 1239 1898 eam
1264 1829 1302 1898 in
1328 1827 1492 1898 borreum
1519 1827 1737 1918 coenobiale,
1764 1835 1801 1900 et

247 1948 344 2020 valor
372 1949 446 2019 eins
474 1949 679 2019 aestimatur
706 1949 750 2018 ad
778 1953 927 2037 quatuor
954 1967 1098 2020 marcas.
1125 1946 1286 2020 Confluat
1312 1969 1389 2018 cum
1417 1946 1669 2039 Thinyecz,
1695 1949 1800 2021 Slra·

247 2070 372 2160 vina,
399 2068 656 2144 Jurczicze.
897 2141 905 2174 ,Ι

350 2189 565 2280 Szvnzrrm,
593 2191 766 2264 villasub
789 2190 954 2280 parocbia
979 2190 1145 2263 ecclesiae
1172 2190 1215 2262 de
1242 2189 1457 2262 Skavina
1482 2192 1569 2281 sita,
1596 2192 1693 2262 cuim
1719 2212 1799 2282 pro·
1921 2261 1933 2280 .-

247 2313 378 2402 prietas
405 2311 449 2384 ad
469 2313 714 2382 monasterium
743 2310 948 2384 Tbinciense
976 2312 1137 2400 pertinet.
1178 2311 1218 2380 ln
1237 2332 1306 2401 qua
1333 2317 1415 2382 sunt
1440 2333 1502 2383 sex
1530 2312 1622 2382 lanei
1649 2314 1800 2385 cmetbo·
1860 2349 1864 2360 ·

247 2433 340 2505 nales
367 2439 404 2504 et
423 2432 568 2522 quilibet
594 2432 700 2504 solvit
727 2453 789 2522 pro
809 2452 913 2502 censu
940 2451 1054 2502 annuo
1082 2452 1144 2535 sea
1170 2451 1320 2522 grossos,
1347 2432 1431 2502 item
1458 2453 1541 2521 ova,
1569 2434 1653 2504 item
1678 2434 1799 2525 gallos,
1905 2442 1910 2447 ’

106 2625 107 2648 ἦ
246 2554 329 2624 item
356 2573 495 2643 caseos,
531 2554 614 2634 item
640 2552 779 2634 laborat
807 2551 952 2642 quilibet
979 2551 1070 2622 diem
1097 2573 1202 2624 unum
1235 2552 1271 2624 in
1299 2553 1491 2642 septimana
1517 2555 1661 2644 proprio
1688 2557 1793 2626 cnrr‘u

106 2669 107 2708 ³
246 2681 281 2746 et
307 2675 503 2746 conducunt
537 2674 632 2764 ligna
664 2694 728 2764 pro
764 2674 993 2762 monasterio,
1029 2674 1181 2763 quinque
1217 2673 1371 2744 cassulae
1406 2675 1441 2744 in
1468 2676 1639 2765 principio
1674 2677 1796 2748 messia

106 2813 107 2882 j
246 2801 410 2872 tenentur
437 2801 586 2882 metere,
613 2794 739 2866 abinde
758 2815 841 2865 vero
860 2794 996 2866 laborat
1014 2794 1161 2884 quilibet
1187 2794 1274 2866 duos
1302 2795 1377 2866 dies
1402 2795 1439 2866 in
1457 2796 1663 2886 septimana,
1690 2785 1800 2887 usque

246 2917 288 2988 ad
323 2915 450 2988 testum
485 2914 689 3018 Natiuitatis
723 2915 871 2986 Sanctae
906 2913 1050 2986 Mariae.
1103 2915 1191 2986 Item
1226 2937 1403 3009 oprowom
1438 2916 1579 2988 solvunt
1613 2919 1649 2988 in
1684 2918 1800 2990 tribas

106 3043 107 3064 ³
247 3039 382 3126 magnis
408 3037 546 3108 iudiciis
573 3057 635 3126 per
661 3037 828 3112 tredecim
856 3035 1026 3108 denarios.
1066 3035 1154 3106 Item
1182 3041 1236 3106 est
1261 3037 1310 3106 ibi
1337 3037 1485 3108 taberna
1511 3058 1594 3127 una,
1621 3020 1704 3110 item
1730 3060 1800 3110 non
1846 3063 1853 3073 ·

244 3165 325 3228 sunt
351 3151 586 3246 hortulaniae,
616 3158 706 3228 item
733 3178 801 3229 non
829 3163 882 3228 est
917 3157 1110 3247 praedium,
1144 3157 1293 3228 taberna
1329 3156 1486 3246 praefata
1523 3159 1660 3235 rabone
1687 3161 1805 3250 horti,

243 3279 280 3348 in
307 3299 376 3368 quo
402 3276 469 3348 fuit
504 3277 585 3350 olim
613 3298 695 3348 area
730 3278 972 3366 cmetbonalis,
1008 3277 1112 3348 solvit
1139 3297 1242 3348 unam
1269 3297 1430 3348 marcam.
1469 3277 1556 3352 Item
1592 3281 1669 3368 agri
1696 3279 1799 3350 villae

243 3398 474 3470 diversimode
501 3399 643 3470 solvant
659 3398 826 3469 decimam
855 3398 1118 3490 manipularem,
1143 3419 1224 3468 nam
1252 3420 1322 3470 uno
1339 3419 1430 3470 anuo
1457 3399 1501 3470 de
1518 3405 1594 3472 tota
1612 3400 1704 3491 nlla,
1721 3410 1801 3490 per-

219 3519 330 3608 'cipit
357 3511 455 3590 illam
479 3518 680 3610 praebenda
703 3517 942 3591 Oracovienais
960 3503 1165 3609 Zyrawska,
1194 3519 1307 3590 altero
1334 3539 1418 3590 vero
1439 3541 1530 3590 anno
1549 3521 1698 3610 percipit
1724 3541 1800 3592 ean

106 3631 107 3656 ³
243 3639 462 3735 praebendae
489 3639 729 3722 cracoviensis
757 3631 888 3712 vicaria
914 3641 1027 3712 dictae
1055 3638 1274 3729 Tbopolslva,
1300 3640 1344 3710 de
1363 3640 1535 3730 aliquibus
1563 3647 1679 3712 antem
1705 3643 1800 3731 agris

243 3761 393 3855 percipit
419 3761 718 3858 eam-praebenda
744 3759 983 3834 Oracoviensis
1010 3761 1253 3832 Zakrzowska
1293 3761 1379 3832 Item
1407 3762 1443 3831 in
1461 3761 1581 3832 eadem
1609 3762 1694 3832 villa
1719 3775 1800 3834 sunt
1880 3778 1886 3797 ’

247 3881 358 3974 lanei,
386 3884 445 3974 qui
463 3883 638 3973 pertinent
655 3881 699 3954 ad
718 3883 968 3974 proprietatem
987 3882 1109 3954 altaris
1241 3880 1402 3952 Continet
1420 3900 1496 3952 cum
1524 3880 1580 3952 Sl
1592 3883 1800 3983 othnilry,

186 4083 189 4092 ,
242 4001 626 4094 Opatbkovvicze,
653 4001 989 4094 Korambuiky,
1010 4001 1220 4074 Skawiua
1246 4007 1282 4072 et
1309 4001 1562 4093 Tbynyecz.

348 4125 656 4214 Bovnuouvcze‚
684 4124 766 4197 villa
784 4125 849 4196 sub
867 4125 1031 4214 parocbia
1058 4125 1101 4194 de
1129 4124 1344 4195 Skawiua
1370 4124 1457 4210 sita,
1484 4125 1582 4195 cuius
1600 4127 1798 4215 proprietas

105 4256 107 4324 ζ
144 4269 148 4280 ’
243 4247 288 4318 ad
315 4247 563 4318 monasterinm
600 4244 825 4318 Thincaiense
861 4247 1023 4335 pertinet.
1061 4245 1101 4316 ln
1129 4265 1198 4336 qua
1233 4251 1315 4316 sunt
1346 4245 1438 4316 lanei
1473 4247 1727 4336 cmetbonales,
1763 4255 1800 4320 et

246 4369 353 4440 solvit
381 4368 528 4458 quilibet
547 4422 733 4457 ........
771 4368 852 4438 item
886 4389 968 4456 ova,
1005 4369 1087 4438 item
1124 4368 1254 4457 gallos,
1290 4368 1372 4437 item
1405 4388 1543 4455 caseos,
1579 4369 1663 4440 item
1690 4369 1800 4459 labor,

106 4491 107 4558 ἶ
246 4489 331 4561 item
352 4487 549 4584 powudom,
576 4489 658 4560 item
677 4509 833 4582 oaszpep;
861 4487 942 4560 item
970 4488 1137 4568 tabernae
1163 4510 1234 4562 nou
1252 4495 1350 4577 sunt,
1378 4510 1446 4558 nou
1473 4495 1555 4560 sunt
1572 4489 1801 4579 hortulaniae,

106 4673 107 4684 ,
203 4661 205 4666 -
242 4611 327 4682 item
355 4610 536 4700 praedium
564 4614 704 4680 nonest
731 4608 888 4700 amplius.
926 4609 1012 4680 Item
1041 4629 1159 4682 omnes
1187 4607 1263 4698 ag'ri
1282 4608 1384 4681 villae
1403 4610 1544 4682 solvunt
1562 4611 1751 4684 decimam.
1767 4665 1798 4701 .,

106 4793 107 4828 ,
243 4730 337 4802 Villa
365 4729 523 4822 praelata
548 4730 614 4803 iam
644 4735 785 4800 nonest
811 4731 845 4800 iu
870 4747 984 4802 rerum
1013 4736 1156 4819 natura,
1183 4729 1311 4820 oppido
1337 4730 1428 4800 euim
1455 4729 1669 4803 Slravina
1694 4733 1801 4804 unita.

106 4871 107 4882 ¹
243 4861 314 4942 ast,
343 4859 381 4924 et
408 4872 526 4924 omues
554 4852 630 4942 agri
658 4853 751 4942 eiua,
779 4851 961 4942 oppidanis
988 4850 1262 4923 Skavinensibus
1289 4851 1479 4942 distributi.

345 4974 557 5064 Bunuvvva,
586 4973 669 5044 villa
695 4973 759 5044 sub
778 4973 945 5062 parochia
972 4973 1138 5047 ecclesiae
1165 4973 1209 5044 de
1236 4972 1453 5044 Slravvina
1480 4974 1564 5062 sita,
1593 4975 1690 5046 cuins
1716 4995 1798 5065 pru-

243 5098 372 5184 prietes
410 5090 461 5166 ad'
491 5095 739 5166 monasterinm
777 5093 1007 5170 Thineziense
1040 5095 1203 5184 pertinet
1250 5095 1292 5166 In
1328 5115 1397 5184 qua
1410 5102 1514 5166 ‘sunt
1549 5115 1670 5175 novem
1692 5097 1800 5168 'lanei

198 5259 200 5268 ‹
243 5216 476 5288 cmetbonales
504 5220 538 5286 et
556 5222 629 5286 tres
648 5215 882 5304 hortulaniae,
910 5221 945 5286 et
965 5215 1110 5306 quilibet
1137 5215 1243 5318 solvit
1265 5236 1328 5305 pro
1348 5235 1450 5286 censu
1469 5215 1617 5286 mediam
1633 5237 1798 5306 marcam,

116 5391 151 5444 Ι.
246 5337 324 5410 item
354 5359 421 5412 ova
449 5338 701 5429 qninquaginta
728 5357 861 5425 omnes,
889 5337 970 5408 item
989 5337 1100 5426 gallos
1128 5334 1274 5426 quilibet
1300 5336 1405 5425 duos,
1433 5337 1514 5407 item
1533 5356 1654 5410 caseos
1681 5359 1800 5412 omnes

244 5461 278 5556 in
314 5459 489 5532 communi
526 5458 663 5548 decem
698 5459 780 5528 item
815 5458 914 5530 labor
951 5458 1189 5554 cmetbonum,
1230 5456 1436 5534 falcastrant
1470 5462 1626 5547 pratum,
1661 5457 1800 5532 loeuum

244 5581 425 5676 colligunt,
453 5587 490 5652 et
507 5580 704 5652 conducunt
730 5579 766 5649 in
785 5579 964 5670 praedium
983 5579 1202 5663 monasterii3
1229 5578 1333 5650 datur
1360 5578 1412 5650 eis
1439 5579 1617 5670 cerevisia,
1644 5582 1745 5652 aries
1763 5589 1801 5656 et

244 5705 358 5794 panis,
395 5705 479 5780 itam
507 5722 651 5792 pernam
679 5700 769 5771 lardi
797 5701 952 5788 solvunt,
980 5705 1041 5770 aut
1066 5698 1254 5788 fertonem,
1281 5699 1366 5777 item
1392 5721 1498 5774 mum
1525 5702 1661 5774 caule
1688 5705 1799 5776 cervi.
