4492 6592
1598 854 1600 863 ¹
1703 759 1777 870 ror

223 965 409 1051 cantatam,
437 958 621 1053 aliqnando
649 959 773 1034 lectam
801 961 871 1036 illic
906 961 1054 1054 explent,
1093 921 1251 1038 omnibus
1287 967 1384 1040 boris
1419 967 1597 1040 canonicis
1634 977 1774 1042 noctur·

91 1081 93 1092 ’
222 1083 273 1152 nis
298 1089 336 1152 et
362 1083 499 1154 diurnis
526 1084 562 1154 in
589 1083 735 1154 ecclesia
761 1090 903 1155 cantare
929 1085 1105 1177 neglectis
1133 1088 1259 1158 iustam
1283 1095 1319 1158 et
1335 1089 1484 1178 rigidam
1503 1091 1777 1178 quaerimoniam

222 1209 342 1274 contra
371 1223 410 1274 se
438 1225 460 1274 a
485 1203 670 1276 fundatore
706 1225 826 1277 eorum
862 1212 898 1278 et
925 1206 1085 1282 dotatore
1112 1207 1258 1281 ivone
1283 1209 1445 1300 episcopo
1472 1209 1713 1300 Gracoviensi,
1740 1212 1777 1282 in

221 1330 376 1398 extremo
412 1325 589 1414 examine,
617 1327 685 1398 nisi
721 1345 759 1398 se
786 1329 1020 1417 correxerint,
1047 1329 1202 1402 babituri
1238 1351 1302 1418 pro
1329 1351 1391 1400 sno
1418 1331 1588 1421 neglectu.
1627 1330 1776 1402 Ordinat
1818 1421 1824 1427 ι

221 1451 332 1516 autem
363 1445 582 1536 privilegium
601 1446 734 1518 Petri
761 1447 898 1518 abbatis
916 1446 1393 1539 Prasmonstratensis,·qnod
1412 1451 1515 1521 villae
1533 1451 1778 1539 Brzeszno,

91 1651 93 1666 ξ
220 1565 463 1638 Damboua
488 1566 654 1656 Lanka,
681 1566 1075 1658 Sczepanowicze,
1102 1571 1187 1640 item
1205 1570 1359 1642 decimae
1377 1571 1612 1659 manipulares
1630 1571 1667 1640 in
1685 1571 1778 1641 villis

221 1684 425 1774 Jedlcza,
453 1683 807 1778 Gywanonicze,
835 1687 1232 1780 Tsczycza,·Nova
1257 1688 1428 1780 Wyesz,
1454 1689 1777 1761 Praestansko
1880 1697 1885 1703 ’

91 1873 92 1888 1
221 1807 481 1878 amonasterio
517 1807 794 1880 Ymramoviensi
828 1809 1003 1888 debebant
1029 1811 1207 1899 abstrahi,
1231 1816 1269 1882 et
1294 1811 1505 1883 monasterio
1533 1811 1776 1882 sanctimonia·
1839 1851 1844 1858 -

222 1927 303 1998 lium
334 1928 374 2000 in
401 1929 585 2000 Buszko
611 1929 790 2019 applicari.
1856 1935 1866 1946 '

325 2046 699 2124 Ymremonlczense
728 2051 1006 2124 mandatarium
1034 2051 1079 2122 ad
1105 2049 1232 2122 flumen
1258 2051 1476 2142 Dlubnya
1501 2051 1616 2140 sitnm,
1634 2051 1726 2122 unde
1744 2058 1780 2122 et

91 2215 97 2282 ζ,
220 2170 416 2260 antiquitus
443 2191 512 2242 non
541 2169 824 2242 Ymramoviense
859 2170 920 2242 sed
947 2171 990 2242 de
1017 2171 1233 2262 Dlubnya
1257 2172 1497 2261 vocitabatur,
1525 2178 1676 2261 quatuor
1701 2171 1779 2241 mil·
1913 2211 1918 2215 ·

220 2290 367 2362 liaribos
405 2291 538 2362 distans
566 2311 596 2362 a
631 2289 878 2381 Cracovia,
914 2292 950 2362 in
987 2292 1070 2363 villa
1105 2292 1159 2362 sui
1186 2292 1336 2362 nominis
1363 2292 1450 2362 alias
1476 2292 1693 2380 Dlnbnya
1718 2311 1782 2379 per
1866 2275 1870 2280 ’

221 2411 331 2482 lvon
344 2431 410 2481 ern
438 2411 481 2481 de
508 2410 694 2484 Konske
721 2411 919 2501 episcopum
947 2411 1210 2484 Gracoviensem
1230 2433 1295 2502 pro
1312 2412 1624 2484 sanctimonialium
1644 2411 1779 2482 ordinis

91 2581 92 2636 ss
221 2532 593 2604 Praemonstratensis'·
608 2538 710 2626 coetu
737 2537 773 2604 et
799 2533 964 2604 coenobio
991 2531 1292 2622 fundatum,qnod
1309 2514 1414 2604 etiam
1432 2538 1472 2604 nt
1488 2533 1775 2622 praescripsimus
1832 2572 1836 2579 ·

91 2707 92 2756 5
221 2654 254 2724 in
281 2672 347 2724 sna
376 2651 578 2724 fundatione
595 2653 801 2724 mutilatum
828 2657 899 2740 est,
927 2659 964 2724 et
990 2653 1269 2725 sanctimoniales
1295 2654 1332 2724 in
1358 2653 1419 2725 illo
1446 2653 1611 2742 degentes
1637 2653 1673 2722 in
1702 2652 1780 2722 Bn-

91 2773 93 2800 ⁵
222 2775 300 2844 aluo
338 2773 554 2863 translatae,
590 2773 740 2844 omnium
779 2780 896 2844 tamen
932 2774 1175 2863 temporalium
1211 2773 1381 2845 bonorum
1415 2773 1479 2846 dos
1514 2780 1550 2844 et
1584 2774 1781 2862 proprietas

222 2915 283 2984 per
318 2894 507 2964 Ivonem
544 2895 741 2983 episcopum
769 2893 1032 2968 Crotoniensem
1060 2894 1205 2982 collata,
1232 2893 1462 2966 translatione
1488 2894 1685 2964 huiusmodi
1711 2915 1781 2962 non

91 3025 92 3084 3
222 3015 400 3102 omnum,
427 3013 525 3084 salva
550 3013 661 3084 eidem
689 3017 725 3086 ct
750 3014 889 3102 integra
915 3014 1045 3103 absque
1072 3013 1145 3084 ulla
1182 3013 1410 3084 diminutione
1436 3013 1613 3083 remansit.
1648 3012 1783 3083 Extant

91 3113 92 3144 ³
223 3145 338 3206 autem
371 3135 406 3206 in
434 3134 554 3206 eodem
580 3135 790 3206 monasterio
817 3133 909 3206 baud
937 3153 1047 3223 pauca
1073 3134 1280 3224 habitacula,
1307 3135 1372 3205 snb
1399 3133 1560 3204 clausura
1584 3133 1674 3202 muri
1702 3153 1782 3202 con-

91 3275 92 3312 l
223 3255 327 3344 clusa,
360 3275 449 3344 quae
477 3274 655 3348 servarum
683 3260 719 3326 et
745 3255 1057 3326 sanctimonialium
1084 3254 1150 3324 Dei
1177 3254 1351 3325 domicilia
1377 3254 1449 3323 illic
1477 3253 1649 3342 qnondam
1675 3252 1783 3322 fnisse

222 3382 411 3448 testantur.
451 3373 676 3448 Gubernator
712 3381 827 3446 antem
864 3376 1113 3451 monasterium
1148 3375 1342 3465 praelatum
1378 3381 1415 3446 et
1448 3374 1713 3444 administratur
1736 3374 1783 3476 *in

91 3525 92 3608 ]
223 3497 467 3586 spiritualibus
494 3503 530 3568 et
555 3496 807 3586 temporalibus
835 3517 898 3589 per
924 3497 1170 3585 praepositum,
1198 3515 1300 3586 quem
1327 3495 1525 3566 ordinarius
1542 3493 1782 3585 cracoviensis

223 3617 265 3688 ad
293 3617 613 3707 praesentationem
641 3617 779 3688 abbatis
805 3625 841 3688 et
868 3623 1058 3688 conventus
1084 3617 1310 3687 Brzeszensis
1334 3624 1373 3686 et
1390 3614 1682 3686 Ymramoviensis
1700 3621 1781 3702 pro·

223 3739 318 3810 uidet
346 3744 388 3808 et
415 3738 576 3824 instituit,
604 3739 664 3828 qni
691 3757 807 3808 secum
834 3758 877 3808 er
902 3736 1071 3808 fratribus
1099 3724 1231 3808 0‘rdinls
1258 3735 1627 3820 Praemonstratensis
1643 3735 1780 3804 nonnisi

224 3880 352 3948 unum,
373 3864 435 3928 aut
461 3858 505 3928 ad
532 3858 719 3930 maximnm
745 3857 842 3947 dnos,
869 3857 923 3928 vel
951 3864 1025 3928 tres
1052 3855 1180 3928 iratres
1206 3862 1312 3944 tenet,
1340 3856 1400 3945 qni
1417 3855 1654 3943 integritatem
1674 3855 1783 3924 omni·
1851 3851 1858 3863 '

224 3999 280 4050 nan
307 3979 482 4050 bonorum
509 3978 751 4082 temporalium
778 3978 814 4050 ln
841 3977 932 4050 villis
959 3983 995 4048 et
1021 3976 1164 4048 decimis
1190 3975 1463 4064 maniprdaribus
1491 3974 1640 4062 optimis,
1659 3974 1783 4062 quibus

126 4133 130 4138 ·
225 4098 509 4172 sanctimoniales
536 4104 572 4170 et
597 4097 725 4170 fratres
753 4098 885 4170 ordinis
912 4118 971 4168 eas
999 4103 1161 4168 curantes
1179 4095 1317 4168 abunde
1335 4099 1516 4167 contentae
1534 4101 1644 4181 erant,
1663 4101 1783 4164 tenen·
1835 4189 1839 4198 Ι

224 4227 287 4311 tes,
314 4239 495 4310 nunqnam
513 4219 618 4290 boras
637 4219 829 4308 canonicas,
848 4224 1036 4290 nocturnas
1063 4223 1099 4288 et
1126 4217 1268 4288 diurnas
1286 4217 1481 4304 decantant,
1500 4235 1574 4286 rem
1593 4235 1675 4284 vero
1694 4214 1784 4294 divi·

133 4339 137 4350 '
226 4361 307 4412 nam
343 4340 484 4412 nonnisi
521 4339 701 4412 dominicis
737 4344 773 4410 et
802 4337 937 4422 lestinis
964 4338 1086 4410 diebus
1113 4337 1271 4427 explent,
1297 4336 1375 4406 aliis
1401 4356 1486 4406 vero
1514 4335 1723 4424 quotidianis
1750 4339 1786 4404 et

226 4461 412 4534 ferialibus
448 4461 570 4532 diebus
605 4480 689 4532 voce
726 4459 915 4550 submissa,
942 4459 1172 4549 negligentius
1199 4478 1301 4547 quam
1327 4457 1507 4546 conuenit,
1533 4461 1723 4545 peragunt,
1749 4461 1786 4525 et

229 4588 355 4654 sancta
391 4581 521 4652 dotalia
556 4601 718 4669 munera,
753 4599 816 4669 per
851 4577 1045 4669 praefatam
1080 4578 1267 4651 Inonem
1293 4584 1330 4649 et
1356 4577 1444 4650 alios
1470 4597 1633 4666 proceres
1660 4575 1787 4647 collata

106 4695 109 4702 ’
229 4702 344 4772 eideni
382 4699 611 4790 monasterio,
648 4700 797 4772 inaniter
832 4705 868 4770 et
894 4700 969 4770 sine
995 4699 1120 4770 merito
1147 4702 1363 4770 consumunt
1402 4697 1443 4768 In
1470 4718 1540 4786 qua
1564 4716 1608 4768 re
1634 4697 1688 4766 vir
1714 4703 1785 4766 tani

229 4823 380 4894 celebris
417 4821 452 4892 in
480 4820 610 4910 Deum,
637 4827 674 4892 et
701 4821 737 4892 in
764 4820 942 4892 ecclesiam
971 4839 1160 4909 servosque
1187 4839 1269 4890 snos
1294 4817 1469 4907 liberalis,
1495 4817 1575 4888 lvo
1602 4817 1785 4906 episcopus

220 4940 473 5026 'cracoviensis
499 4940 694 5030 praefatus,
723 4940 863 5012 videtur
895 4941 979 5010 mibi
1005 4939 1191 5029 plurimum
1226 4940 1262 5010 in
1289 4959 1352 5009 sua
1378 4938 1571 5011 intentione
1598 4937 1696 5007 etin
1723 4955 1786 5006 sno

230 5069 354 5134 sancto
382 5062 561 5152 proposito
587 5061 771 5132 iniuriatus
798 5067 834 5132 ct
860 5059 1051 5149 fraudatus,
1078 5060 1308 5149 continueque
1335 5059 1523 5130 iniuriatur
1540 5065 1578 5128 et
1594 5056 1811 5141 fraudator,-

232 5186 400 5274 quicum
435 5183 617 5274 collegium
646 5182 720 5254 Deo
748 5182 939 5254 dicatarum
966 5180 1194 5252 foeminarum
1220 5180 1286 5250 sub
1314 5179 1435 5250 ordine
1461 5177 1797 5248 Praemonstraaen
1888 5209 1892 5216 ·

234 5304 519 5376 similitantinm
547 5281 854 5374 illie'insaltnisset
879 5307 915 5372 et
942 5301 1106 5388 delesset,
1143 5307 1180 5370 et
1214 5298 1342 5370 tratres
1377 5297 1531 5368 eiusdem
1568 5296 1701 5368 ordinis
1736 5297 1786 5366 eis

234 5425 470 5513 adiunxisset,
496 5430 537 5499 ut
559 5423 680 5494 laudes
706 5423 836 5512 iugiter
862 5441 945 5493 voce
972 5441 1099 5492 sonora
1125 5420 1273 5490 Domino
1300 5419 1375 5490 Deo
1393 5417 1562 5488 altissimo
1580 5418 1789 5505 intonarent,

234 5551 270 5616 et
292 5566 368 5616 rem
386 5545 540 5616 divinam
559 5565 636 5614 cum
654 5544 750 5614 boris
770 5543 942 5613 canonicis
962 5542 995 5610 in
1016 5547 1119 5610 cantu
1138 5538 1327 5628 explerent,
1348 5537 1554 5610 monialibus
1571 5538 1608 5608 in
1626 5538 1789 5610 anzko
1927 5544 1931 5553 '

91 5691 93 5716 ⁵
234 5665 418 5736 translatis
454 5670 491 5736 et
526 5661 685 5736 omnibns
719 5664 820 5736 bonis
847 5661 1108 5750 temporalibus,
1127 5660 1220 5730 eirca
1247 5659 1494 5732 monasterium
1520 5659 1790 5746 remanentibus,
