4492 6592
455 731 505 800 90

452 941 489 1007 et
515 955 592 1006 cum
620 933 797 1006 abbatissa
823 951 884 1002 seu
911 932 1080 1028 priorissa
1106 951 1210 1001 unam
1228 935 1265 1002 et
1276 951 1496 1003 communem
1522 947 1677 1005 mensam
1698 932 1840 1021 habent,
1865 931 2003 1022 cibique
2148 932 2153 945 '

453 1055 522 1128 illis
549 1075 612 1144 per
637 1053 824 1125 fenestram
851 1052 997 1123 rotalem
1024 1057 1060 1122 et
1086 1056 1190 1142 potus
1216 1051 1260 1124 de
1286 1052 1435 1142 coquina
1460 1057 1498 1123 et
1523 1051 1665 1124 cellario
1691 1052 1886 1143 praepositi
1911 1051 2005 1124 dete

451 1181 585 1248 rnntur.
612 1175 666 1247 Etr
685 1175 798 1246 tribus
824 1173 1043 1245 monasteriis
1061 1171 1289 1244 foeminarum
1308 1171 1629 1262 sanctimonialium,
1655 1172 1827 1245 videlicet
1853 1172 2005 1245 Ymra

452 1298 682 1386 mouicze,
712 1294 1128 1386 Grzyszanowicze
1153 1294 1190 1365 in
1217 1313 1322 1365 unum
1349 1294 1493 1374 tertium
1519 1293 1704 1384 anzense,
1731 1277 2006 1384 quorumqued·
2143 1323 2147 1331 ·

451 1417 538 1490 libet
564 1417 748 1508 specialem
774 1417 936 1488 babebat*
953 1416 1176 1504 abbatissam,
1203 1420 1239 1485 et
1265 1415 1450 1504 specialem
1480 1414 1663 1505 collegium
1681 1414 2006 1505 sanctimonialium,

452 1539 675 1609 coadunatae.
719 1535 810 1608 Erat
836 1541 951 1607 antem
978 1533 1028 1626 pii
1054 1535 1149 1625 regis
1175 1534 1342 1606 Poloniae
1368 1533 1609 1606 Vladislai
1644 1534 1846 1606 Secundi
1877 1533 2006 1606 ardens

381 1682 384 1692 ¹
452 1657 673 1756 desiderium,
699 1661 739 1728 nt
766 1661 914 1747 quatuor
939 1656 1153 1728 monasteria
1179 1655 1492 1726 sanctimonialium
1528 1655 1661 1726 ordinis
1687 1660 2007 1744 praemonstraten-

453 1780 501 1850 sis
528 1778 696 1850 dioeeesis
715 1775 965 1864 Oraooviensis,
984 1770 1155 1848 videlieet:
1172 1776 1209 1846 in
1236 1775 2007 1866 Suyerzynyecz,Ymramowie'ze,

453 1899 857 1972 Grziszanowieze
892 1903 929 1969 et
955 1898 1155 1986 Buszko,
1190 1896 1356 1968 insimul
1381 1896 1529 1967 inissent
1554 1897 1756 1986 coniuncta,
1782 1900 1890 1968 etex
1913 1897 2008 1968 anti*

453 2142 645 2231 translata3
680 2141 716 2212 id
742 2145 858 2211 tamen
884 2139 1120 2230 propositum,
1155 2144 1193 2210 et
1218 2143 1363 2228 propter
1389 2138 1520 2210 olidum
1544 2138 1726 2228 foetorem,
1753 2140 1814 2229 qui
1838 2139 2006 2229 oppidum

454 2262 647 2335 Vlslicense
674 2261 839 2351 sulphure
866 2259 985 2349 inficit,
1013 2265 1049 2331 et
1074 2258 1219 2350 paludes
1245 2257 1494 2330 Vlslieiam
1524 2260 1726 2349 ambientes,
1752 2265 1790 2332 et
1814 2259 2007 2332 recusatio·

351 2377 389 2450 ,’
454 2400 532 2456 nem
568 2365 880 2455 sanctimonialium
916 2382 959 2454 de
987 2379 1374 2473 Zuyerzynyeez,
1409 2399 1498 2472 quac
1532 2401 1614 2454 suos
1644 2381 1779 2472 amplos
1812 2386 2006 2472 proventus

453 2505 489 2575 in
517 2509 649 2594 tennes,
676 2507 711 2574 et
737 2503 850 2574 locum
876 2503 1046 2592 insignem
1072 2502 1109 2572 in
1136 2501 1310 2573 abiectum
1335 2507 1373 2573 et
1390 2501 1565 2574 desertum
1587 2501 1755 2574 nolebant
1778 2501 1924 2591 inlundl,
1941 2500 2010 2574 luit

453 2627 617 2698 omissum
644 2629 680 2696 et
707 2627 944 2696 retractatum.

349 2063 354 2072 ·
454 2022 531 2111 quis
558 2022 629 2092 suis
656 2020 740 2091 locis
768 2024 805 2090 et
831 2019 970 2090 sedibus
997 2018 1033 2089 in
1051 2017 1294 2088 Visliciensem
1316 2016 1490 2107 oppidum,
1516 2021 1663 2107 propter
1689 2017 1757 2089 loci
1784 2017 2008 2090 securitatem
2158 2072 2159 2083 ,

514 2827 518 2838 ,
557 2743 725 2835 Buszm,
752 2745 915 2836 oppidum
951 2743 1114 2834 frequens
1140 2741 1235 2833 loro,
1261 2743 1408 2816 babens
1428 2743 1662 2833 parochialem
1688 2743 1870 2818 ecelesiam
1895 2745 1934 2816 iu
1960 2765 2009 2833 ae,
2134 2798 2143 2808 -

452 2867 549 2951 cuius
574 2867 771 2958 proprietas
798 2866 843 2937 ad
869 2865 1117 2937 monasterium
1135 2863 1312 2936 Buszense
1329 2865 1491 2954 pertinet.
1517 2865 1558 2939 In
1576 2884 1644 2954 quo
1662 2871 1746 2937 eunt
1761 2865 1888 2955 uginti
1905 2865 2008 2957 qnin-

452 3009 519 3078 que
554 2988 646 3060 lanei
681 2987 950 3078 oppidanorum,
986 2990 1022 3056 et
1056 2986 1204 3075 quilibet
1238 2986 1343 3057 solvit
1375 3005 1441 3076 pro
1476 3005 1584 3058 censu
1618 2986 1831 3058 monasterio
1856 2985 2008 3058 mediam

452 3127 621 3197 maream3
648 3129 712 3198 pro
739 3107 873 3179 dnobus
900 3106 1139 3178 tantummodo
1167 3107 1297 3197 campis
1323 3107 1455 3178 babent
1480 3127 1593 3196 agros,
1620 3126 1685 3197 pro
1707 3108 1813 3182 tertio
1831 3127 1917 3179 vero
1934 3127 2006 3178 non

451 3228 592 3317 habeut,
619 3233 656 3300 et
681 3227 760 3298 ideo
788 3227 912 3299 exilem
938 3243 1079 3298 censum
1105 3226 1254 3298 solvunt
1280 3226 1369 3298 ltem
1395 3247 1465 3298 non
1491 3225 1625 3298 iaciunt
1649 3226 1785 3317 aliquos
1810 3227 1952 3300 labores
1968 3228 2007 3299 in
2044 3301 2048 3308 ,

454 3348 662 3438 septimana,
689 3367 801 3439 neque
828 3345 1354 3441 (11111111,1111111111111,0
1382 3347 1466 3418 item
1492 3347 1622 3438 gallos,
1648 3348 1732 3418 item
1757 3367 1895 3438 caseos,
1909 3349 2008 3421 -item

453 3487 538 3557 ova;
564 3468 647 3539 item
683 3473 764 3540 sunt
799 3468 835 3538 in
872 3467 999 3559 oppido
1034 3467 1202 3559 praelato.
1220 3469 1308 3539 citra
1333 3472 1472 3540 centum
1498 3467 1638 3558 domus,
1665 3473 1703 3540 et
1728 3468 1876 3560 quilibet
1900 3470 2009 3542 soluit

451 3609 515 3680 pro
542 3609 648 3671 11111
674 3589 761 3662 duos
786 3609 936 3679 grossos.
976 3589 1065 3661 Item
1091 3581 1147 3660 est
1171 3589 1349 3679 balneum,
1375 3588 1534 3679 praefato
1560 3591 1771 3662 monasterio
1797 3611 1861 3682 pro
1887 3611 2005 3664 annuo

452 3731 557 3782 censu
585 3711 723 3782 solvens
759 3729 821 3782 sex
857 3727 1001 3782 marcas.
1040 3706 1128 3782 item
1164 3715 1247 3782 sunt
1272 3711 1322 3782 ibi
1347 3710 1492 3782 macella
1517 3711 1716 3784 carnificum
1742 3711 2008 3802 quatuorderim

362 3911 367 3920 ,
452 3832 689 3922 coenobiales,
716 3837 753 3903 et
789 3832 936 3922 quilibet
971 3831 1076 3904 solvit
1111 3853 1175 3923 pro
1208 3851 1323 3904 annno
1349 3851 1456 3904 censu
1482 3832 1632 3906 mediam
1657 3853 1810 3904 11111111
1835 3839 1873 3904 et
1898 3855 2009 3906 anum

451 3951 601 4050 lapidem
629 3953 712 4044 sepi.
739 3953 827 4024 Item
854 3957 936 4024 sunt
962 3953 1011 4026 ibi
1039 3953 1129 4025 aliae
1154 3959 1229 4026 tres
1255 3973 1422 4044 camerae,
1448 3955 1668 4044 pertinentes
1693 3953 1739 4026 ad
1765 3954 1910 4044 nobiles,
1936 3975 2009 4028 une

454 4073 498 4145 ad
525 4074 659 4146 nobiles
677 4073 729 4162 ,de
754 4073 979 4166 Miculow,
1006 4075 1119 4146 altera
1145 4074 1190 4146 ad
1217 4073 1353 4147 nobiles
1377 4075 1422 4146 de
1447 4074 1659 4167 Sanyeez,
1685 4076 1856 4147 et÷tertia
1879 4075 1927 4148 ed
1943 4097 2007 4148 uo

451 4195 539 4266 biles
566 4195 610 4266 de
637 4194 862 4284 Sacrana,
889 4201 926 4267 et
962 4196 1138 4286 quaelibet
1172 4195 1335 4268 similiter
1361 4197 1466 4268 solvit
1491 4217 1555 4286 pro
1583 4216 1698 4270 annuo
1724 4217 1829 4270 censu
1854 4197 2027 4275 mediam.

450 4332 600 4385 marcam
637 4320 673 4386 11
699 4335 805 4386 unum
841 4313 991 4405 lapidem
1018 4317 1102 4406 sepi.
1142 4316 1231 4387 item
1258 4335 1377 4388 omnes
1412 4317 1489 4407 agri
1523 4316 1776 4409 oppidanorum
1803 4317 1945 4392 solvunt
1970 4324 2009 4391 et

449 4434 645 4506 conducunt
671 4433 837 4508 decimam
865 4436 1114 4526 manipularem
1141 4455 1206 4527 pro
1232 4437 1443 4510 monasterio
1469 4438 1507 4510 in
1532 4438 1725 4530 Buszqu
1750 4445 1788 4512 et
1811 4439 1912 4513 valor
1928 4436 2006 4512 eius

450 4555 654 4628 aestimatur
681 4555 725 4628 ad
753 4555 899 4646 triginta
925 4575 1070 4630 mareas.
1096 4557 1275 4630 Decimam
1301 4563 1418 4630 antem
1445 4561 1568 4651 canapi
1594 4580 1664 4633 non
1689 4560 1833 4634 solvunt
1857 4578 1901 4634 ex
1923 4580 2007 4634 eon-

450 4675 643 4748 svetndine.
670 4677 757 4747 Item
786 4683 840 4748 est
867 4678 915 4750 ibi
942 4678 1122 4768 praedium
1149 4679 1278 4752 bonnm
1305 4681 1527 4772 monasterii,
1553 4681 1597 4753 de
1624 4701 1693 4772 quo
1718 4701 1784 4773 pro
1810 4703 1849 4756 11
1874 4683 2006 4756 tollunt

448 4797 625 4894 decimam.
651 4798 740 4870 Item
767 4804 821 4871 est
847 4799 895 4871 ibi
922 4800 1157 4872 molendinum
1183 4802 1346 4892 equinum
1373 4776 1581 4893 coenobiale,
1609 4809 1647 4875 et
1663 4805 1780 4876 omnia
1796 4806 1922 4878 brasea
1938 4825 2005 4896 pro

447 4919 658 4990 monasterio
686 4920 904 5010 proveniunt.
941 4921 1029 4992 Item
1057 4922 1204 5012 singulis
1230 4923 1332 4994 annis
1357 4943 1422 5013 pro
1448 4924 1507 4996 die
1532 4923 1652 4998 Sancti
1677 4924 1840 5016 Procopii
1866 4931 1904 4998 et
1928 4925 2004 5000 die·

447 5041 513 5112 bus
540 5041 784 5132 sequentibus,
811 5041 959 5114 habetur
985 5043 1021 5112 in
1048 5043 1169 5114 eodem
1196 5042 1324 5135 oppido
1350 5045 1499 5118 annuale
1525 5045 1657 5137 iorum,
1683 5047 1720 5118 in
1747 5067 1815 5138 quo
1841 5047 2005 5139 nequens

433 5146 636 5234 'multitudo
664 5163 888 5234 mercantium
917 5169 953 5234 et
979 5163 1203 5237 vendentium
1229 5166 1399 5257 convenit,
1425 5171 1463 5239 et
1487 5167 1683 5258 equolibet
1698 5168 1923 5244 mercimonio
1943 5189 2006 5242 seu
2067 5187 2072 5194 ’

447 5283 523 5357 1111
551 5286 775 5377 mercimonii,
802 5283 905 5358 datur
932 5287 1145 5360 monasterio
1170 5308 1261 5360 unns
1285 5289 1554 5379 grossusltem
1579 5311 1603 5361 a
1628 5291 1785 5382 quelibet
1801 5311 1917 5381 curru,
1935 5292 2025 5365 111.

446 5413 574 5476 vuntur
601 5409 812 5479 monasterio
832 5409 980 5499 quatuor
998 5408 1141 5481 denarii.
1169 5408 1330 5484 Continet
1346 5430 1424 5484 enm
1440 5409 1776 5503 Mikulouieze,
1793 5411 2005 5505 11131111-

446 5525 567 5616 niky,
595 5527 1019 5621 Myedzygorzieze,
1046 5530 2003 5646 Owczary‚Zbludouicze,Swyeslauieze,

2159 3758 2163 3863 l
