4492 6592
435 748 484 822 74

433 956 538 1046 prisci
566 943 670 1028 duces
699 951 959 1023 Theschnenses
986 967 1056 1020 non
1083 948 1239 1020 valentes
1274 948 1406 1037 absque
1432 945 1503 1016 illis
1530 952 1684 1018 castrum
1711 945 1993 1036 Schyewyor

308 1128 310 1133 -
433 1096 660 1162 conservare,
702 1073 911 1144 monasterio
939 1070 1194 1161 Zwyerzinensi
1222 1089 1285 1159 per
1312 1068 1429 1138 villam
1456 1057 1614 1140 ducalem
1642 1065 1883 1140 Grodzecz
1910 1089 1994 1140 con-

432 1203 580 1284 tentato,
598 1196 676 1266 illas
697 1216 759 1284 pro
779 1215 815 1265 se
835 1197 1093 1282 usurpaverunt
1111 1197 1148 1262 et
1166 1195 1355 1262 tennerunt
1372 1191 1473 1260 annis
1492 1189 1619 1279 multis,
1645 1203 1731 1280 quas
1757 1189 1994 1281 Sbigueus

378 1307 381 1314 ’
433 1317 618 1390 cardinalis
647 1329 681 1388 et
709 1315 891 1406 episcopus
920 1312 1180 1401 Oracoviensis,
1216 1312 1344 1384 ducatu
1372 1311 1627 1394 Schevieriensi
1665 1311 1757 1401 apud
1793 1311 1994 1382 Veucze-

434 1439 578 1520 slaurn
608 1435 727 1510 ducem
757 1435 1053 1522 Thesohnensem,
1089 1455 1153 1523 pro
1181 1455 1241 1504 sen
1270 1433 1421 1506 millibus
1449 1453 1642 1504 marcarum
1669 1432 1818 1502 latorum
1848 1453 1992 1523 grosso-

386 1543 391 1548 ’
433 1581 509 1631 rum
539 1582 629 1631 asino
657 1558 797 1630 Domini
828 1558 936 1628 1444.
964 1577 1028 1645 pro
1056 1554 1203 1626 ecclesia
1229 1553 1450 1626 cracoviensi
1477 1558 1654 1642 coempto,
1686 1553 1789 1624 etiam
1817 1553 1996 1643 praelatas

373 1769 377 1778 .
433 1681 585 1752 decimas
614 1680 715 1752 simul
744 1700 820 1750 cum
849 1678 977 1748 ducatu
1004 1697 1174 1766 coemens,
1201 1677 1296 1766 ipsas
1323 1696 1386 1746 suo
1414 1673 1630 1764 episcopatui
1657 1675 1820 1746 rescivit

537 1799 721 1873 Decimae
734 1798 998 1902 manipulares
1018 1803 1056 1868 et
1073 1797 1255 1895 qranalea
1282 1796 1485 1871 monasterii
1511 1795 1812 1886 Zwyerzpnensis:
1838 1795 1995 1867 Olsze·

403 1907 1727 2013 .nicza,Bioycze,Luoooza,Sarnye,1tomyenozyczo.

1058 2113 1371 2138 *u

927 2284 935 2292 ’
990 2313 1444 2400 onnnnovrnnsn

436 2533 740 2654 monasteri-um
763 2529 924 2610 ordinis
946 2495 1400 2632 praemonstratensis,
1437 2528 1477 2606 in
1501 2527 1691 2608 dioecesi
1713 2478 1994 2608 &cerviensi

1033 2695 1038 2702 '
1084 2683 1342 2766 consulens.

542 2906 881 2979 Praemonstrntensi
917 2904 1058 2977 ordine‘
1082 2903 1208 2976 famam
1246 2925 1328 2975 suae
1371 2903 1551 2994 religionis
1588 2903 1758 2976 celebrem
1793 2925 1859 2994 per
1894 2891 1998 2997 plura

438 3029 705 3100 christianitatis
733 3027 872 3100 climata
902 3025 1003 3118 longe
1039 3025 1178 3116 lateque
1214 3031 1416 3116 spargente,
1453 3025 1535 3096 dnm
1570 3025 1663 3096 illins
1698 3045 1836 3116 quoque
1867 3047 1994 3097 nomen

435 3151 571 3239 insigne
598 3147 690 3238 apud
717 3168 861 3238 regnum
892 3146 1056 3219 Poloniae
1083 3147 1289 3236 haberetur,
1320 3147 1409 3216 etin
1436 3145 1522 3217 locis
1548 3145 1681 3236 aliquot
1707 3147 1806 3238 regni
1832 3146 1997 3236 eiusdem,

436 3269 599 3340 videlieet
617 3267 709 3358 apud
727 3265 999 3340 Gracoviam
1016 3268 1054 3338 in
1072 3266 1224 3338 ferarum
1243 3266 1346 3356 villa,
1375 3287 1463 3357 qnae
1490 3266 1847 3358 Zwyerzinyecz
1876 3268 1996 3359 appel·

437 3390 547 3477 latur,
575 3397 611 3462 et
647 3389 682 3459 in
709 3388 923 3479 Dlubnya
958 3388 993 3458 in
1022 3387 1116 3478 vico,
1153 3388 1213 3478 qui
1239 3387 1636 3479 Immramowycze
1663 3389 1833 3460 hactenus
1861 3389 1997 3462 invenit

437 3509 652 3599 vocabulum,
679 3510 714 3580 in
743 3508 893 3581 dioecesi
920 3507 1151 3599 Gracoviensi,
1178 3514 1215 3580 ct
1242 3509 1278 3579 in
1305 3509 1481 3583 suburbiis
1508 3509 1661 3581 civitatis
1697 3509 1995 3601 Vratislarieusis,

437 3631 481 3702 ad
502 3631 663 3704 Sanctum
692 3630 915 3702 Vincentinm
934 3641 1136 3722 martyrem,
1164 3635 1201 3702 et
1216 3629 1317 3702 iuxta
1335 3629 1500 3722 oppidum
1526 3631 1758 3722 Strzeluo‚
1785 3633 1823 3704 iu
1840 3632 1993 3705 dioecesi

436 3752 714 3844 Oruszwycensi,
751 3773 839 3842 qnae
867 3749 1155 3824 Vladislaviensis
1190 3751 1277 3822 alias
1310 3751 1534 3824 Kniavieusis
1569 3753 1790 3843 intitulatur,
1827 3756 1995 3828 coenobia

436 3874 589 3945 virorum
619 3853 654 3944 et
681 3873 908 3950 foeminarum
935 3871 1082 3946 fuissent
1109 3872 1285 3965 notabilia,
1304 3871 1467 3964 mndata,
1494 3873 1616 3946 dotata
1641 3881 1680 3946 et
1706 3874 1888 3966 instituta,
1914 3897 1993 3966 pro

435 4017 551 4066 cerum
580 4001 615 4066 et
633 3995 779 4067 militum
807 3995 906 4085 regni
934 3993 1100 4066 Poloniae
1127 3993 1271 4086 ardore,
1298 3994 1533 4067 munificentia
1558 4002 1595 4066 et
1621 3995 1820 4086 devotione,
1847 4017 1998 4087 quornm

390 4101 397 4108 ’
436 4118 472 4187 in
503 4116 705 4200 hodiernum
744 4115 835 4187 diem
871 4115 1023 4206 propitio
1058 4115 1263 4205 divinitate,
1297 4121 1334 4187 et
1360 4114 1518 4188 fundatio
1552 4119 1590 4187 et
1614 4115 1751 4188 dotatio
1785 4117 1823 4188 in
1858 4105 1997 4189 landem

437 4237 693 4328 omnipotentis
720 4237 785 4308 Dei
813 4245 849 4308 et
868 4257 951 4308 suae
977 4237 1157 4326 genitricis
1184 4237 1330 4326 virginis
1356 4235 1503 4326 Mariae,
1530 4237 1586 4308 cui
1612 4237 1736 4328 religio
1761 4238 1840 4330 ipsa
1865 4239 1994 4330 princi·

341 4357 344 4362 “
439 4356 568 4446 paliter
595 4356 709 4426 dicata
736 4355 946 4444 dinoscitur,
974 4363 1193 4445 perseverat,
1228 4355 1413 4446 plerosque
1439 4355 1566 4428 milites
1591 4361 1631 4428 et
1656 4375 1818 4446 proceres
1844 4357 1995 4448 praelati

439 4477 538 4567 regni
566 4475 731 4547 Poloniae
767 4477 802 4546 in
839 4475 990 4547 dioecesi
1021 4473 1242 4548 Gracoriensi
1274 4477 1503 4567 constitutos,
1531 4482 1567 4548 et
1597 4479 1804 4568 praesertim
1830 4500 1994 4570 proceres

444 4604 480 4668 et
506 4597 635 4668 milites
668 4597 710 4682 de
738 4597 844 4668 arturis
870 4603 914 4688 et¹
932 4597 1063 4668 familia
1090 4651 1231 4667 ......
1258 4597 1382 4688 cupido
1409 4605 1447 4670 et
1472 4598 1589 4671 fervor
1612 4598 1812 4672 devotionis
1837 4601 1991 4691 incessit,

443 4723 483 4790 nt
510 4725 546 4789 ct
573 4718 638 4808 ipsi
667 4717 856 4789 claustrum
893 4719 927 4788 in
955 4717 1069 4808 aliquo
1105 4717 1181 4789 loco
1208 4724 1309 4808 apto,
1341 4719 1500 4809 religioni
1536 4719 1714 4810 praefatae
1741 4726 1994 4812 construerent,

441 4839 483 4912 de
510 4839 678 4928 bonisque
712 4839 783 4910 suis
819 4839 1062 4912 haereditariis
1098 4839 1267 4910 dotarent
1310 4840 1351 4911 In
1383 4841 1542 4927 effectum
1577 4843 1696 4932 itaque
1728 4843 1782 4914 sni
1820 4845 1991 4934 propositi

441 4963 660 5044 devotionem
690 4960 886 5050 deducturi,
914 4969 949 5032 ct
975 4961 1104 5052 zelum,
1141 4983 1240 5052 quern
1269 4962 1304 5032 in
1330 4961 1434 5034 decus
1462 4963 1637 5035 divinitati
1663 4970 1701 5035 et
1726 4965 1815 5041 eoeli
1841 4965 1997 5056 Reginae

436 5086 654 5174 impensuros
673 5103 710 5154 se
728 5065 958 5176 devoverant,
985 5081 1172 5173 impleturi,
1199 5071 1301 5154 anuo*
1317 5083 1457 5156 Domini
1482 5083 1665 5157 millesimo
1684 5139 1799 5156 .....
1818 5096 1993 5158 monaste·

432 5206 521 5277 rium
551 5206 703 5276 virorum
741 5203 872 5276 ordinis
899 5204 1048 5294 praelati
1075 5205 1427 5294 praemonstratensis
1454 5205 1498 5276 ad
1524 5205 1654 5277 fluenta
1680 5205 1865 5297 Vislae,
1893 5209 1993 5280 iuxta

434 5329 596 5418 oppidum
626 5327 848 5417 Brzesko,
885 5326 977 5418 quod
1004 5347 1067 5417 pro
1096 5347 1138 5398 ea
1163 5332 1373 5417 tempestate
1400 5326 1567 5400 famosum
1594 5304 1768 5418 existam,
1802 5330 1995 5420 specialem
2122 5388 2126 5392 .

433 5450 668 5520 castellaniam
698 5449 770 5520 sire
799 5449 994 5522 districtum
1023 5448 1224 5539 specialem,
1252 5450 1356 5522 etiam
1383 5449 1515 5522 babens
1533 5450 1776 5541 castellanam,
1803 5451 1988 5541 efficiebat,

432 5569 468 5638 in
497 5568 570 5640 loco
598 5578 634 5640 et
660 5570 836 5642 abstracto
868 5579 904 5642 et
930 5572 1030 5644 uberi
1056 5571 1161 5661 gleba
1184 5570 1373 5670 foecundo,
1398 5571 1606 5663 flumineque
1633 5571 1765 5643 Visla
1790 5578 1827 5643 et
1853 5572 1988 5662 paludi-

430 5690 495 5761 bus
522 5689 729 5762 incircuitu
757 5700 955 5782 amoenata,
984 5693 1135 5784 quinque
1163 5692 1369 5765 milliaribus
1396 5693 1440 5765 ab
1459 5694 1545 5766 urbe
1571 5693 1794 5765 Gracoviensi
1823 5685 1998 5766 distantes
