4492 6592
524 763 599 838 230

518 994 583 1063 pro
608 971 763 1044 eiusdem
789 967 955 1042 eeclesiae
982 989 1137 1060 corpore.
1164 969 1332 1042 Anterior
1357 977 1474 1042 autem
1499 989 1582 1060 pars
1608 968 1768 1042 eiusdem
1788 968 1968 1059 ecclesiae,
1991 971 2053 1043 sire

519 1095 655 1182 chorus,
681 1099 839 1165 muratus
866 1097 921 1162 est
947 1111 1010 1182 per
1036 1089 1314 1163 Gasimirum
1349 1089 1606 1162 Secundum
1640 1089 1808 1162 Poloniae
1834 1109 1967 1180 regem
1988 1111 2053 1163 cnm

517 1215 677 1288 sacristia
702 1219 739 1284 et
766 1213 878 1284 stuhis
905 1218 942 1282 et
969 1211 1151 1282 caminatis
1177 1219 1215 1284 et
1240 1211 1347 1300 cellis,
1374 1212 1591 1302 caeterisque
1617 1201 1710 1284 illius
1728 1211 1934 1288 monasterii
1958 1210 2051 1283 offici

518 1336 583 1423 nis3
610 1335 753 1407 chorum
780 1339 897 1406 autem
924 1331 1117 1424 praelatum
1145 1331 1378 1422 Shigneus
1404 1330 1601 1404 Cardinalis
1632 1339 1671 1404 et
1695 1334 1882 1423 episcopus
1909 1330 2056 1403 Craoori-

444 1443 449 1455 ’
517 1456 611 1528 ensis
645 1455 854 1528 testudinari
881 1453 1060 1543 disposuit.
1104 1452 1145 1522 In
1172 1459 1273 1542 parte
1300 1458 1416 1524 autem
1443 1454 1708 1543 septentrionali
1742 1453 1875 1526 veteris
1908 1452 2056 1525 ecclesiae

519 1583 574 1648 eet
600 1575 749 1666 capella,
786 1574 965 1646 sacristiae
991 1573 1113 1645 faciem
1141 1570 1357 1662 praeferens,
1392 1573 1428 1643 in
1455 1595 1525 1663 qua
1551 1574 1768 1646 reconditum
1793 1580 1853 1646 est
1881 1575 2056 1662 pretiosum

517 1697 649 1787 lignum
676 1683 902 1768 Dominicum.
946 1693 1017 1766 Sub
1035 1699 1165 1765 vnostra
1198 1699 1314 1765 autem
1349 1698 1464 1765 aetate
1490 1693 1669 1766 lohannes
1694 1694 1787 1766 iilius
1823 1693 1991 1766 Pelcze
2021 1695 2056 1766 de

519 1817 641 1907 Gory
668 1816 711 1887 de
738 1815 840 1887 domo
866 1815 889 1887 J
897 1815 1035 1886 anina
1061 1814 1217 1904 clericus,
1244 1814 1357 1885 occiso
1383 1823 1485 1886 nocte
1504 1815 1709 1887 sacristiano
1737 1835 1920 1904 converso,
1946 1813 2056 1885 calices

467 1993 469 2002 ,
519 1939 637 2028 plures
664 1943 701 2008 et
727 1935 885 2008 clenodia
910 1934 1046 2006 imatus
1072 1933 1222 2025 fugiens,
1247 1934 1285 2004 in
1311 1936 1496 2006 amentiam
1522 1943 1559 2006 et
1585 1935 1746 2007 letariam
1772 1956 1909 2024 versus,
1936 1939 1972 2005 et
1994 1937 2059 2004 uni·

519 2079 656 2132 versam
682 2057 814 2148 sylvam
842 2057 941 2147 quasi
968 2062 1181 2147 compactam
1207 2055 1418 2146 existimans,
1445 2055 1596 2146 elingem
1620 2077 1692 2129 non
1718 2057 1843 2150 potuit,
1871 2055 1934 2126 sed
1951 2061 2058 2145 captru

520 2185 554 2252 et
589 2201 652 2270 per
687 2177 879 2269 praelatum
914 2175 1165 2266 Sbigneum
1199 2177 1410 2248 cardinalem
1445 2181 1482 2248 et
1516 2178 1714 2267 episcopum
1741 2176 2005 2250 Graooriensem
2027 2177 2058 2246 in

520 2300 814 2373 Bodzanczin
842 2299 974 2370 carceri
1000 2297 1150 2369 traditus
1175 2297 1249 2368 illio
1274 2297 1456 2388 expiravit

622 2417 840 2492 Tabernae.
867 2418 971 2492 quta
996 2417 1245 2490 monasterium
1270 2418 1307 2489 in
1333 2423 1449 2489 monte
1476 2417 1545 2488 sita
1570 2422 1625 2489 est
1648 2418 1813 2508 taberna,
1841 2439 1915 2489 nou
1941 2417 2057 2488 habens

518 2541 652 2632 aliquos
679 2561 793 2632 agros,
819 2540 929 2630 magis
956 2545 996 2610 ut
1022 2539 1247 2611 advenientes
1273 2539 1426 2610 habeant
1451 2537 1662 2627 diremoria,
1690 2557 1800 2628 ,quam
1826 2559 1895 2632 pro
1922 2538 2056 2608 necessi·

518 2667 591 2734 tate
617 2669 653 2733 et
679 2659 832 2733 utilitate
859 2659 1039 2749 ecclesiae,
1066 2664 1103 2730 et
1130 2659 1235 2732 solvit
1259 2659 1346 2731 duas
1372 2679 1526 2748 marcas;
1563 2658 1634 2729 alia
1659 2657 1804 2748 insuper
1829 2660 1980 2731 taberna
2002 2659 2057 2729 aab

519 2788 636 2854 monte
662 2783 793 2854 hahens
820 2801 924 2871 agros
950 2800 1073 2852 versus
1100 2779 1417 2869 Bodznnczin,
1442 2779 1547 2851 solvit
1572 2780 1679 2851 etiam
1705 2779 1793 2852 duas
1819 2799 1968 2850 marcas.

621 2902 719 2975 Suus
746 2902 877 2992 Noun,
913 2900 1078 2992 oppidum
1104 2901 1236 2973 hahens
1263 2901 1300 2972 in
1326 2921 1365 2972 se
1391 2900 1574 2972 ecclesiam
1599 2900 1833 2991 parochialem
1860 2899 2009 2990 ligneam
2030 2896 2058 2968 S.

518 3024 716 3113 Laurentii,
752 3022 848 3094 ouius
875 3023 1073 3112 proprietas
1100 3029 1136 3093 et
1163 3021 1352 3094 dominium
1378 3021 1424 3093 ad
1450 3022 1700 3094 monasterinm
1726 3020 1865 3096 Calvi
1901 3019 2057 3092 montis

518 3144 667 3218 Sanctae
694 3142 814 3215 Crucis
841 3145 1003 3233 pertinet.
1046 3143 1087 3214 In
1115 3164 1183 3233 quo
1210 3149 1292 3216 sunt
1319 3142 1512 3214 indistincti
1537 3143 1629 3214 lanei
1655 3143 1909 3233 oppidanorum
1928 3143 2058 3213 etinoe-
2140 3168 2141 3243 ,

520 3265 671 3356 qualiter
696 3263 843 3354 solvunt,
870 3264 968 3336 iuxta
986 3263 1216 3354 quantitatem
1234 3283 1408 3354 agrorum,
1435 3263 1478 3334 de
1504 3263 1630 3353 quihus
1656 3264 1795 3336 nonnisi
1821 3263 1916 3336 dnae
1933 3281 2057 3335 marcae
2140 3250 2143 3340 ἶ

519 3386 632 3456 minus
658 3389 736 3457 octo
762 3385 911 3474 grossis,
948 3405 1011 3475 pro
1039 3404 1145 3456 censu
1171 3385 1272 3456 annis
1298 3384 1444 3475 singulis
1471 3385 1682 3456 monasterio
1717 3384 1940 3476 proveniunt
1981 3383 2057 3454 lton
2141 3367 2143 3466 J

519 3511 601 3578 sunt
626 3505 875 3595 quinquaginta
900 3511 938 3576 et
964 3511 1043 3578 octo
1070 3505 1192 3578 domus
1228 3505 1406 3595 integrae,
1442 3512 1478 3577 et
1504 3505 1680 3595 quaelibet
1715 3505 1821 3579 solvit
1855 3504 2057 3577 monasterio

520 3647 623 3700 unum
649 3625 827 3716 fertonem,
845 3631 882 3698 et
900 3627 1109 3716 proveniunt
1135 3625 1396 3715 quatuordecim
1421 3645 1560 3697 marcae
1586 3645 1664 3698 cum
1690 3625 1813 3698 media
1839 3625 1931 3697 ltem
1950 3643 2057 3696 omnes

517 3748 594 3837 agri
629 3746 880 3836 oppidanorum
914 3746 1053 3818 solvunt
1087 3745 1256 3816 decimam
1292 3746 1567 3836 manipularem,
1596 3753 1634 3818 ct
1659 3739 1856 3820 conducunt
1894 3765 1970 3817 eam
2002 3765 2056 3835 pro

517 3867 728 3939 monasterio
764 3865 910 3938 Sanctae
937 3865 1058 3938 crucis
1094 3865 1227 3937 Calvi
1263 3865 1439 3938 Montis
1474 3873 1510 3938 et
1539 3865 1639 3938 valor
1672 3867 1748 3940 eius
1784 3867 1989 3938 aestimatur
2019 3863 2057 3934 ad

517 3988 604 4060 duas
630 4007 764 4060 marcas
789 4009 853 4078 pro
881 3987 1014 4060 duabus
1041 3987 1212 4077 partitum
1237 4007 1302 4078 pro
1329 3989 1437 4058 tertia
1463 3994 1580 4059 autem
1606 3994 1707 4078 parte
1724 3989 1881 4078 pertinet
1898 3987 1944 4059 ad
1961 3984 2055 4058 ecole-

517 4110 603 4181 siam
630 4109 863 4200 parochialem
882 4108 1063 4181 inibidem
1090 4107 1201 4198 Slup
1228 4107 1355 4180 Nova
1380 4114 1418 4179 et
1442 4108 1542 4180 valor
1567 4108 1641 4180 eiua
1667 4107 1874 4179 aestimatur
1903 4107 1948 4179 ad
1965 4125 2055 4177 unam

517 4251 732 4320 sexagenum.
776 4229 864 4301 Item
891 4229 927 4299 in
954 4227 1074 4300 eodem
1111 4228 1238 4319 oppido
1273 4235 1328 4300 est
1354 4230 1452 4300 curia
1486 4228 1698 4300 coenobialis
1723 4235 1760 4299 et
1785 4229 1985 4318 praedium,
2018 4223 2054 4295 de

517 4352 614 4422 cuius
640 4353 735 4441 agris
762 4349 848 4422 nulli
874 4350 1021 4422 solvitur
1048 4349 1199 4446 decima,
1234 4349 1297 4421 sed
1337 4369 1413 4421 eam
1439 4350 1688 4422 monasterium
1723 4348 1853 4420 Galri
1888 4345 2054 4421 Montis

452 4497 457 4508 ·
517 4470 664 4544 Sanctae
692 4469 811 4543 mucis
838 4491 902 4562 pro
930 4491 967 4542 se
993 4471 1086 4542 tollit
1111 4478 1149 4542 et
1174 4472 1210 4541 in
1237 4471 1401 4542 horreum
1418 4490 1518 4542 suum
1544 4471 1686 4543 inducit
1712 4469 1801 4542 Item
1818 4471 1920 4542 iuxta
1936 4469 2053 4542 curiam

516 4596 570 4662 est
596 4591 722 4681 duplex
748 4591 982 4664 molendinum
1009 4593 1211 4664 coenobiale
1236 4591 1329 4682 quod
1356 4578 1542 4682 utrumqne
1568 4591 1674 4664 solvit
1699 4597 1875 4681 metretae,
1916 4597 1953 4662 et
1976 4589 2052 4660 duae

516 4712 668 4802 piscinae
694 4733 832 4804 parrae,
859 4719 895 4784 et
920 4714 1064 4784 tertium
1090 4712 1325 4784 molendinum
1347 4701 1536 4784 ventosum
1562 4713 1652 4784 Item
1678 4713 1871 4802 pomarium
1898 4713 2051 4803 optimum

515 4834 613 4904 iuxta
639 4833 779 4924 curiam,
807 4833 1005 4906 coenobiale
1033 4834 1182 4906 diversis
1208 4833 1393 4906 arboribus
1411 4831 1586 4923 refertum,
1613 4839 1650 4904 et
1675 4839 1757 4906 sunt
1782 4833 1832 4904 ibi
1858 4833 1938 4923 plus
1963 4849 2052 4922 quau

515 4955 724 5044 quingentae
742 4953 886 5025 arbores
904 4954 1060 5045 pirorum
1079 4961 1115 5026 et
1133 4970 1314 5044 pomorum
1331 4951 1528 5044 frugiferae.
1556 4951 1716 5025 Gonfinat
1734 4973 1811 5024 cum
1828 4953 1859 5024 L
1869 4952 2052 5043 pechou,

513 5074 733 5165 Byelyny,
760 5073 983 5165 Dambno,
1010 5073 1260 5164 Jeszorko,
1286 5073 1498 5165 Antiqua
1524 5072 1653 5164 Slup,
1680 5073 1906 5145 Milanow.

619 5194 805 5268 Balneum
834 5196 869 5266 in
897 5195 1024 5285 oppido
1052 5194 1179 5285 Slop,
1216 5195 1308 5285 quod
1334 5215 1399 5284 pro
1425 5213 1540 5266 annuo
1567 5213 1672 5266 censu
1708 5194 1815 5266 solvit
1848 5189 2048 5266 monasterio

512 5315 599 5388 duas
626 5337 781 5405 marcas,
808 5321 844 5388 et
871 5318 945 5387 eius
972 5315 1189 5387 inhabitator
1223 5321 1365 5387 tenetur
1399 5335 1464 5406 pro
1491 5315 1648 5405 qualibet
1682 5316 1892 5387 necessitate
1917 5313 2049 5385 fratrum

512 5436 563 5506 ire
591 5437 685 5508 solus
712 5443 775 5508 aut
801 5437 949 5526 mittere,
978 5443 1014 5508 et
1041 5437 1077 5507 in
1104 5437 1228 5508 balneo
1256 5435 1449 5508 coenobiali
1476 5436 1512 5506 in
1548 5435 1690 5507 Calvo
1726 5434 1885 5507 Monte
1911 5431 2049 5522 singulo

510 5575 588 5626 rurn
613 5556 759 5630 fratrum
786 5557 941 5647 singulas
968 5557 1196 5629 necessitates
1223 5557 1374 5647 explere.
