4492 6592
1676 787 1748 857 175

199 989 231 1054 et
256 985 399 1056 tertiam
426 989 564 1074 avenae,
594 991 630 1056 et
657 986 790 1058 decima
815 987 1014 1060 huiusmodi
1033 993 1179 1060 vocatur
1196 985 1408 1083 topczc'azao',
1425 994 1463 1060 et
1481 990 1614 1062 decima
1631 992 1751 1063 huius·
1861 1022 1863 1025 ·

197 1103 286 1176 modi
320 1107 529 1178 aestImatur
565 1107 609 1177 ad
644 1108 769 1197 viginti
804 1101 957 1199 marcas,
985 1113 1021 1180 et
1045 1108 1210 1181 tenentur
1236 1111 1388 1200 propriis
1415 1112 1575 1183 curribus
1603 1113 1750 1185 adeius

197 1225 388 1296 ducturam.
415 1227 503 1308 Item
530 1229 560 1300 si
587 1229 664 1318 quis
692 1229 775 1299 colit
801 1235 838 1300 et
864 1231 951 1300 serit
977 1251 1098 1319 agrum
1126 1231 1310 1320 desertum,
1337 1233 1373 1302 in
1399 1237 1474 1303 toto
1501 1233 1557 1303 vel
1584 1234 1620 1303 in
1637 1240 1749 1324 porte,

200 1346 425 1420 nihilominus
463 1349 508 1420 ad
534 1349 671 1439 plenam
699 1349 852 1421 decimae
879 1351 1070 1440 pecunialis
1097 1357 1134 1422 et
1160 1353 1265 1421 etiam
1293 1352 1337 1424 ad
1364 1351 1582 1447 coperiazaae
1607 1355 1752 1426 solutio·
1859 1372 1863 1380 ·

197 1487 270 1537 nenn
298 1467 488 1562 obligatur,
523 1469 609 1540 Item
636 1490 705 1541 non
733 1475 787 1541 est
820 1470 959 1560 aliquod
987 1471 1167 1561 praedium
1194 1473 1231 1542 in
1258 1473 1341 1543 villa
1366 1472 1532 1562 praefata
1568 1475 1655 1544 Item
1682 1497 1750 1548 non

199 1594 251 1659 est
285 1589 535 1661 molendinum.
575 1591 663 1662 Item
699 1597 781 1662 sunt
814 1593 863 1664 ibi
899 1593 1066 1664 tabernae
1102 1598 1139 1664 et
1174 1593 1410 1684 hortulauiae,
1437 1594 1500 1666 sed
1525 1616 1595 1666 non
1609 1597 1752 1668 'hahent

197 1730 307 1799 agros.
1214 1715 1219 1724 ⁴

297 1830 505 1923 Prasszun,
533 1833 617 1903 villa
645 1834 708 1905 suh
735 1834 901 1923 parochia
927 1834 1094 1905 ecclesiae
1121 1835 1165 1905 de
1191 1833 1421 1907 Grasznik
1448 1837 1527 1926 sita,
1554 1837 1651 1909 cuius
1669 1859 1750 1926 pro·
1782 1845 1813 1929 χ

195 1955 324 2044 prietes
353 1959 391 2024 et
418 1953 607 2058 dominium
636 1955 681 2025 ad
706 1954 901 2026 lohannem
938 1955 981 2026 de
1008 1955 1101 2045 Rap
1114 1957 1422 2028 sthin‘nohilem
1448 1957 1492 2029 de
1518 1959 1625 2029 armis
1651 1945 1752 2049 Bip-

135 2137 140 2146 .
195 2075 413 2166 pannium
440 2076 602 2165 pertinet·
638 2073 677 2147 ln
706 2097 775 2167 qua
802 2083 884 2148 sunt
911 2077 1044 2167 viginti·
1062 2077 1132 2149 duo
1158 2077 1251 2149 lanei
1279 2078 1532 2169 cmethonales,
1558 2099 1601 2150 ex
1628 2079 1771 2169 quihus·

199 2195 313 2267 decem
343 2199 382 2266 et
408 2201 540 2287 septem
577 2217 655 2267 cum
691 2197 804 2269 medio
817 2198 972 2269 solvunt
998 2199 1167 2270 decimam
1194 2199 1406 2289 pecunialem
1434 2219 1498 2290 per
1525 2220 1585 2271 sex
1612 2219 1753 2290 grossos

196 2317 361 2389 ecclesiae
390 2322 426 2388 ct
451 2319 666 2390 monasterio
690 2319 726 2388 in
753 2317 1000 2409 Orasznik,
1028 2320 1071 2390 de
1098 2317 1249 2410 quatuor
1276 2341 1359 2392 vero
1386 2321 1496 2392 laneis
1524 2342 1601 2392 cunr
1628 2321 1746 2393 medio

196 2439 342 2510 soluitur
371 2439 476 2510 etiarn
504 2439 637 2510 decima
663 2439 852 2530 pecunialis
879 2461 943 2530 per
970 2461 1029 2511 sex
1056 2461 1199 2530 grossos
1226 2441 1452 2513 scholastriae
1470 2441 1752 2516 Sandominensi.

98 2591 99 2602 ¹
195 2559 279 2630 Item
306 2581 380 2632 non
408 2560 548 2631 solvunt
575 2561 698 2651 canapi
725 2561 902 2632 decimam.
928 2561 1015 2632 Item
1035 2583 1154 2632 omnes
1171 2562 1295 2652 viginti
1318 2562 1387 2633 dno
1404 2563 1498 2634 lanei
1516 2564 1751 2635 emethonales

98 2739 100 2772 ,
195 2686 262 2752 tarn
289 2681 338 2770 hi,
369 2681 429 2772 qui
455 2681 621 2753 decimam
649 2682 863 2772 pecunialem
895 2683 1061 2754 coenobio
1087 2683 1125 2753 in
1151 2681 1380 2755 Grasznilr
1408 2685 1556 2775 solvunt,
1585 2706 1687 2776 quam
1714 2692 1751 2757 et

195 2803 253 2892 illi,
279 2803 341 2892 qui
371 2823 463 2874 aam‘
487 2803 626 2875 solvunt
652 2803 878 2875 scholastriae
906 2803 1197 2890 Sandomiriensi,
1224 2809 1387 2877 tenentur
1414 2805 1458 2877 ad
1485 2806 1652 2878 decimam
1679 2829 1751 2879 rno-

98 2925 100 2944 ³
196 2924 372 3013 deratam,
400 2925 603 2996 solvendam
637 2924 801 2997 ecclesiae
836 2931 872 2997 et
908 2927 1120 2997 monasterio
1148 2926 1184 2996 in
1211 2925 1459 3016 Orasznik;
1486 2928 1633 3018 quilibet
1659 2929 1752 2999 enim

196 3045 236 3116 de
261 3045 366 3116 laneo
393 3050 534 3117 tenetur
560 3047 696 3118 solvere
723 3047 889 3118 ecclesiae
916 3047 1094 3136 praelatae
1120 3068 1225 3119 unam
1253 3048 1421 3118 cassularn
1448 3049 1576 3139 tritici,
1603 3049 1750 3122 alteram

174 3166 353 3256 siliginis,
382 3167 520 3238 tertiam
549 3187 697 3258 avenae,
725 3173 762 3238 et
788 3165 922 3238 decima
953 3167 1151 3240 huiusmodi
1177 3171 1322 3240 vocatur
1348 3166 1564 3263 coperiazna,
1591 3175 1628 3241 et
1654 3169 1753 3241 valor

98 3273 100 3334 ἶ
197 3287 268 3358 eius
303 3288 514 3360 aestimatur
549 3289 594 3360 ad
631 3287 781 3379 quinque
807 3309 960 3378 marcas,
988 3295 1024 3360 et
1050 3293 1216 3396 tenentur
1241 3289 1393 3380 propriis
1421 3291 1579 3362 curribus
1606 3289 1651 3361 ad
1678 3291 1752 3362 eius
1855 3379 1860 3388 ι

199 3407 390 3481 ducturam.
418 3411 515 3499 Item,
543 3411 573 3481 si
601 3411 677 3500 quis
705 3411 788 3482 colit
815 3415 851 3481 et
875 3392 963 3482 serit
990 3432 1111 3512 agrum
1139 3410 1316 3482 desertum
1342 3413 1379 3482 in
1405 3416 1481 3484 toto
1508 3413 1563 3483 vel
1591 3412 1627 3482 in
1645 3393 1746 3502 parte

200 3531 424 3603 nihilominus
460 3532 505 3604 ad
540 3532 695 3622 plenam,
722 3537 794 3603 talu
822 3533 975 3603 decimae
1001 3533 1209 3622 pecunialiS,
1237 3553 1340 3623 quarn
1367 3533 1412 3603 ad
1439 3530 1636 3628 coporisnae
1661 3533 1753 3604 solu·
1871 3589 1879 3599 .

98 3647 99 3734 J
201 3653 337 3724 tionem·
358 3651 543 3744 obligatur.
570 3653 657 3724 Item
685 3675 753 3724 non
782 3658 836 3724 est
862 3655 911 3724 ibi
937 3653 1116 3743 praedium
1144 3655 1285 3744 aliquod
1311 3656 1348 3724 in
1375 3654 1458 3726 villa
1483 3653 1659 3745 praefata,
1686 3677 1755 3724 non

197 3781 247 3845 est
271 3773 521 3865 molendinum,
548 3797 617 3846 non
646 3779 727 3847 sunt
753 3775 930 3866 tabernae,
958 3797 1025 3846 non
1054 3781 1135 3846 sunt
1160 3776 1389 3847 hortulaniae.

298 3897 577 3986 Scuucuruun',
599 3897 689 3968 uilla
724 3896 788 3968 suh
820 3897 986 3987 parochia
1021 3897 1187 3968 ecclesiae
1214 3897 1257 3968 de
1284 3895 1511 3968 Orasznik
1538 3899 1628 3987 sita,
1654 3897 1752 3969 cuius
1867 3881 1871 3886 Α

198 4020 393 4109 proprietas
428 4024 465 4089 et
501 4017 690 4089 domimum
726 4017 770 4088 ad
806 4012 999 4092 Johanne'm
1037 4019 1362 4109 Rapsthinslry
1397 4018 1547 4089 nobilem
1575 4019 1622 4089 de
1645 4019 1751 4089 armis

198 4139 505 4230 Bippennium
531 4141 692 4230 pertinet.
720 4141 761 4210 In
788 4162 858 4230 qua
884 4145 965 4210 sunt
991 4139 1185 4230 quindecim
1212 4139 1304 4210 lanei
1331 4161 1407 4210 cum
1435 4139 1568 4230 medlo,
1595 4139 1639 4210 de
1666 4161 1751 4232 quo-

125 4277 127 4282 ’
199 4283 270 4330 rum
297 4261 480 4332 duodecim
517 4261 645 4351 laneis,
673 4261 821 4332 solvitur
857 4261 990 4331 decima
1017 4261 1207 4350 pecunialis
1242 4281 1305 4352 per
1332 4281 1393 4331 sex
1419 4281 1561 4351 grossos
1588 4261 1753 4332 ecclesiae

203 4389 235 4452 et
258 4383 474 4454 monasterio
498 4383 534 4454 in
562 4380 798 4470 Grasznik,
826 4382 869 4454 de
895 4383 1009 4453 trihus
1036 4403 1118 4452 vero
1146 4381 1257 4453 laneis
1283 4403 1360 4452 cum
1386 4382 1500 4452 medio
1527 4383 1675 4454 soluitur
1694 4382 1753 4454 de-

201 4505 283 4574 cima
308 4504 500 4594 pecunialis
519 4505 624 4576 etiam
642 4525 706 4594 per
724 4525 785 4575 sex
803 4525 945 4594 grossos
963 4503 1190 4575 scholastriae
1212 4503 1494 4593 Sandomiriensi,
1520 4505 1606 4575 item
1635 4505 1754 4577 omnes

200 4623 286 4696 lanei
313 4625 466 4715 praelati
493 4647 561 4696 non
581 4625 721 4696 solvunt
739 4626 904 4696 decimam
925 4627 1057 4715 canapi.
1085 4626 1173 4696 Item
1191 4645 1310 4696 omnes
1329 4625 1523 4716 quindecim
1542 4647 1619 4696 cum
1637 4625 1751 4700 medio
1822 4698 1825 4705 ,

200 4745 294 4835 lanei,
321 4753 396 4818 tarn
423 4747 470 4836 hi,
498 4747 557 4837 qui
585 4745 724 4819 solvunt
751 4749 786 4817 in
811 4746 1042 4818 Grasznik
1070 4747 1238 4818 decimam
1265 4748 1488 4837 pecunialem,
1516 4769 1619 4838 quam
1638 4754 1674 4819 et
1692 4748 1754 4836 illi,

203 4869 317 4954 quiin
346 4867 589 4940 scholastriam
616 4868 938 4958 Sandomiriensem,
966 4873 1132 4939 tenentur
1159 4869 1204 4939 ad
1230 4868 1398 4940 decimam
1426 4869 1648 4959 moderatam,
1667 4890 1754 4959 quae

203 4995 341 5060 uocatur
377 4987 577 5084 copatione,-
613 5011 691 5060 nam
729 4991 875 5080 quilibet
902 4989 945 5061 de
971 4991 1072 5061 laneo
1109 4991 1243 5062 solvere
1270 4990 1435 5061 ecclesiae
1461 4991 1498 5060 in
1526 4988 1753 5061 Orasznilr

203 5129 298 5181 uuam
327 5111 498 5182 cassulam
526 5112 653 5201 tritici,
681 5112 827 5182 alteram
854 5111 1023 5202 siliginis,
1047 5112 1187 5182 tertiam
1214 5131 1345 5182 avenae
1372 5112 1565 5201 obligatur,
1591 5116 1629 5182 et
1655 5111 1754 5186 valor

207 5231 275 5302 eius
301 5233 508 5304 aestimatur
543 5233 587 5304 ad
625 5237 776 5323 quatuor
810 5253 965 5323 marcas,
993 5238 1029 5304 et
1054 5237 1218 5304 tenentur
1243 5232 1396 5322 propriis
1423 5232 1582 5303 curribus
1608 5231 1651 5303 ad
1679 5231 1754 5302 eius

207 5349 390 5424 ducturam.
417 5353 506 5426 Item
534 5355 563 5425 si
591 5355 668 5446 quis
695 5375 815 5444 agrum
844 5354 1020 5426 desertum
1048 5354 1082 5424 in
1111 5359 1211 5443 parte
1237 5353 1292 5424 vel
1320 5353 1355 5423 in
1382 5357 1458 5423 toto
1487 5352 1570 5423 colit
1595 5357 1632 5423 et
1658 5353 1755 5460 serit,

207 5472 422 5546 nihilominus
450 5475 497 5546 ad
523 5475 660 5564 plenam
681 5480 758 5546 tam
786 5475 939 5546 decimae
966 5475 1165 5564 pecunialis,
1192 5493 1294 5564 quam
1322 5469 1518 5568 capacisque
1544 5473 1752 5544 solutionem
1847 5525 1851 5530 ·

208 5593 385 5684 obligatur.
414 5595 502 5666 Item
529 5617 598 5667 non
626 5602 680 5667 est
706 5596 755 5668 ibi
782 5595 970 5688 praedium,
989 5617 1057 5667 non
1078 5600 1160 5670 sunt
1186 5594 1362 5685 tabernae,
1389 5614 1502 5687 neque
1523 5595 1754 5687 hortulaniae‚

207 5709 283 5784 item
307 5737 375 5788 non
402 5721 484 5790 sunt
510 5716 717 5816 molendina.
