4492 6592
94 931 116 990 d

91 2396 99 2448 l

112 2527 118 2537 ·
211 2513 861 2610 urzincziczeDzerzaszna,
889 2518 1770 2612 Golyaczow,Dalcschiczc,SanctiPauli
1825 2493 1856 2582 Ἀ

90 2639 98 2692 l

1576 809 1584 834 t
1707 757 1779 828 105

217 943 253 1010 et
282 941 474 1014 canonicus
501 941 760 1036 Gracoviensis,
778 945 946 1020 electione
973 947 1141 1022 conformi
1159 951 1403 1042 capitularium
1422 955 1458 1026 in
1476 957 1677 1048 episcopum
1695 958 1781 1033 Gra·

94 1155 96 1168 .
217 1059 417 1134 curiensem
443 1083 508 1154 per
534 1063 787 1148 Honorium
819 1089 944 1158 papam
971 1071 1113 1144 tertium
1140 1093 1232 1146 anno
1258 1074 1399 1146 Domini
1430 1078 1527 1150 1218
1554 1079 1717 1168 provisus
1744 1071 1781 1154 ct

216 1179 448 1256 confirmatus
475 1189 546 1274 cst,
573 1190 610 1258 et
635 1186 679 1260 dc
705 1209 768 1260 suo
795 1181 959 1262 mandato
994 1212 1057 1281 per
1085 1191 1335 1266 Henricum
1362 1197 1660 1288 archiepiscopum
1687 1197 1780 1274 Gne-

107 1064 115 1113 n

94 1177 114 1234 a

93 1299 113 1353 l
218 1319 386 1376 anensem
421 1312 652 1380 consecratus.
691 1307 918 1382 Praedicator
953 1312 1262 1388 excellentissimus
1298 1322 1335 1386 et
1370 1317 1425 1388 vir
1461 1318 1563 1390 valde
1598 1319 1779 1413 benignus,

93 1423 124 1476 Ι.

93 1526 112 1597 b

97 1670 110 1720 a

92 1789 109 1839 e

98 1915 107 1963 n

216 1421 302 1494 nihil
341 1425 540 1516 antiqmus,
576 1448 619 1500 ex
653 1451 721 1520 quo
757 1431 793 1500 in
820 1431 1021 1522 episcopum
1056 1432 1320 1506 Gracoviensem
1345 1443 1528 1526 promotus
1555 1444 1610 1510 est
1636 1439 1775 1532 ducens,

216 1562 320 1632 qnam
350 1551 393 1618 ut
419 1547 602 1622 dioecesim
630 1572 728 1624 suam
756 1551 1020 1626 Gracoviensem
1057 1555 1213 1628 ecclesiis
1239 1557 1496 1646 parochialibus
1522 1563 1560 1630 et
1586 1567 1775 1634 conventu-

107 1654 110 1660 ’
213 1663 327 1738 adibus
366 1675 404 1740 et
439 1670 509 1760 piis
544 1671 629 1743 locis
661 1669 882 1764 implevisset
923 1674 1144 1767 Quapropter
1179 1697 1256 1748 cum
1282 1678 1417 1768 aliquot
1443 1678 1575 1751 famosa
1600 1683 1777 1772 coenobia,

98 1893 101 1903 A
213 1785 382 1860 videlicet
407 1789 444 1860 in
462 1789 639 1882 Mogila
666 1794 739 1866 sive
757 1793 950 1866 Claratu
961 1797 1057 1868 mba
1083 1797 1216 1868 ordinis
1234 1797 1485 1888 cisterciensis,
1502 1801 1586 1871 item
1604 1801 1778 1890 hospitale

213 1906 362 1980 fratrum
402 1911 535 1982 ordinis
571 1912 721 2004 Spiritus
756 1915 876 1988 Sancti
911 1937 987 1988 cum
1022 1919 1201 2008 geminata
1235 1937 1338 1990 cruce
1372 1919 1416 1990 de
1442 1918 1599 2009 Saxia,
1626 1940 1691 2009 pro
1717 1943 1774 1992 re-

212 2028 421 2102 collectione
448 2032 696 2106 miserabilium
723 2057 960 2126 =personarum
996 2039 1032 2110 in
1068 2038 1328 2128 Pranduik,
1354 2040 1436 2121 item
1464 2041 1713 2112 monasterium
1739 2043 1775 2114 in

210 2148 379 2226 Matow
405 2153 538 2226 ordinis
565 2157 809 2228 canonicorum
837 2158 1048 2249 tepidarium
1076 2159 1177 2230 Beati
1204 2159 1403 2249 Augustini,
1421 2159 1504 2230 item
1524 2160 1799 2232 monasterium·

211 2267 360 2342 Sanctae
391 2271 575 2346 Trinitatis
602 2276 638 2348 in
665 2275 905 2368 Gracovia,
930 2285 966 2350 et
993 2279 1088 2350 aliud
1115 2279 1233 2350 Sancti
1260 2277 1384 2350 Jacobi
1410 2277 1447 2348 in
1474 2276 1774 2351 Sandomiria
1865 2318 1893 2352 ·.

210 2390 345 2462 ordinis
386 2394 683 2488 praedicatorum,
719 2399 802 2470 item
838 2400 1001 2472 ecclesias
1036 2399 1254 2490 parochiales
1279 2399 1315 2468 in
1343 2398 1651 2490 Luborzicza,
1678 2399 1771 2472 Wa-

212 2633 245 2706 in
272 2633 576 2710 Sandomiria
601 2629 791 2730 fundasset,
817 2641 1038 2713 monasteriis
1066 2660 1204 2731 qnoque
1230 2639 1347 2710 dotem
1374 2639 1613 2730 sufficientem,
1639 2641 1793 2731 partim.

90 2767 96 2813 l
210 2773 249 2826 ex
268 2757 494 2846 'patrimonio
521 2781 602 2850 suo,
629 2761 756 2850 partim
785 2783 828 2832 ex
854 2763 955 2834 bonis
981 2760 1245 2852 episcopalibus,
1270 2759 1424 2832 ecclesiis
1450 2780 1535 2832 vero
1561 2762 1770 2850 parochiali·
1798 2852 1801 2858 Ι

108 2863 109 2893 ’
211 2875 272 2948 bus
299 2897 344 2948 cx
375 2877 517 2952 decimis
544 2901 684 2952 mensae
707 2875 924 2973 episcopalis
952 2875 1200 2972 consignasset.
1240 2874 1520 2972 Coenobiumque
1546 2881 1769 2954 sanctimoni-

89 3049 90 3058 ,
210 2995 323 3088 adnm,
351 3019 418 3070 seu
445 3000 617 3092 virginum
644 3002 777 3074 ordinis
803 3001 1171 3090 Prasmonstratanais,
1198 3001 1233 3070 in
1262 3001 1345 3070 villa
1371 3001 1571 3090 patrimonii
1589 3002 1645 3074 aui
1664 3001 1769 3074 Dlu-

105 3168 110 3177 ·
210 3117 343 3210 bnya,
385 3141 473 3212 quae
502 3123 677 3220 ,hatenus
712 3122 1050 3214 Imramomicze
1087 3122 1280 3216 vocitatur,
1315 3121 1452 3212 erigere
1487 3127 1526 3192 et
1558 3121 1706 3194 fundare
1731 3124 1768 3194 in

104 3245 105 3274 ³
212 3241 367 3314 animum
405 3229 518 3314 suum
541 3243 697 3332 indurit;
733 3243 809 3314 viro
845 3243 936 3314 enim
971 3243 1043 3332 illi,
1080 3249 1116 3313 ct
1151 3244 1328 3332 gemmata
1363 3243 1509 3314 scientia
1543 3243 1707 3334 pollenti,
1733 3249 1770 3316 et

208 3361 313 3432 divird
342 3364 436 3453 ignis
463 3383 593 3444 amore.
608 3366 792 3454 aestuanti,
818 3365 863 3436 ad
890 3365 1061 3436 culturam
1088 3365 1281 3436 maiestatis
1307 3364 1446 3436 divinae
1472 3369 1510 3436 ct
1535 3365 1581 3436 ad
1598 3364 1768 3456 amplian·
1797 3374 1801 3382 '
1896 3449 1902 3456 ,

210 3481 287 3552 dum
324 3483 509 3574 religionis
543 3471 758 3562 orthodoxae
790 3486 915 3575 ntum,
943 3487 1003 3576 qni
1034 3486 1181 3558 salutem
1207 3486 1244 3558 in
1271 3468 1436 3576 praesens
1463 3492 1500 3557 et
1525 3487 1562 3558 in
1588 3492 1767 3577 posterum

209 3609 324 3691 posset
365 3603 521 3693 prolerre
547 3605 585 3676 'et
611 3626 818 3696 procurare,
845 3606 881 3678 in
909 3605 1029 3698 Regno
1053 3604 1222 3679 Poloniae
1249 3612 1285 3678 et
1310 3607 1347 3676 in
1373 3606 1524 3678 dioecesi
1550 3627 1615 3680 sua
1640 3605 1767 3689 Greco-
1895 3597 1901 3605 ’

98 3715 99 3791 ζ
207 3723 324 3813 riensi,
355 3723 563 3814 animarum¹
578 3727 694 3800 nullae
720 3747 812 3818 opes,
840 3728 955 3800 nullae
983 3728 1102 3819 dotes,
1130 3735 1193 3800 aut
1218 3714 1431 3800 monasteria
1455 3727 1572 3798 nullae
1597 3728 1765 3800 ecclcsiae

211 3846 524 3938 quantumcumque
557 3848 774 3939 aequantes,
805 3849 849 3922 ab
877 3870 918 3922 eo
935 3857 1017 3922 aut
1044 3849 1122 3920 aliis
1148 3848 1333 3938 deodatae,
1359 3848 1518 3920 sufficere
1545 3848 1764 3921 videbantur.
1780 3863 1792 3925 ·.

209 3961 483 4040 Salaberrimum
521 3969 639 4059 itaque
667 3969 773 4040 animi
801 3970 856 4042 sui
882 3971 1098 4060 propositum
1124 3990 1232 4060 opere
1258 3968 1481 4059 impleturus,
1508 3989 1598 4040 auno
1624 3969 1765 4040 Domini

92 4187 93 4194 Ν
213 4087 323 4177 raas,
355 4087 392 4158 an
428 4087 569 4180 veruga
605 4065 819 4181 Dlnbnya
845 4112 867 4162 a
893 4091 1033 4162 flumina
1059 4091 1275 4182 nrunnya
1305 4090 1409 4160 aura
1433 4088 1521 4160 niun
1546 4088 1763 4180 deomena,

208 4207 295 4296 quod
330 4209 506 4300 hacteuus
543 4210 897 4286 Ymramowicze
933 4212 1113 4286 conaverit
1147 4210 1336 4300 appellari,
1361 4209 1438 4280 iure
1464 4208 1699 4302 haereditario
1726 4216 1763 4280 et

89 4377 90 4386 κ
206 4333 352 4416 paterno
380 4330 424 4402 ab
452 4350 493 4402 eo
521 4351 699 4422 possesso,
726 4334 974 4404 monasterium
1001 4332 1315 4405 sanctimonialium
1341 4330 1474 4402 ordinis
1500 4329 1762 4402 Praemonstra-

207 4450 313 4522 tensis
341 4451 408 4532 snb
434 4452 538 4524 titulo
566 4453 760 4526 ethonore
796 4454 1001 4526 Sanctorum
1029 4453 1129 4524 Petri
1154 4460 1191 4524 et
1216 4451 1319 4524 Pauli
1345 4451 1593 4542 Apostolorum
1628 4451 1762 4542 fundat,

207 4569 304 4662 cique
340 4572 378 4642 in
410 4572 527 4644 dotem
563 4573 755 4662 praelatam
783 4575 900 4648 villam
926 4575 1151 4665 Dlubnya,
1169 4565 1247 4646 cum
1265 4572 1462 4644 molendino
1479 4573 1517 4644 in
1535 4572 1648 4644 altera
1663 4573 1762 4646 duvii

207 4697 303 4780 parte
340 4693 428 4782 sito,
465 4714 541 4764 cum
577 4695 670 4766 omni
706 4695 858 4768 dominio
886 4702 922 4768 et
948 4697 1184 4786 proprietate,
1212 4694 1300 4766 nihil
1325 4693 1393 4766 sibi
1419 4694 1650 4785 reservando,
1676 4695 1762 4766 item

207 4811 386 4886 ecclesiam
412 4813 532 4888 Sancti
558 4816 739 4888 Benedicti
767 4817 803 4888 in
830 4817 951 4890 eadem
973 4817 1062 4890 ¹villa
1086 4816 1314 4905 Dlubnya,
1341 4835 1419 4886 cum
1446 4813 1588 4886 decimis
1606 4815 1761 4886 eiusdem

209 4935 411 5025 parochiae,
437 4936 556 5030 eidem,
576 4939 788 5010 monasterio
815 4939 893 5010 unit
918 4945 954 5010 et
979 4939 1190 5028 incorporat.
1228 4937 1319 5008 Item
1353 4936 1454 5007 villas
1481 4942 1518 5007 ct
1542 4935 1687 5025 praedia
1713 4933 1758 5005 ad

206 5059 314 5147 ipsum
328 5059 405 5130 inre
419 5060 646 5132 successionis
660 5065 827 5150 paternae
841 5065 1047 5150 spectantes,
1062 5059 1237 5132 videlicet:
1257 5058 1343 5128 Bra
1354 5078 1502 5145 eszno,
1517 5053 1759 5148 Rathagie,

88 5263 89 5286 ,
207 5177 534 5254 Grodzcczslro
562 5201 639 5254 cunr
666 5182 862 5254 custoribus
888 5187 925 5253 et
951 5182 1109 5254 omnibus
1128 5180 1349 5270 pertinentiis
1367 5183 1404 5250 et
1420 5179 1555 5250 iuribus
1573 5180 1656 5268 suis,
1675 5180 1757 5250 item

88 5287 90 5318 '
207 5300 355 5374 decimas
382 5304 543 5393 antiquas
570 5309 606 5374 et
632 5303 807 5376 novalium
834 5303 1068 5394 manipulares
1086 5303 1123 5374 in
1143 5301 1435 5401 Oberethocz
1462 5299 1758 5390 etPreginam

88 5725 90 5790 l

209 5421 299 5512 sitas,
326 5424 410 5498 item
437 5423 587 5496 dammas
612 5424 650 5494 in
677 5424 889 5514 Dlubnya
915 5424 999 5494 villa
1025 5424 1175 5494 liliorum
1202 5417 1757 5512 Syetheslaviadmensam
1873 5467 1878 5470 -
1941 5391 1965 5500 J
2027 5387 2035 5396 ⁵
2112 5429 2116 5436 '

206 5544 436 5636 episcopalem
463 5546 690 5635 pertinentes,
717 5545 761 5618 dc
787 5565 958 5618 consensu
984 5543 1126 5636 capituli
1153 5542 1393 5616 Gracoviensis
1421 5542 1608 5614 donatione
1634 5564 1758 5634 perpe-

88 5711 89 5718 1
119 5707 123 5730 ·
206 5667 265 5738 tua
287 5665 437 5756 largitur
463 5672 499 5738 et
516 5667 706 5758 consignat,
725 5666 1037 5740 sanctimonialium
1056 5686 1194 5756 quoque
1212 5664 1256 5736 de
1273 5664 1397 5736 ordine
1415 5664 1758 5740 Prasmonstratensi

307 5808 354 5848 bib.
368 5809 465 5848 eedem.
479 5809 520 5848 111.
1250 5856 1254 5862 ,
1352 5811 1358 5818 ’
1554 5815 1564 5859 l
1579 5816 1590 5859 i
