4492 6592
1655 705 1786 780 ,67

222 922 371 996 avenae,
401 925 581 980 mensurae
607 887 848 980 Zatboriensis
865 905 999 1000 manee.
1026 907 1114 982 Item
1133 915 1189 982 eat
1205 911 1256 984 ibi
1271 910 1420 984 taberna
1436 933 1506 984 une
1523 913 1655 994 habens
1673 875 1788 1005 apros,

223 1032 261 1098 et
288 1027 404 1099 solvit
430 1049 494 1120 pro
521 1049 626 1100 censu
653 1035 803 1120 quatuor
838 1051 983 1102 marcas.
1022 1033 1109 1103 Item
1136 1033 1338 1104 bortulauia
1363 1054 1452 1123 nna,
1479 1033 1523 1106 de
1550 1055 1619 1125 qua
1645 1042 1787 1119 tenetur
1899 1116 1902 1121 ,

220 1147 389 1237 equitare
417 1169 493 1221 eum
520 1149 659 1251 litteris
677 1157 714 1222 et
733 1151 882 1222 sedecim
899 1171 1041 1242 grecam
1060 1153 1260 1224 communis.
1287 1153 1376 1225 Item
1394 1154 1629 1226 molendinum
1647 1157 1786 1247 honum,
1870 1170 1877 1177 ·

219 1269 315 1359 quoa
344 1269 454 1342 sura
472 1325 480 1340 .
499 1325 533 1340 ..
560 1249 648 1342 uim
674 1272 723 1344 rur
751 1277 805 1344 eu
831 1271 1011 1362 praestum
1038 1273 1167 1346 nonum
1193 1274 1395 1346 coeuourue
1421 1275 1457 1346 n
1483 1276 1784 1381 praedictante,
1915 1305 1918 1311 ,

218 1389 262 1460 de
291 1411 366 1480 quo
394 1375 661 1464 monasterium*
676 1413 742 1483 pro
777 1393 1011 1465 sedecimam
1036 1394 1140 1466 tollit.
1179 1395 1268 1465 Item
1295 1395 1463 1485 plebanus
1489 1397 1597 1468 habet
1623 1394 1784 1488 proprios
1873 1391 1885 1402 ”

217 1529 325 1600 agros
347 1511 496 1616 liberes.
521 1512 610 1584 Item
636 1533 755 1586 ornnes
782 1515 859 1605 agri
884 1515 988 1586 uillae
1014 1514 1157 1588 solvunt
1182 1519 1219 1586 et
1244 1515 1443 1588 conducunt
1476 1517 1644 1588 decimam
1671 1520 1785 1590 mani-

218 1628 403 1724 pularem,
429 1640 466 1705 et
497 1634 697 1725 canapalem
724 1655 788 1726 per
815 1641 972 1727 quatuor·
991 1638 1150 1727 ierugas,
1176 1657 1241 1726 pro
1266 1637 1413 1708 ecclesie
1437 1638 1630 1727 parochiali
1656 1639 1785 1710 ibidem

217 1752 253 1822 In
281 1751 593 1845 IIrzczaczin,
621 1761 657 1826 et
684 1756 784 1828 valor
810 1757 884 1828 eius
911 1758 1118 1829 aestimatur
1144 1757 1188 1828 ad
1215 1757 1341 1846 viginti
1367 1777 1511 1829 marcas.
1551 1759 1640 1828 Item
1667 1761 1782 1847 babet,

219 1872 388 1963 praelata
413 1875 498 1948 villa
523 1877 633 1948 honus
661 1877 777 1969 sylvas
803 1883 840 1949 et
866 1883 976 1968 prata.
1012 1879 1101 1950 item
1128 1878 1296 1950 ecclesiae
1322 1883 1359 1949 et
1384 1878 1533 1968 plebano
1560 1899 1625 1968 pro
1651 1901 1785 1949 rucene
1862 1952 1866 1960 ,
1921 1925 1925 1930 -

219 1993 369 2067 solvunt
393 1995 540 2087 quilibet
564 1996 608 2069 de
634 1997 736 2079 lunen
762 2019 867 2070 unam
894 2019 1091 2072 mensuram
1118 1999 1276 2089 siliginis,
1303 1999 1406 2070 aliam
1433 1985 1564 2070 arenae
1582 1998 1784 2070 confertam.
1906 2107 1909 2110 Δ

96 2203 101 2214 ι
219 2113 388 2188 confluat
419 2139 495 2190 cum
522 2117 745 2210 Zelycnin
771 2123 808 2191 et
833 2121 984 2192 Borclr
1012 2127 1049 2192 et
1074 2120 1416 2211 Sosznowycze.

324 2237 418 2310 ltern
445 2238 514 2310 dux
542 2239 650 2312 babet
675 2239 738 2312 ibi·
752 2241 807 2312 ius
834 2261 1042 2332 supremum,
1069 2241 1113 2314 de
1141 2261 1210 2331 qao
1236 2241 1387 2312 solvitur
1412 2239 1509 2329 duci,
1536 2261 1627 2311 unus
1653 2241 1783 2312 chorus
1852 2254 1857 2260 ’
1916 2265 1920 2281 ·

218 2377 354 2429 avenae
382 2379 563 2430 mensurae
591 2359 775 2452 confertae,
802 2367 838 2433 et
866 2359 934 2433 duo
952 2361 1037 2452 galli
1055 2361 1099 2434 de
1117 2362 1273 2452 quolibet
1287 2361 1400 2454 laneo,
1419 2368 1456 2432 et
1473 2362 1625 2452 quinque
1643 2381 1781 2432 marcae
1844 2354 1846 2359 ’

216 2499 293 2550 cunr
322 2501 398 2550 nno
423 2479 559 2552 fertone
587 2482 775 2568 communis
802 2483 976 2572 pecuniae.
1003 2481 1091 2554 Itern
1117 2488 1202 2555 sunt
1225 2482 1275 2554 ihi
1302 2501 1365 2554 sex
1390 2482 1556 2572 piscinae,
1581 2481 1672 2552 duae
1701 2502 1782 2570 par-

155 2619 159 2626 ’
219 2617 282 2669 vae
311 2605 354 2671 et
381 2605 531 2690 quatuor
555 2601 714 2672 maiores.
741 2601 782 2672 In
808 2607 905 2674 terra
930 2601 1178 2674 zamoriensi.-

323 2719 490 2811 Rooow,
526 2721 610 2792 villu
644 2722 709 2794 sub
744 2723 911 2812 parochIa
946 2723 989 2794 de
1025 2707 1243 2795 Mochora
1273 2721 1361 2811 sita,
1387 2720 1485 2792 cuius
1509 2720 1710 2810 proprietas
1737 2709 1782 2792 ad

218 2841 474 2930 proprietatem
502 2844 706 2914 monasterii
732 2842 1022 2935 Zwyerzynensis‘
1044 2845 1206 2934 pertiuet
1237 2842 1277 2922 In
1305 2863 1375 2932 qua
1401 2848 1495 2912 sunt>
1509 2841 1600 2912 lanei
1628 2841 1783 2912 emethe-

219 2961 315 3034 uales
334 2951 384 3032 'et
411 2963 558 3054 quilibet
585 2963 691 3036 solet
718 3019 797 3055 ...‚
825 2966 908 3038 item
936 2985 1011 3054 oua,
1038 2965 1120 3036 item
1148 2963 1270 3054 gallos,
1296 2963 1381 3034 Item
1407 2981 1537 3051 caseos,
1563 2962 1647 3032 item
1674 2961 1811 3050 labor„

219 3081 301 3152 item
329 3081 522 3177 ponudcru,
549 3085 632 3156 item
659 3106 807 3182 osszyep,
834 3085 917 3156 item
944 3086 1094 3158 taberna
1119 3093 1202 3157 una·
1215 3085 1265 3156 ibi
1290 3084 1422 3154 habens
1440 3103 1562 3172 ‚agros
1589 3083 1673 3154 item
1700 3083 1783 3154 bor·
1836 3156 1839 3162 ,
1951 3135 1954 3140 -

220 3203 345 3294 tulani,
372 3205 455 3276 item
481 3205 726 3296 molendinum,
752 3207 836 3280 item
864 3207 1054 3297 praedium.
1080 3207 1168 3279 Item
1195 3225 1315 3279 omnes
1341 3206 1428 3293 agri
1446 3204 1548 3275 sillae
1577 3203 1718 3275 solvunt
1744 3210 1781 3274 et
1821 3280 1826 3286 ,

220 3323 421 3396 conducunt
446 3325 612 3398 decimam
638 3327 889 3418 manipularem
917 3333 954 3400 et
971 3325 1352 3418 canapalemt..Habet
1369 3323 1526 3414 procide
1543 3324 1628 3395 villa
1649 3331 1783 3394 utram-

220 3465 301 3534 que·
318 3447 439 3538 'ulpam
474 3447 624 3520 Ilnminis
660 3447 888 3540 Skatrina,
919 3449 1052 3522 habens
1088 3453 1193 3543 prata
1226 3453 1264 3519 et
1297 3447 1424 3538 sylvas.
1459 3445 1501 3517 In
1527 3451 1625 3516 terra
1650 3444 1780 3516 Zetho
1819 3466 1823 3470 ’
1889 3503 1893 3510 .

223 3587 273 3638 rae
316 3591 371 3639 1.·
1103 3623 1109 3630 .

274 3589 646 3778 ¹¹¹3blucuanz,.uilia
672 3709 715 3762 ox
740 3689 857 3781 lapide
882 3689 1088 3763 sabucetum
1115 3689 1349 3779 parochialem
1376 3687 1556 3798 ecclesiam
1583 3685 1716 3758 babens
1743 3686 1780 3755 In

221 3808 482 3900 se-Natiritati
509 3809 656 3882 Sanctae
682 3809 819 3882 Marlae
846 3789 1007 3901 dicatam,
1034 3811 1132 3882 cuius
1158 3810 1347 3881 domimum
1375 3809 1419 3880 ad
1434 3808 1687 3897 proprietatem
1706 3827 1779 3876 mo.
1882 3805 1891 3815 '
1976 3769 1980 3779 ¹

222 3931 366 4002 noster-ii
392 3930 678 4024 Zuyernyueuais
704 3909 873 4022 pertinet
907 3933 957 4018 lu,
975 3951 1043 4024 que
1069 3937 1153 4002 sunt
1178 3931 1270 4002 lanei
1297 3928 1540 4018 emethonales,
1568 3935 1604 3998 et
1632 3927 1778 4017 quilibet
1832 3995 1836 4002 .

220 4051 326 4123 solvit
353 4073 418 4142 pro
445 4056 549 4124 c'eusu
586 4071 659 4142 per.
675 4053 826 4124 sedecim
852 4071 1011 4144 grossos,
1038 4052 1123 4123 item
1149 4057 1216 4122 oba
1240 4051 1406 4139 triginta,
1435 4050 1519 4118 item
1545 4047 1657 4137 gallos
1685 4048 1772 4118 duos

221 4171 301 4244 item
341 4193 461 4244 caseos
487 4173 584 4246 duos.
619 4173 707 4246 Item
735 4175 907 4266 laborant,
935 4179 1037 4265 prata
1063 4171 1286 4260 falcastrum,
1313 4176 1351 4240 et
1376 4169 1542 4243 induras
1568 4188 1632 4258 pro
1659 4187 1778 4278 mona-

222 4295 330 4365 sterio
356 4294 495 4366 faciunt
522 4294 611 4384 Item
636 4294 826 4391 pometum
853 4297 937 4368 Item
965 4317 1101 4391 ossyep3
1129 4295 1212 4365 item
1238 4294 1385 4365 taberna
1411 4311 1480 4364 nou
1507 4295 1563 4362 est
1589 4291 1648 4360 ibi.
1687 4289 1778 4360 Item

222 4415 368 4504 quilibet
393 4416 437 4488 de
463 4417 563 4488 laneo
591 4417 696 4490 soluIt
721 4417 870 4508 plebano
884 4417 941 4490 ‘de
967 4416 1166 4492 missalibus
1192 4415 1280 4486 dnos
1298 4415 1423 4485 choros
1441 4432 1573 4484 avenae
1591 4409 1778 4482 consertae.

222 4533 306 4608 Item
336 4537 505 4627 plebanus
531 4539 640 4611 hahet
665 4539 752 4610 duos
779 4539 897 4610 laneos
923 4538 1053 4610 liberos
1080 4557 1144 4628 pm
1171 4557 1237 4608 uuo
1261 4534 1417 4625 praedio.
1442 4533 1532 4605 Item
1558 4532 1779 4604 bortulauiae

222 4677 287 4728 aon
316 4664 407 4730 sunt
433 4659 520 4731 Item
548 4659 782 4732 molendium
811 4679 880 4732 non
907 4665 971 4730 est.
999 4659 1090 4730 Item
1116 4657 1297 4748 praedqur
1324 4677 1395 4727 nou
1421 4660 1476 4727 est
1501 4654 1550 4728 ibi
1577 4644 1779 4724 coenobiale

224 4777 372 4870 aliquod.
397 4780 485 4851 Item
514 4799 633 4853 omues
660 4781 737 4871 agri
760 4779 863 4852 villae
881 4780 1021 4852 solvunt
1048 4785 1084 4850 et
1109 4779 1306 4858 conducunt
1332 4777 1498 4850 decimam
1525 4773 1778 4864 manIpnlarem
1795 4794 1807 4808 ·‘
1838 4813 1841 4818 -

224 4904 256 4969 et
290 4901 492 4991 canapalem
528 4923 593 4993 pro
629 4902 775 4998 cccleaIa
801 4901 992 4992 parochIali
1028 4901 1157 4972 ibidem
1184 4901 1220 4971 iu
1239 4898 1487 5003 blachus,
1514 4901 1552 4966 et
1578 4895 1676 4967 valor
1702 4894 1777 4964 eius
1885 4933 1889 4949 ·
1928 4978 1931 4987 Ι

224 5023 427 5093 aestimatur
454 5022 499 5096 ad
525 5041 587 5094 sex
613 5043 767 5112 marcas;
795 5023 993 5113 cauapalem
1021 5026 1138 5093 numm
1163 5021 1330 5092 decimam
1358 5018 1471 5108 soluit,
1489 5019 1587 5088 iuxta
1604 5015 1779 5105 quautIta·

224 5145 291 5213 tem
303 5161 485 5233 ‘pecorum
505 5145 698 5234 arantium3
725 5165 803 5215 uam
824 5145 864 5214 si'
881 5148 959 5215 arat
986 5149 1136 5233 quatuor
1161 5141 1285 5230 bobus,
1302 5146 1364 5212 aut
1380 5144 1530 5229 quatuor
1546 5135 1655 5226 equis,
1673 5134 1779 5205 solvit

86 5351 87 5356 Ἰ
224 5269 300 5335 octo
319 5264 467 5354 leruqas,
485 5265 516 5336 si
534 5269 649 5337 antem
667 5265 811 5356 duobus,
838 5265 943 5362 solvit
970 5268 1130 5354 quatuor,
1155 5264 1186 5333 si
1212 5267 1328 5342 antem
1354 5275 1434 5349 uuo,
1459 5257 1564 5328 solvit
1580 5255 1668 5329 duas
1685 5256 1777 5326 ieru-

223 5405 281 5474 gas
298 5385 398 5456 etde
417 5385 642 5476 amplioribus
661 5407 730 5458 non
755 5391 903 5458 tenetur.
930 5385 1090 5456 (ionium
1116 5403 1195 5454 cum
1221 5382 1447 5468 Sbaucze,
1473 5377 1690 5466 Zagorae.

322 5504 571 5597 Gconzrsno,
606 5507 690 5579 villa
723 5507 788 5580 sub
824 5507 989 5598 parochia
1023 5505 1067 5576 de
1103 5503 1280 5575 Zatbor
1315 5500 1443 5591 oppido
1469 5500 1561 5588 sita,
1586 5498 1686 5570 cuius
1712 5497 1776 5568 do·

222 5627 363 5700 mimum
399 5627 446 5698 ad
481 5629 729 5702 monasterium
764 5627 1036 5721 Zuyerzyueuse
1073 5625 1236 5717 pertiuet
1268 5623 1321 5732 'ln
1357 5642 1428 5713 qua
1459 5626 1542 5692 suut
1559 5711 1562 5714 ἢ
1581 5626 1660 5692 ooto
1686 5618 1779 5694 leuci
