4492 6592
1688 793 1762 864 323

192 999 348 1088 Petrus,
388 999 584 1089 Joliannes,
620 997 794 1088 Zegotlna,
823 997 986 1069 Nicolans
1014 995 1414 1089 Marczinousczy
1450 997 1536 1070 alias
1562 997 1765 1090 Zycnyu-

193 1123 396 1210 chowye
431 1121 475 1192 de
512 1121 618 1193 amnis
654 1117 847 1210 Thopor.
888 1118 928 1189 In
956 1139 1024 1208 qua
1050 1125 1134 1189 sunt
1159 1140 1282 1190 norem
1310 1139 1387 1190 cum
1415 1120 1527 1190 medlo
1545 1120 1647 1190 ¹lanei
1673 1141 1765 1191 cme-
1821 1211 1827 1218 ,

122 1227 127 1235 ’
192 1243 387 1332 thonales‚
414 1247 449 1312 ct
484 1241 527 1312 cle
563 1241 722 1311 omnibus
758 1240 906 1312 solvitur
942 1239 1073 1310 decima
1099 1240 1346 1330 manipularis,
1372 1247 1409 1312 et
1436 1261 1500 1331 per
1524 1249 1599 1312 tres
1624 1243 1769 1332 ierugas

196 1363 406 1454 canapalis,
432 1369 468 1434 et
495 1361 700 1434 conducitur
727 1381 791 1451 pro
819 1359 1029 1432 monasterio
1056 1361 1367 1432 sanctimonialium
1394 1361 1511 1433 Sancti
1539 1363 1700 1434 Andreae
1728 1363 1763 1434 in
1793 1429 1798 1441 ,

194 1483 348 1557 Graan
361 1485 446 1573 via,
473 1491 509 1554 et
535 1483 633 1554 valor
659 1482 735 1552 eins
763 1482 969 1552 aestimatur
997 1480 1040 1551 ad
1068 1481 1216 1552 sedecim
1244 1502 1388 1552 marcos.
1418 1483 1504 1553 Item
1532 1484 1679 1554 taberna
1695 1505 1764 1554 uno

193 1605 334 1676 habens
376 1625 498 1693 agros3
535 1605 616 1673 item
644 1601 864 1673 hortulaniae
897 1600 985 1671 dnae
1013 1601 1182 1672 habentes
1209 1621 1329 1691 agros,
1356 1602 1400 1672 de
1427 1603 1592 1674 omnibus
1619 1603 1766 1674 solvitur

197 1695 337 1796 ‹locirna
367 1723 595 1813 manipularis
630 1720 889 1812 tantummodo,
917 1722 951 1792 in
976 1717 1185 1815 ponitowono
1211 1742 1276 1812 pro
1302 1725 1513 1793 monasterio
1545 1721 1663 1794 Sancti
1691 1723 1764 1794 An·

195 1845 314 1916 draca.
360 1843 451 1916 Itcm
487 1843 666 1934 praedium
703 1863 772 1914 non
807 1849 862 1914 est
897 1842 933 1912 in
969 1841 1089 1912 eadam
1125 1841 1209 1912 villa
1235 1842 1394 1932 aliquod,
1421 1844 1504 1914 itam
1531 1844 1763 1916 molendinum

198 1970 369 2038 nonest.

303 2085 460 2173 Unonz‚
496 2084 581 2156 villa
616 2085 680 2156 snb
717 2083 883 2174 parochia
919 2083 1085 2156 ecclcsiae
1121 2083 1165 2153 de
1201 2081 1370 2154 Ghlina
1401 2083 1488 2172 sita,
1516 2085 1614 2156 cuius
1641 2085 1764 2156 haeres

108 2241 111 2247 ·
196 2205 385 2277 Jolnannes
413 2205 651 2294 Dlugosch
679 2204 722 2276 de
749 2202 1049 2293 Ozarnoczyn
1077 2203 1589 2277 nobilisdearuuisZabrza
1615 2205 1765 2294 glowa

199 2328 288 2397 alios
317 2325 603 2416 Wycnyowa.
644 2325 684 2396 ln
712 2345 780 2416 qua
816 2331 897 2396 sunt
923 2325 1047 2414 viginti
1075 2325 1226 2414 quinque
1253 2325 1345 2396 lanei
1373 2325 1627 2416 cmethonalcs,
1656 2327 1762 2402 etde

197 2448 366 2518 omnibns
394 2447 542 2518 solvitur
569 2445 702 2518 decima
729 2446 965 2535 manipularis,
990 2452 1027 2516 et
1052 2465 1116 2535 per
1143 2439 1293 2534 quatuor
1320 2445 1459 2542 icrugas
1490 2445 1668 2536 canapalis
1686 2467 1763 2517 coe·

198 2569 304 2640 nobio
334 2567 650 2640 sanctimonialium
679 2565 796 2652 Sancti
825 2565 994 2656 Andreae,
1021 2572 1057 2636 et
1084 2572 1250 2637 tenentur
1277 2565 1371 2636 illam
1390 2567 1590 2638 cmethones
1610 2567 1762 2657 propriis

200 2689 365 2760 curribus
394 2688 520 2759 ducere
548 2689 583 2758 in
610 2688 772 2758 horreum
800 2706 821 2756 a
849 2685 1170 2758 sanctimonialibus
1192 2685 1375 2772 locandum
1394 2693 1430 2758 et
1448 2687 1546 2758 valor
1563 2688 1638 2758 eius
1656 2690 1762 2759 aesti-
1820 2769 1825 2777 ‚

199 2816 318 2880 matur
356 2809 401 2880 ad
438 2808 554 2880 decem
582 2827 727 2879 marcas.
767 2807 855 2878 Item
883 2813 964 2877 sunt
990 2805 1039 2878 ibi
1066 2807 1234 2878 tabernae
1261 2802 1359 2894 duae,
1386 2807 1556 2878 habentes
1582 2828 1695 2900 agros,
1727 2815 1763 2879 et

202 2931 344 3001 solvunt
380 2929 554 3000 decimam.
582 2928 831 3018 manipularem
866 2947 930 3018 pro
959 2927 1278 2998 sanctimonialibus
1304 2927 1339 2997 in
1365 2923 1592 3021 qooaltlnoonu,
1618 2935 1761 3019 praeter
1849 2946 1858 2971 ‘

202 3069 350 3139 paruum
378 3028 536 3139 campum
562 3035 665 3120 unius
691 3049 869 3138 tabernae,
896 3048 939 3121 de
967 3067 1035 3139 quo
1062 3067 1126 3138 pro
1152 3048 1297 3120 ecclesia
1316 3049 1351 3118 in
1370 3046 1546 3120 Ghlioa.
1574 3049 1661 3121 Item
1681 3056 1762 3122 sunt

203 3170 428 3242 hortulaniae
464 3169 571 3260 duae,
608 3167 668 3240 sod
684 3235 690 3247 ,
704 3189 773 3240 non
810 3168 941 3240 habant
973 3189 1085 3258 agros.
1130 3169 1218 3240 Item
1256 3177 1339 3240 sunt
1365 3167 1562 3241 molendina
1588 3171 1658 3240 tria
1684 3191 1761 3242 cum

203 3291 325 3382 medio,
355 3291 540 3382 exquibus
564 3289 637 3362 duo
665 3290 794 3361 habent
821 3309 933 3380 agros,
959 3311 1002 3362 cx
1022 3289 1307 3382 quibussolvunt
1324 3289 1492 3362 decimum
1511 3275 1761 3386 manipulorum

205 3411 373 3483 ecclcsiae
401 3413 436 3482 in
463 3409 638 3482 Chlina.
665 3411 752 3483 Item
780 3416 835 3481 cst
861 3410 1040 3502 praedium
1068 3431 1176 3482 unum
1202 3411 1362 3500 militare,
1390 3411 1433 3482 dc
1460 3411 1558 3482 cuius
1577 3413 1673 3501 agris
1693 3393 1775 3484 sol?

206 3533 300 3604 uitur
338 3533 474 3604 decim
508 3531 734 3622 manipularis
771 3531 936 3604 ecclcsiae
963 3531 1156 3622 parochiali
1183 3538 1221 3601 ct
1246 3532 1322 3601 eius
1348 3531 1496 3621 plebano
1522 3531 1559 3601 in
1586 3531 1763 3603 Chlina.

205 3651 291 3723 Item
322 3673 443 3724 omncs
470 3653 668 3725 cmethones
695 3651 835 3724 solvunt
862 3653 1015 3724 missalia
1041 3673 1105 3742 pro
1132 3652 1278 3724 ecclesia
1295 3653 1330 3722 in
1350 3650 1528 3742 Ghlina,
1547 3652 1591 3723 de
1610 3654 1763 3743 quolibet

104 3862 107 3881 ,
206 3763 305 3844 laneo
337 3792 402 3864 par
438 3793 497 3844 sex
523 3793 673 3862 grossos.
709 3771 797 3843 ltem
824 3773 1067 3844 tabernatores
1094 3777 1130 3842 ot
1155 3772 1449 3844 molendinatores
1477 3773 1616 3844 solvunt
1644 3769 1760 3867 lolyoss
1903 3797 1909 3805 ·

209 3889 288 3961 donn
315 3913 512 3984 perunum
539 3913 708 3984 grossum,
735 3893 912 3964 hortulani
938 3911 1022 3963 vero
1049 3911 1117 3962 non
1146 3891 1294 3963 solvont.

309 4013 558 4102 Wrnznrcnn,
585 4013 669 4085 villa
695 4014 760 4085 snb
787 4013 952 4103 parochia
978 4011 1144 4084 ecclesiae
1171 4011 1224 4082 de
1250 4011 1406 4082 lancis
1432 4011 1551 4082 Sancti
1578 4010 1762 4082 Adalberti

210 4133 284 4223 sito,
311 4135 410 4204 onius
438 4135 561 4206 haeres
588 4143 624 4206 ot
651 4134 809 4205 dominus
837 4132 1077 4206 serenissimos
1104 4131 1269 4204 Poloniae
1286 4151 1357 4202 rex.
1384 4132 1425 4202 In
1443 4151 1511 4223 qua
1529 4138 1610 4203 sunt
1628 4139 1761 4222 septem

210 4273 282 4324 cum
309 4254 425 4325 medio
459 4255 550 4328 lanei
577 4255 830 4344 cmethonalcs,
846 4245 910 4333 'cle
929 4255 1052 4345 quibus
1082 4253 1242 4325 omnibus
1269 4252 1416 4324 solvitur
1442 4251 1574 4324 decima
1601 4254 1760 4342 manipn-

210 4371 308 4466 laris‚
335 4383 372 4446 et
398 4394 461 4466 per
487 4381 636 4466 quatuor
670 4376 809 4466 ierugos
836 4376 1029 4467 campalis,
1057 4375 1267 4446 monasterio
1294 4374 1608 4446 sanctimonialium
1638 4373 1758 4445 Sancti

211 4493 379 4587 Andreae,
407 4502 442 4566 ct
468 4495 606 4570 ducitur
632 4497 667 4567 in
695 4515 814 4570 aarum
841 4497 1015 4586 horreum,
1030 4502 1078 4567 et
1104 4495 1203 4568 valor
1229 4497 1303 4567 eius
1329 4497 1536 4566 aestimatur
1564 4496 1606 4567 ad
1626 4501 1760 4586 septem
1796 4571 1801 4580 ,

213 4634 351 4688 marcas.
378 4617 467 4688 Item
493 4618 639 4688 taberna
665 4637 734 4690 una
760 4617 892 4689 habens
919 4637 1032 4708 agros,
1059 4617 1103 4688 ‹le
1129 4617 1254 4708 quibus
1281 4617 1415 4688 decima
1441 4616 1667 4707 manipularis
1693 4637 1758 4707 pro

214 4737 530 4810 sanctimonialibus
556 4738 591 4808 in
616 4735 831 4831 pontiacum.
868 4739 954 4811 ltem
983 4738 1204 4810 hortulanioc
1230 4759 1300 4809 non
1326 4743 1426 4827 sunt,
1453 4757 1565 4828 neque
1592 4737 1758 4809 molendi·

215 4875 299 4927 num.
325 4859 411 4930 Item
441 4857 619 4948 praedium
648 4863 702 4930 est
728 4859 777 4929 ibi
804 4860 955 4950 regium,
981 4860 1026 4930 de
1054 4860 1152 4930 cuius
1178 4861 1290 4950 agris,
1317 4859 1465 4930 solvitur
1491 4858 1624 4930 decima
1650 4859 1760 4928 mani-

216 4977 340 5064 pularis
366 5001 430 5070 pro
457 4979 560 5050 altari
588 4978 706 5051 Sancti
734 4979 902 5052 Vladislai
930 4981 965 5049 in
994 4979 1151 5050 Ecclesia
1177 4978 1409 5068 cracoviensi,
1436 4985 1472 5050 et
1498 4979 1597 5050 valor
1622 4977 1759 5047 eiusad

215 5099 282 5168 tres
303 5086 451 5172 'marcas

130 5286 134 5292 .
312 5220 541 5311 Donnnnow,
567 5221 651 5292 villo
678 5221 742 5292 snb
769 5221 935 5310 parochio
961 5221 1126 5292 ccclesiae
1152 5221 1196 5292 de
1222 5221 1528 5317 Zur-nowyecz
1555 5219 1632 5307 sita,
1659 5219 1757 5289 cuius

218 5335 376 5412 lanceolas
411 5340 750 5430 Przcdborius‚
777 5341 1008 5431 Sbigneus
1044 5349 1080 5412 at
1110 5341 1351 5412 Johannes
1375 5339 1504 5410 fratres
1532 5339 1576 5410 de
1602 5339 1758 5430 Sayet-

218 5475 289 5530 cna
312 5462 354 5534 de
381 5463 486 5533 armis
513 5460 823 5534 Gelitloonum.
850 5461 889 5533 ln
917 5480 986 5552 qua
1012 5469 1093 5534 sunt
1119 5460 1300 5533 duodecim
1326 5462 1418 5532 lanei
1444 5460 1687 5548 cmethonalcs,
1713 5459 1758 5530 de

220 5580 333 5665 numu
360 5583 518 5656 omnibus
545 5583 692 5654 solvitur
719 5582 852 5654 decima
870 5582 1104 5672 manipularis,
1123 5590 1160 5652 et
1177 5603 1241 5674 per
1258 5588 1408 5672 quatuor
1424 5582 1564 5671 ierngaa
1582 5581 1758 5672 canapalis
1882 5644 1886 5650 .

219 5681 418 5776 monasterio
445 5705 564 5776 Sancti
590 5705 761 5794 Andreae,
788 5711 823 5774 et
851 5703 988 5774 ducitur
1016 5703 1053 5774 in
1079 5705 1279 5790 monasterii
1306 5704 1479 5793 horreum,
1507 5709 1543 5775 et
1568 5704 1667 5775 valor
1684 5703 1759 5774 eius
