4492 6592
301 785 309 798 -
456 733 546 813 Ι116

473 947 672 1018 emethonee
698 941 954 1022 molendinator
981 945 1018 1012 et
1043 940 1287 1011 tabernatores
1314 936 1478 1008 inducere
1504 936 1540 1008 iu
1566 935 1740 1024 borreum,
1766 953 1789 1004 a
1813 931 2025 1004 monasterio

472 1065 663 1153 locandum.
689 1064 777 1136 Item
805 1061 972 1134 decimam
1000 1059 1123 1149 canapi
1148 1059 1392 1130 tabernatores
1419 1056 1620 1127 amethones
1646 1061 1684 1125 et
1701 1053 1974 1140 molendInator.
1992 1107 2026 1122 ..

465 1195 468 1200 '
575 1185 799 1272 Dauanrsr,
826 1181 909 1253 villa
936 1181 999 1252 sub
1026 1179 1194 1270 parochia
1219 1178 1384 1250 ecclesiae
1411 1177 1454 1247 de
1481 1175 1681 1266 Rupella
1706 1175 1792 1265 sita,
1819 1175 1918 1250 cuius
1944 1193 2026 1262 pro-

474 1307 608 1396 prietas
644 1303 687 1376 ad
716 1302 974 1376 serenissimum
1001 1300 1176 1374 dominum
1202 1319 1319 1388 regem
1346 1297 1508 1387 pertinet.
1547 1296 1588 1366 ln
1615 1313 1685 1386 qua
1710 1300 1765 1366 est
1790 1314 1880 1367 unus
1906 1293 2026 1365 laneus

472 1427 606 1498 habens
633 1430 744 1514 prata„
772 1423 816 1494 ab
844 1423 936 1492 omni
964 1441 1081 1510 censu„
1105 1420 1228 1492 labore
1254 1425 1291 1490 et
1316 1419 1450 1490 tributo
1477 1416 1577 1506 liber,
1603 1417 1661 1505 qui
1680 1420 1850 1505 perpetua
1867 1413 2028 1484 donatio
2150 1396 2156 1411 '

471 1565 515 1616 ne
542 1545 691 1616 donatus
717 1549 772 1615 est
797 1541 962 1614 ecelesiae
989 1538 1249 1631 parochiali'de
1275 1537 1490 1628 Rupells‚
1515 1556 1579 1627 per
1612 1531 1903 1606 Helizabeth'
1931 1533 2025 1622 regi-

472 1687 550 1738 nam
578 1666 735 1736 relictam
762 1662 921 1734 Caroli
942 1660 1149 1751 Hungariae
1175 1661 1278 1750 regia
1303 1665 1450 1730 matrem
1469 1677 1553 1755 vero
1570 1655 1799 1728 Ludovici
1824 1653 2032 1744 [longeriae
2156 1666 2157 1669 ’

472 1791 509 1857 et
535 1785 720 1874 Poloniae‚
748 1789 784 1854 et
819 1801 974 1854 sororem
1009 1800 1209 1870 germanam
1237 1778 1459 1851 casimiri
1485 1777 1650 1849 Poloniae
1677 1797 1816 1866 regum,
1834 1776 1886 1852 ‚ab
1903 1761 1958 1845 *ea
1977 1773 2027 1845 ab
2156 1746 2157 1785 ¹

472 1907 565 1980 omni
591 1905 711 1976 labore
739 1907 775 1974 et
802 1922 906 1973 onere
932 1883 1126 1973 libertatus
1143 1907 1234 1972 anno
1260 1899 1398 1970 Domini
1429 1899 1547 1986 13713
1571 1898 1634 1987 qui
1651 1897 1790 1988 quidem
1807 1895 1930 1968 laneus
1947 1900 2027 1965 erat

473 2032 574 2097 vetus
600 2025 780 2115 praedium
819 2022 880 2092 sed
917 2027 1100 2110 angustum
1137 2019 1302 2092 ecclesiae
1329 2019 1372 2090 de
1398 2017 1614 2108 Rupells‚
1641 2023 1745 2088 tenue
1772 2016 1817 2088 ad
1843 2015 2028 2102 culturam,

475 2143 565 2234 quod
593 2142 805 2214 monasterio
833 2142 867 2212 in
896 2140 1070 2212 Skalka
1096 2139 1250 2228 fundato,
1277 2137 1430 2210 Jacobus
1457 2138 1499 2208 de
1518 2137 1909 2228 Bogumilowicze
1935 2137 2028 2206 eius-

475 2262 550 2334 dem
580 2262 782 2334 monasterii
809 2260 905 2350 prior
932 2259 1155 2348 provincialis
1182 2258 1430 2348 ampliaturus,
1458 2258 1565 2328 aliurn
1600 2257 1737 2328 laneum
1764 2253 2028 2342 cmetlronalem,

473 2383 617 2471 antiquo
653 2381 753 2450 laneo
789 2379 986 2468 contiguum
1023 2383 1059 2450 et
1095 2378 1263 2466 vicinum,
1299 2377 1493 2448 censualem
1527 2384 1643 2448 tamen
1678 2383 1715 2447 et
1744 2376 1905 2448 servilem
1933 2373 2027 2464 apud

472 2481 667 2573 Johannem
694 2499 876 2571 Swinka
902 2499 1119 2570 amethouem
1146 2519 1237 2568 auno
1262 2497 1404 2569 Domini
1426 2499 1524 2570 1474
1542 2497 1650 2570 salvis
1668 2497 1842 2585 oneribus,
1861 2495 2027 2568 censibus

350 2693 352 2697 .
473 2627 512 2692 et
543 2620 686 2692 tributis
720 2619 845 2708 regiis,
881 2618 1065 2690 accedente
1101 2618 1145 2688 ad
1180 2617 1216 2688 id
1236 2636 1421 2710 'consensu
1447 2617 1590 2708 speciali
1625 2615 1848 2688 casimiri
1874 2615 2028 2686 Tertii
2156 2696 2157 2701 Ἰ

476 2739 641 2811 Poloniae
676 2739 788 2828 regis,
815 2758 879 2827 pro
914 2738 1060 2826 triginta
1095 2738 1221 2808 marcis
1248 2737 1438 2808 communis
1472 2737 1639 2826 pecuniae
1664 2738 1808 2826 coemit,
1835 2741 1873 2806 et
1898 2755 2027 2806 norum
2151 2744 2157 2817 j

471 2860 608 2932 laneum
635 2856 829 2949 praefatum
855 2856 1038 2928 habentem
1066 2857 1171 2928 etiam
1198 2862 1308 2946 prata
1336 2858 1446 2928 veteri
1473 2858 1629 2946 iungens,
1655 2856 1837 2947 praedium
1855 2856 2026 2946 optimum

474 2977 605 3068 effecit,
632 2977 894 3065 construxitque
929 2975 1000 3046 illic
1036 2977 1166 3046 curiam
1193 2977 1422 3066 praedialem,
1450 2977 1660 3048 monasterio
1687 2977 1731 3067 de
1757 2975 1956 3066 Rupella
1983 2994 2026 3046 ex

475 3097 736 3188 propinquitate
770 3095 837 3166 loci
876 3094 995 3166 utilem
1023 3101 1059 3164 et
1085 3099 1335 3185 necessariam,
1361 3096 1398 3166 in
1425 3115 1494 3186 qua
1519 3102 1637 3170 servat
1662 3095 1812 3188 plurima
1837 3115 1966 3185 pecora
1991 3100 2030 3164 et

476 3223 634 3288 armenta
669 3215 712 3285 ad
749 3216 1034 3314 sustentationem
1069 3216 1271 3286 monosterii
1307 3221 1512 3306 opportuna
1558 3216 1656 3288 Unus
1688 3222 1808 3288 autem
1844 3235 1888 3288 ex
1914 3215 2027 3288 laneis

377 3350 380 3362 '
474 3335 639 3426 praelatis
666 3335 754 3406 situs
781 3340 835 3404 est
860 3335 957 3405 iuxta
982 3335 1119 3406 laneum
1146 3334 1500 3427 Kozarzowslry‚
1518 3337 1609 3408 alter
1626 3357 1710 3408 vero
1728 3337 1826 3408 iuxta
1843 3335 2026 3406 Vislam

439 3505 442 3512 -
473 3462 510 3528 et
536 3475 696 3544 magnum
724 3455 844 3526 lacurn.
871 3454 960 3525 Item
987 3455 1029 3526 de
1056 3454 1223 3545 praefatis
1249 3456 1384 3528 duobus
1410 3456 1520 3528 laneis
1545 3459 1582 3528 in
1608 3457 1877 3548 Dambniky‚
1903 3456 2028 3526 taliter

474 3573 685 3648 monasterio
712 3575 747 3646 in
775 3574 949 3646 Skalka
975 3576 1225 3666 incorporatis,
1253 3577 1357 3648 solvit
1383 3577 1584 3668 solvereque
1610 3584 1752 3660 tenetur
1779 3578 2027 3649 monasterium

475 3696 639 3768 decimam
667 3694 914 3786 manipularem
942 3695 1107 3768 ecclesiae
1142 3698 1333 3785 parochiali
1361 3697 1404 3768 de
1429 3697 1687 3788 Drogynya.
1727 3699 1815 3770 Item
1841 3699 1877 3769 in
1904 3697 2025 3770 eadem

476 3817 559 3888 villa
585 3815 853 3910 Dambnyky
879 3818 934 3886 est
959 3815 1082 3888 hortus
1109 3817 1272 3907 optimus,
1300 3817 1390 3888 liber
1417 3818 1461 3888 ab
1487 3819 1580 3902 omni
1607 3821 1777 3892 servitute
1795 3825 1832 3890 et
1849 3837 1966 3908 censu,
1983 3817 2028 3890 de

473 3958 543 4028 quo
570 3957 634 4028 pro
662 3957 775 4008 annuo
811 3955 914 4006 censu
951 3937 1178 4008 solvebantur
1212 3943 1363 4028 quatuor
1388 3959 1544 4027 marcae3
1577 3939 1638 4012 sed
1665 3941 1804 4012 hortum
1831 3938 2027 4029 praefatum

475 4075 566 4128 nunc
592 4056 840 4127 monasterium
868 4055 961 4126 colit.

580 4177 822 4266 Sunanomd‚
859 4175 1022 4265 oppidum
1058 4175 1282 4248 suburbinale
1317 4178 1435 4268 oppidi
1471 4177 1743 4270 (insimulanda,
1771 4181 1835 4251 sub
1862 4179 2028 4269 parochia
2161 4166 2162 4179 ’

475 4297 636 4369 Omnium
662 4295 865 4374 Sanctorum
891 4296 927 4365 in
955 4294 1182 4368 Oracovia
1207 4297 1322 4388 situm,
1348 4301 1446 4370 cuius
1472 4301 1667 4389 proprietas
1693 4299 1737 4372 ad
1765 4301 2023 4372 serenissimum
2161 4315 2163 4394 ᾗ

476 4417 650 4489 dominum
677 4436 793 4506 regem
821 4414 986 4486 Poloniae
1012 4417 1172 4504 pertinet
1191 4417 1240 4510 ‚ln
1267 4439 1335 4508 quo
1361 4418 1427 4489 fuit
1453 4421 1576 4519 hortus
1603 4420 1766 4492 notabilis
1793 4441 1835 4492 ex
1863 4422 2025 4510 oppoaito
2161 4405 2163 4498 ξ

476 4538 659 4626 hospitalis
686 4537 833 4608 Sanctae
860 4535 1027 4625 Hcdvigis
1056 4536 1144 4606 situs
1170 4558 1233 4626 per
1259 4537 1469 4610 stanislaum
1491 4540 1621 4612 dictum
1639 4540 1788 4630 Ozaya
1814 4541 2027 4632 oppidanum

478 4657 521 4728 de
550 4656 818 4727 Stradomia
852 4655 1017 4726 ecclesiae
1052 4657 1095 4726 de
1122 4655 1320 4746 Rupella
1355 4658 1540 4730 donatione
1573 4668 1743 4750 perpetua
1768 4682 1860 4732 anno
1886 4662 2026 4733 Domini

482 4778 578 4848 1378
607 4776 774 4864 donatus;
801 4776 836 4846 in
863 4776 959 4846 cuius
987 4776 1125 4866 quidem
1152 4778 1246 4848 horti
1273 4779 1397 4868 spatio,
1418 4780 1584 4870 temporis
1601 4801 1774 4870 processu⁷
1793 4781 1837 4855 de
1855 4802 2026 4853 consensu

478 4903 652 4969 rectorum
680 4896 846 4968 ecclesiae
872 4896 916 4967 de
942 4895 1150 4988 Rupells‚
1177 4897 1310 4970 locatae
1335 4905 1419 4970 sunt
1440 4905 1572 4989 septem
1589 4901 1721 4991 domus,
1738 4901 1908 4974 habentes
1925 4923 2027 4974 areas

477 5019 586 5090 bonas
621 5017 687 5088 sibi
724 5017 870 5088 invicem
907 5017 1105 5106 contiguas,
1141 5018 1205 5088 sub
1232 5039 1348 5089 annua
1372 5021 1538 5109 pensione
1563 5021 1729 5094 ecclesiae
1755 5021 1799 5094 de
1826 5022 2027 5113 Rupella

380 5216 385 5222 ,
477 5144 644 5230 perpetuo
672 5137 844 5209 solvenda.
871 5136 991 5212 Prima
1007 5136 1129 5208 domus
1147 5137 1406 5210 Bartholomaei
1423 5139 1653 5232 Zywczak‚
1680 5143 1716 5212 in
1734 5143 1877 5214 sinistra
1893 5145 2027 5215 habens

478 5259 616 5332 domum
643 5257 743 5328 Pauli
770 5257 917 5328 sartoris
944 5256 1033 5328 alias
1057 5255 1247 5348 Papinlr‚
1274 5278 1362 5348 quae
1388 5260 1494 5332 solvit
1520 5257 1730 5334 monasterio
1748 5282 1812 5353 pro
1831 5283 2025 5334 cenaume·
2085 5249 2089 5253 ’

479 5379 571 5450 diam
607 5398 825 5468 sexagenam.
861 5376 1018 5450 Secunda
1045 5376 1168 5448 domus
1194 5384 1249 5449 est
1275 5378 1436 5451 Andreae
1463 5380 1573 5471 Fox,
1600 5381 1692 5471 apud
1719 5381 1873 5457 Blasium
1900 5389 2026 5474 empta

480 5519 566 5589 quse
593 5498 697 5570 solvit
723 5498 934 5569 monasterio
960 5497 1107 5568 mediam
1135 5517 1350 5588 sexagenum.
1384 5499 1472 5571 Item
1499 5503 1607 5574 tertia
1631 5501 1754 5574 domus
1779 5510 1834 5574 est
1860 5502 2027 5575 stanislai

481 5615 710 5707 Gzychon,
737 5637 825 5707 quae
862 5617 966 5688 solvit
991 5618 1203 5690 monasterio
1230 5617 1348 5690 decem
1373 5641 1523 5710 moseos.
1556 5621 1646 5692 Item
1672 5628 1798 5712 quarta
1822 5623 1946 5696 domus
1972 5629 2026 5694 est
