4492 6592
702 1951 1284 2102 KAZIMIRIENSIS.

209 2246 328 2328 Ordo
363 2250 668 2330 canonicorum
712 2249 966 2353 regularium
1001 2251 1116 2330 Beati
1150 2213 1370 2354 Augustini
1413 2259 1596 2356 quatuor
1635 2257 1764 2338 babet
1907 2268 1911 2273 ’

253 2387 292 2464 in
328 2385 610 2468 cracoviensi
644 2387 834 2468 dioecesi
868 2390 1138 2489 monasteria,
1170 2411 1351 2490 quorum
1384 2393 1626 2494 primarium
1659 2400 1703 2473 et

298 2526 536 2628 principale
569 2532 636 2605 est
665 2523 876 2629 ,Corporis
908 2523 1078 2627 Christi,
1113 2528 1154 2606 in
1186 2527 1342 2632 oppido
1375 2528 1677 2610 ltazimlrienai.

307 2743 450 2835 Oppido
476 2745 730 2836 Kazimiricnsi,
771 2767 870 2818 secus
898 2745 1163 2820 Cracoviensem
1190 2749 1311 2820 urbem
1338 2753 1375 2820 et
1400 2750 1499 2820 iuxta
1524 2749 1665 2822 fluvium
1692 2751 1764 2824 Vi·

92 2865 93 2870 ’
207 2865 380 2937 atulam
415 2855 789 2955 per'Caair'nirum
824 2866 1080 2939 Secundum
1117 2866 1282 2960 Poloniae
1308 2889 1426 2960 regem
1461 2871 1498 2940 in
1525 2871 1620 2960 agris
1657 2872 1760 2944 villae

206 2984 382 3076 Bawol,
410 2987 507 3058 cuius
535 2987 638 3059 villae
665 2988 861 3078 proprietas
889 2988 932 3060 ad
961 2988 1151 3078 capitulum
1177 2987 1405 3062 Cracovieuse
1432 2991 1643 3082 pertinebat,
1670 3013 1761 3064 anno

206 3105 347 3178 Domini
380 3109 489 3180 1335.
516 3114 640 3198 erecto,
668 3110 772 3180 etiam
800 3109 1009 3198 parochialis
1037 3109 1183 3180 ccclesia
1209 3111 1273 3181 sub
1299 3109 1402 3182 titulo
1430 3109 1594 3202 Corporis
1621 3111 1763 3202 Christi,

91 3235 93 3328 ᾗ
206 3229 239 3298 iu
266 3229 399 3320 oppido
428 3229 547 3302 eodem
584 3229 855 3320 Casimiria,
892 3230 946 3302 cui
974 3251 1035 3302 rex
1063 3231 1139 3320 ipse
1165 3252 1290 3302 nomen
1324 3240 1443 3322 suum,
1479 3237 1519 3304 ut
1543 3231 1761 3305 fundatorem
1875 3263 1886 3274 ’

91 3349 92 3390 ³
206 3347 299 3420 illum
327 3355 501 3440 perpetuo
528 3356 721 3422 testaretur
748 3351 932 3441 indiderat,
961 3357 1078 3422 erecta
1104 3356 1167 3440 est,
1195 3357 1232 3422 et
1256 3350 1329 3424 iere
1356 3352 1511 3423 universi
1538 3353 1622 3424 novi
1644 3353 1762 3444 oppidi

91 3517 92 3538 2
206 3470 342 3541 accolae
371 3471 447 3542 eius
472 3471 658 3561 parochiae
698 3473 868 3546 attributi.
911 3471 966 3542 Ea
992 3493 1068 3542 cum
1095 3493 1159 3562 per
1185 3493 1294 3544 annos
1321 3479 1459 3544 centum
1488 3474 1611 3564 viginti
1638 3495 1760 3546 uorem

91 3677 92 3688 ,
206 3611 226 3662 a
251 3591 406 3662 seculari
432 3593 613 3664 sacerdote
640 3599 839 3683 regeretur,
867 3592 1146 3666 vladislaus
1172 3592 1413 3666 Secundus
1440 3594 1580 3666 natione
1606 3595 1762 3686 Lythva·

91 3691 93 3772 ἲ
206 3733 275 3802 uua,
303 3713 474 3786 Poloniae
502 3735 572 3804 rex,
601 3714 810 3804 singularem
838 3713 1055 3786 devotionem
1083 3735 1209 3805 gerens
1243 3715 1288 3786 ad
1314 3713 1517 3805 religionem
1545 3715 1664 3786 Sancti
1691 3716 1762 3787 Au·

91 3865 92 3922 ,
205 3835 334 3924 gustiui
366 3837 608 3908 canonicorum
636 3837 856 3926 regularium,
884 3836 979 3907 illam
1005 3857 1069 3926 per
1095 3835 1238 3906 Petrum
1265 3835 1310 3904 W
1317 3835 1432 3927 ysch
1459 3836 1657 3927 episcopum
1676 3834 1759 3908 Cra·

206 3957 402 4029 curiensem
430 3978 521 4028 anuo
547 3955 688 4028 Domini
719 3958 816 4028 1405
845 3957 880 4028 iu
908 3957 1062 4028 crastino
1089 3956 1376 4026 Annuntiatiouis
1398 3955 1544 4045 Mariae,
1571 3955 1760 4028 Cracoviae

207 4078 267 4150 sub
302 4080 507 4170 praeseutia
541 4078 676 4150 Nicolai
713 4077 971 4168 Kurowshy
1011 4077 1270 4172 archiepiscopi,
1300 4074 1515 4148 Gueznensis
1550 4081 1586 4148 et
1612 4075 1759 4168 praefati

91 4231 92 4290 1
206 4195 334 4270 Petri
374 4199 528 4289 episcopi
554 4197 805 4288 cracoviensis,
840 4196 1010 4268 Johannis
1043 4197 1085 4269 de
1113 4196 1360 4287 Thanczyu
1397 4195 1578 4268 castellani
1604 4201 1640 4267 et
1666 4196 1760 4286 capi-

91 4337 92 4364 *
207 4319 587 4408 assidaeorum,
623 4319 793 4390 Johanuis
821 4319 863 4390 de
892 4318 1079 4390 Taruow
1115 4317 1261 4408 palatini
1289 4315 1547 4408 Cracovieusis,
1587 4317 1758 4390 lobannis

91 4469 92 4474 ¹
208 4438 417 4531 Lygasza
456 4442 602 4531 palatini
638 4439 931 4528 Lauczicziansis,
967 4438 1157 4510 Clementis
1192 4437 1236 4509 de
1263 4437 1425 4510 Mstow
1465 4437 1760 4510 Mochorzow

208 4562 386 4634 castellani
421 4561 677 4653 Wysliciensis,
703 4567 750 4632 at
777 4559 911 4632 Nicolai
949 4560 991 4630 de
1019 4558 1316 4632 Saudomiria
1352 4559 1624 4630 vicecancellarii
1660 4561 1759 4650 regii,

91 4663 92 4700 ³
209 4680 248 4752 de
274 4682 421 4754 ecclesia
447 4683 616 4754 soeculari
644 4682 795 4754 obtinuit
822 4681 1071 4772 irregularem
1099 4679 1294 4770 transferri,
1321 4686 1419 4752 etex
1437 4681 1649 4752 monasterio
1667 4681 1758 4771 apud

91 4817 92 4820 ’
209 4803 368 4893 oppidum
406 4803 639 4876 Kloczsku
676 4804 711 4874 iu
739 4805 840 4874 metis
868 4802 1032 4874 Poloniae
1060 4807 1097 4872 et
1123 4801 1311 4873 Bohemiae
1338 4803 1417 4892 sito,
1454 4803 1588 4892 recepti
1617 4801 1758 4875 fuerunt

91 4933 92 4942 ’
210 4924 308 5012 primi
334 4925 464 4998 fratres
491 4926 536 4998 ad
563 4925 751 5015 regendum
789 4925 1035 4996 monasterium
1068 4922 1233 5014 Corporis
1261 4921 1391 4996 Christi
1427 4945 1537 4994 novae
1564 4925 1757 5013 erectionis,

210 5047 304 5125 cuns
330 5049 517 5137 primarius
544 5047 763 5137 praepositus
781 5052 818 5117 ct
836 5051 950 5116 rector
967 5043 1034 5116 luit
1050 5043 1171 5116 frater·
1188 5045 1430 5116 Cuuradus
1457 5045 1640 5133 Almanus,
1666 5045 1757 5116 eius·

211 5165 283 5238 dem
310 5170 512 5240 monasterii
539 5169 582 5240 de
609 5166 855 5257 Cloczsko,
882 5167 936 5238 vir
963 5166 1165 5256 singularis,
1191 5166 1375 5236 devotione
1401 5171 1437 5236 et
1462 5164 1629 5254 religione
1656 5165 1757 5236 redu

211 5290 290 5383 lens,
317 5292 412 5364 vitae
430 5290 649 5380 exemplaris,
677 5293 855 5360 assecutus
873 5288 1051 5360 ecclesiam
1080 5285 1271 5376 praelatam
1296 5306 1360 5376 per
1377 5285 1643 5376 resignationem
1670 5286 1757 5358 lihe-

91 5435 92 5446 *
213 5434 280 5484 ram
307 5413 478 5486 lobannis
505 5411 547 5482 de
575 5411 838 5501 Thanczyu,
866 5409 1019 5480 eiusdem
1046 5407 1212 5478 ecclesiae
1239 5405 1403 5495 Corporis
1422 5405 1554 5476 Christi
1580 5406 1693 5478 ultimi
1719 5415 1757 5481 et
1871 5433 1876 5444 ’

91 5567 92 5604 l
214 5533 398 5606 immediati
424 5532 581 5622 plebani,
617 5533 779 5622 quicum
815 5531 994 5602 ecclesiam
1022 5527 1185 5616 Corporis
1214 5526 1344 5597 Christi
1371 5527 1519 5616 ligneam
1547 5525 1756 5646 offendisset,

91 5645 93 5670 l
180 5735 185 5742 ,
215 5673 253 5724 ea
277 5654 447 5744 demolita
475 5674 518 5725 ex
544 5653 658 5743 lapide
685 5659 721 5724 et
748 5653 856 5724 latere
883 5649 1054 5738 nobilem,
1081 5647 1208 5718 solatio
1234 5647 1434 5736 pecuniario
1462 5648 1554 5737 regis
1581 5652 1618 5719 et
1645 5649 1755 5738 plebis
