4492 6592
1729 726 1851 798 35-

222 939 416 1033 locandam,
457 940 655 1034 erigendam
684 948 719 1012 et
747 901 996 1011 aedificandam
1023 938 1176 1030 propriis
1203 938 1396 1028 sumptibus
1426 945 1463 1009 et
1489 936 1654 1029 impensis
1681 958 1781 1029 prae-

224 1063 326 1134 libati
353 1063 519 1136 Stanislai
547 1069 582 1134 et
608 1083 748 1134 suorum
767 1080 1012 1150 successorum,
1040 1061 1171 1150 damus,
1198 1060 1406 1130 contulimus
1432 1065 1469 1130 et
1495 1060 1674 1150 perpetuis
1692 1065 1780 1131 tem·
1889 1059 1893 1070 '

221 1185 367 1274 poribus
404 1185 638 1275 assignamus,
675 1204 755 1276 cum
788 1183 882 1273 agris
910 1203 931 1252 a
958 1182 1090 1252 dextris
1127 1187 1163 1252 et
1198 1203 1220 1252 a
1256 1181 1427 1270 sinistris,
1463 1180 1579 1252 eundo
1619 1182 1662 1252 de
1698 1183 1782 1253 villa

222 1304 551 1396 Lagyewnyky
580 1305 672 1375 circa
698 1303 841 1374 eandem
860 1308 1006 1374 stratam
1024 1303 1208 1392 publicam,
1235 1307 1270 1371 et
1296 1303 1374 1372 aliis
1401 1302 1499 1373 iuxta
1516 1302 1655 1374 domum
1682 1323 1778 1373 suam

227 1425 433 1516 iacentibus,
461 1447 502 1497 ac
529 1447 605 1496 cum
632 1425 770 1515 pascuis
797 1425 890 1495 circa
907 1431 1134 1495 memoratam
1160 1423 1343 1494 tabernam
1371 1423 1609 1513 existentibus,
1636 1429 1780 1513 propter

193 1547 377 1620 'advenas
404 1553 441 1620 et
467 1547 642 1637 hospites,
677 1552 717 1616 ut
744 1567 784 1616 eo
811 1545 933 1616 melius
968 1544 1088 1615 eadem
1124 1545 1272 1615 taberna
1306 1545 1342 1614 in
1369 1544 1539 1634 principio
1566 1544 1780 1616 fundamenti

223 1669 277 1739 sni
304 1667 503 1740 consoletur
530 1669 743 1738 incremento
771 1667 948 1755 singulari.
974 1665 1121 1755 Insuper
1149 1665 1253 1736 etiam
1273 1663 1393 1774 damus
1412 1665 1479 1736 sibi
1505 1667 1543 1736 in
1564 1672 1779 1757 perpetuum,

224 1795 260 1860 et
287 1790 362 1861 suis
388 1789 553 1880 legitimis
580 1789 837 1890 successoribus
865 1789 1090 1878 assignamus,
1117 1807 1223 1858 nnum
1251 1793 1390 1876 pratum
1409 1807 1452 1857 ex
1471 1788 1541 1858 ista
1565 1793 1667 1877 parte
1683 1787 1779 1860 fluvii

222 1911 308 1984 dicti
346 1911 513 2001 Vylga,
549 1909 663 1982 eundo
698 1910 742 1980 ad
769 1909 887 1981 villam
922 1906 1307 1999 Oppatkuwicze,
1343 1908 1381 1980 in
1406 1929 1512 1979 manu
1546 1910 1707 2000 sinistra,
1743 1917 1781 1981 et

222 2053 329 2104 unum
356 2053 502 2123 paruum
530 2007 688 2121 campum
716 2051 792 2102 curn
820 2030 922 2120 pleno
949 2031 1025 2102 iure
1052 2035 1089 2102 et
1116 2029 1278 2101 dominio.
1305 2029 1392 2101 Item
1420 2029 1542 2101 damus
1569 2030 1637 2101 sibi
1655 2036 1690 2102 et
1708 2031 1780 2102 suis

223 2153 429 2242 praelibatis
456 2153 621 2242 legitimis
657 2134 913 2222 successoribus
941 2151 976 2220 in
999 2151 1103 2222 fluvio
1131 2157 1252 2221 nostro
1280 2150 1410 2222 ibidem
1439 2151 1475 2221 in
1511 2150 1535 2221 J
1545 2152 1780 2241 ugowicze

223 2275 402 2363 piscandi,
438 2295 503 2364 pro
530 2293 594 2344 sua
620 2293 739 2343 mensa
767 2271 954 2361 duntaxat,
990 2291 1066 2343 cum
1093 2272 1228 2343 retibus
1263 2271 1456 2362 vulgariter
1490 2272 1593 2345 dictis
1619 2272 1782 2344 videlicet
1813 2273 1817 2278 ’

223 2391 309 2464 wlolc
336 2402 373 2465 et
399 2391 501 2484 sarda
529 2401 671 2484 quarta,
706 2401 805 2464 sexta
832 2400 867 2464 et
894 2394 1040 2464 sabatho
1066 2392 1180 2483 feriis,
1216 2385 1446 2465 omnimodam
1473 2398 1701 2484 potestatem,
1738 2393 1781 2465 de

225 2536 294 2604 qua
328 2515 470 2605 quidem
506 2517 653 2610 taberna
688 2516 852 2607 nobiset
878 2516 1008 2586 nostris
1046 2516 1303 2587 successoribus
1338 2521 1550 2586 memoratus
1586 2514 1780 2587 Stanislaus

223 2657 301 2734 cum
330 2637 402 2707 suis
429 2636 617 2726 praedictis
643 2635 808 2725 legitimis
835 2636 995 2726 posteris,
1022 2635 1171 2725 singulis¹
1185 2637 1286 2706 annis
1312 2636 1349 2706 in
1374 2634 1466 2706 festo
1485 2635 1605 2708 Sancti
1622 2635 1779 2726 Martini,

222 2763 296 2826 tres
324 2777 459 2827 marcas
486 2757 586 2846 regni
612 2757 725 2830 nostri
752 2757 942 2828 communis
960 2757 1137 2846 pecuniae,
1162 2757 1321 2847 expirata
1347 2755 1510 2828 libertate
1537 2758 1645 2828 trium
1671 2777 1779 2828 anno-

221 2897 299 2947 rum
327 2897 350 2947 a
377 2877 433 2949 die
460 2877 563 2949 datae
589 2878 844 2968 praesentium,
881 2897 985 2969 quam
1020 2878 1220 2949 libertatem
1257 2878 1324 2949 sibi
1360 2885 1397 2949 et
1422 2879 1495 2950 suis
1522 2879 1779 2950 successoribus

221 2997 390 3087 legitimis
417 3017 521 3088 saepe
548 2996 659 3087 dictis
699 2999 835 3070 ratione
863 2998 1115 3070 aedificationis
1142 2997 1297 3070 eiusdem
1322 2999 1489 3092 tabernae
1515 2999 1682 3090 de'dimns,
1710 2999 1779 3070 sol-

223 3139 306 3190 uere
334 3119 513 3190 tenebitur
539 3124 575 3189 et
601 3119 750 3191 debebit.
777 3117 887 3208 Quam
906 3120 1044 3211 quidem
1072 3121 1178 3191 etiam
1205 3120 1386 3191 tabernam
1414 3141 1490 3190 oum
1518 3122 1604 3191 suis‘
1617 3121 1778 3192 adiacen-

84 3303 86 3314 ,
143 3237 146 3242 ’
221 3231 288 3309 tiis¹
308 3245 346 3310 et
372 3239 609 3328 pertinentiis,
646 3240 712 3310 sibi
740 3247 776 3310 et
802 3237 877 3310 suis*
902 3241 971 3311 iam
998 3241 1102 3311 dictis
1130 3241 1387 3312 successoribus
1413 3241 1595 3332 legitimis,
1623 3261 1686 3332 per
1714 3261 1778 3312 nos
1863 3239 1870 3251 ’

228 3365 266 3430 nt
292 3358 500 3450 praefigitur
526 3361 700 3432 adiunctis
728 3360 819 3432 datis
846 3367 882 3432 et
909 3361 945 3431 in
972 3367 1179 3452 perpetuum
1207 3362 1402 3453 assignatis,
1430 3363 1646 3453 praelibatus
1665 3362 1780 3434 Stani-
1910 3383 1914 3389 ⁴
1968 3391 1972 3400 ·

224 3482 318 3552 slaus
337 3489 375 3553 et
392 3481 446 3552 sui
473 3481 619 3572 legitimi
646 3501 862 3554 successores
889 3483 1058 3573 praedicti
1085 3484 1263 3555 habebunt
1289 3490 1499 3574 potestatem
1526 3485 1779 3556 tenendi'com-

224 3603 384 3674 mutandi
409 3599 600 3674 utifrnendi
627 3609 663 3674 et
690 3623 771 3674 casu
798 3603 979 3676 infortuito
1007 3606 1187 3695 veniente,
1225 3611 1463 3696 consumptam
1490 3606 1643 3696 voragiis
1678 3606 1779 3695 ignis,

226 3723 331 3794 aliam
358 3723 613 3814 reaedificandi,
641 3727 677 3794 et
694 3723 739 3795 ad
752 3745 836 3795 usus
863 3745 943 3796 suos
970 3725 1206 3816 beneplacitos
1233 3727 1468 3816 convertendi,
1495 3733 1531 3797 et
1558 3747 1622 3816 pro
1649 3732 1689 3797 ut
1711 3727 1780 3798 sibi

225 3851 259 3915 et
286 3845 361 3914 suis
389 3845 648 3916 successoribus
681 3845 846 3935 legitimis
873 3847 1023 3936 posteris
1049 3845 1218 3936 praefatis
1245 3847 1369 3919 melius
1395 3853 1430 3917 et
1456 3848 1576 3918 utilius
1603 3847 1780 3918 videbitur

225 3965 399 4055 expedire.
444 3964 629 4038 Caeterum
655 3965 847 4056 praelatam
878 3968 1060 4038 tabernam
1086 3968 1281 4040 Stanislaus
1308 3974 1344 4040 et
1370 3970 1424 4040 sui
1451 3989 1667 4039 successoros
1694 3969 1779 4059 legi-

224 4087 300 4156 timi
328 4085 510 4177 praedicti,
538 4086 674 4177 quando
702 4088 819 4158 volent
845 4087 1005 4179 vendere,
1032 4089 1145 4178 primo
1172 4090 1273 4160 nobis
1301 4095 1337 4160 et
1362 4090 1491 4160 nostris
1519 4089 1777 4160 successoribus

224 4213 390 4278 tenentur
416 4213 453 4278 et
479 4208 607 4280 debent
633 4208 744 4299 ipsam
767 4207 927 4298 vendere,
955 4215 990 4281 et
1008 4211 1038 4281 si
1056 4211 1157 4282 nobis
1184 4210 1239 4281 vel
1266 4211 1397 4282 nostris
1424 4211 1682 4282 successoribus
1709 4231 1778 4281 non

226 4327 401 4417 placuerit
428 4329 581 4400 eiusdem
607 4330 775 4401 tabernae
801 4330 964 4421 venditio,
992 4337 1118 4402 extunc
1136 4332 1180 4403 de
1198 4352 1368 4403 consensu
1395 4334 1507 4404 nostri
1525 4338 1562 4403 et
1578 4337 1778 4404 nostrorum

224 4425 463 4520 successorum
491 4450 652 4542 speciali,
687 4451 866 4522 habebunt
892 4453 982 4524 idem
1011 4451 1207 4524 Stanislaus
1234 4459 1270 4526 et
1297 4455 1350 4525 sni
1378 4475 1594 4539 successores
1630 4453 1778 4543 legitimi

225 4550 427 4661 ¹memorati,
463 4571 558 4660 aliis,
594 4572 720 4662 quibus
746 4573 832 4662 ipsis
858 4573 1046 4665 placuerit,
1082 4581 1310 4646 memoratam
1336 4577 1518 4646 tabernam
1545 4575 1717 4646 vendendi
1743 4581 1780 4645 et

226 4690 400 4762 alienandi
436 4692 667 4763 omnimodam
702 4699 921 4782 potestatem.
965 4694 1005 4764 In
1042 4695 1139 4766 cuius
1174 4697 1227 4766 rei
1262 4697 1498 4768 testimonium
1536 4697 1778 4787 praesentibus

166 4812 169 4821 '
225 4811 376 4910 sigillum
403 4818 562 4884 nostrum
589 4820 643 4883 est
669 4834 869 4905 appensum,
897 4821 1011 4886 actum
1038 4823 1074 4887 et
1093 4817 1211 4888 datum
1231 4818 1266 4888 in
1285 4821 1496 4890 monasterio
1523 4825 1644 4890 nostro
1671 4818 1780 4888 eccle-

227 4933 296 5003 siae
323 4933 472 5004 Sanctae
499 4933 666 5023 Heduigia
694 4955 784 5006 anno
811 4935 951 5008 Domini
983 4939 1090 5009 1424.
1184 5041 1189 5046 .
