4492 6592
509 685 555 752 5ss

367 899 373 904 '
510 889 691 978 dequibus
713 887 851 958 solvunt
869 893 906 958 et
924 887 1119 959 conducunt
1136 884 1301 958 decimam
1320 883 1571 976 manipularem
1589 904 1654 974 pro
1664 882 1874 956 monasterio
1891 893 1927 952 et
1942 879 2071 970 hospi·
2155 941 2156 951 ,

508 1009 569 1078 tali
599 1005 887 1093 Sandomiriensi,
909 1013 950 1077 'et
976 1007 1075 1076 valor
1100 1008 1175 1075 eins
1202 1007 1408 1076 aestimatur
1433 1005 1478 1074 ad
1505 1025 1607 1074 unam
1635 1025 1794 1075 marcam

1054 1414 1503 1498 SLAVCOVIENSE.

610 1621 811 1694 lohannes
839 1621 964 1693 dictus
994 1619 1256 1692 Moeteana
1285 1621 1495 1711 episcopus
1523 1615 1801 1690 Oracovieuais
1832 1618 2068 1689 considerans

504 1742 733 1832 frequentiam
765 1749 801 1812 et
824 1742 1085 1831 amplitudinem
1122 1739 1241 1830 oppidi
1267 1742 1321 1809 sui
1347 1739 1622 1826 Slavkoviensis,
1650 1737 1742 1827 quod
1777 1758 1820 1807 ea
1846 1744 2066 1828 tempestate

505 1869 650 1951 propter
674 1863 805 1952 plumbi
832 1861 982 1950 fodinaS,
1017 1860 1219 1932 foecundam
1255 1866 1291 1929 et
1309 1859 1483 1930 assiduam
1509 1879 1632 1928 venam
1659 1858 1789 1946 plumbi
1814 1857 1955 1928 fluentis
1984 1862 2066 1925 erat

503 1982 672 2052 famosum
700 1988 735 2052 et
753 1983 904 2071 insigne,
932 1988 968 2051 et
988 1981 1078 2070 apud
1106 1979 1193 2049 duas
1219 1980 1379 2049 civitates
1397 1979 1576 2068 capitales,
1603 1978 1765 2048 uidelicet
1789 1976 2066 2047 Oracouiensem

507 2109 544 2171 et
561 2101 870 2173 Vratislaviensem
898 2101 984 2171 adeo
1013 2100 1233 2170 nobilitatum
1246 2107 1297 2169 ·et
1313 2100 1510 2189 uulgatum,
1538 2106 1577 2169 ut
1594 2106 1631 2168 et
1648 2100 1684 2168 in
1711 2097 1934 2168 (linconiensi
1960 2105 2003 2166 et
2022 2097 2060 2164 iu

506 2221 775 2292 Vratislaviensi
800 2223 886 2291 urhe
905 2222 1097 2291 habeantur
1124 2219 1278 2309 plateae,
1307 2240 1395 2308 quoe
1425 2239 1467 2288 eu
1488 2220 1624 2289 nomine
1651 2219 1771 2308 oppidi
1797 2217 2065 2318 Slavhoviensis

505 2341 772 2411 Slavkovienses
808 2341 1039 2431 appellentur,
1089 2340 1311 2409 considerans
1348 2340 1491 2428 iusuper
1528 2337 1783 2409 multitudinem
1819 2337 2064 2425 languentium

506 2479 691 2550 egenorum
714 2467 750 2530 et
767 2457 1015 2531 miserabilium
1033 2479 1278 2548 personarum,
1305 2460 1349 2530 ad
1367 2461 1496 2530 dictum
1514 2459 1677 2548 oppidum
1696 2480 1739 2528 ex
1757 2460 2002 2547 operariorum
2030 2462 2066 2525 et

435 2659 438 2667 ⁴
506 2579 675 2650 fossorum
695 2581 899 2670 praesertim
918 2599 1060 2650 numero
1080 2585 1279 2667 congestam
1298 2599 1392 2667 esse,
1417 2586 1453 2649 et
1471 2586 1566 2649 certa
1583 2579 1803 2667 receptacula
1819 2584 1924 2666 atque
1942 2577 2065 2646 diver·
2156 2564 2157 2627 ἕ

505 2701 599 2770 soria
626 2719 693 2770 non
713 2701 880 2770 haberent
905 2699 1200 2787 recollectionem;
1218 2719 1353 2787 eornm,
1379 2700 1438 2788 pia
1455 2700 1691 2787 compassione
1717 2703 1904 2787 permotus,
1931 2716 2063 2785 procu·
2156 2722 2157 2811 ᾖ

507 2827 658 2907 returns,
687 2819 934 2889 xenodochium
963 2818 1007 2888 ad
1026 2823 1180 2906 portam,
1207 2839 1276 2907 qna
1301 2821 1373 2889 itur
1400 2817 1661 2908 inBythom,
1688 2818 1849 2904 institnit,
1876 2817 2061 2886 ecclesiam
2156 2906 2157 2921 χ

509 2959 643 3028 quoque
663 2940 894 3028 parochialem
914 2937 1094 3008 suh'titnlo
1113 2939 1295 3009 ethonore
1313 2938 1345 3008 S.
1359 2938 1530 3009 Johannis
1548 2939 1737 3027 Baptistae,
1756 2944 1792 3008 et
1804 2938 2057 3007 monasterinm
2156 2930 2157 2995 3

504 3058 651 3129 fratrum
680 3059 984 3147 hospitalariorum
1002 3056 1120 3128 Sancti
1147 3058 1297 3147 Spiritus
1324 3059 1367 3128 do
1394 3059 1550 3147 Saxis,
1577 3079 1713 3128 crucem
1740 3058 1911 3146 duplicem
1939 3057 2058 3126 albam

506 3176 734 3246 deferentium
778 3177 917 3265 fundat,
961 3176 1226 3268 praedictaeque
1272 3179 1437 3250 ecclesiae
1474 3177 1590 3248 Sancti
1626 3177 1797 3248 iohannis
1833 3177 2056 3246 medietatem
2156 3180 2157 3183 ’

508 3295 625 3385 oppidi
653 3295 923 3387 Slavcoriensis,
959 3305 994 3368 et
1022 3298 1174 3368 eiusdem
1202 3299 1386 3387 suburbia,
1413 3301 1456 3369 ah
1483 3299 1629 3369 ecclesia
1654 3297 1846 3387 parochiali
1872 3297 1905 3366 S.
1932 3295 2057 3392 Crucis

507 3421 776 3505 sequestratam,
810 3419 845 3486 m
880 3419 1077 3507 parochiam
1114 3425 1151 3488 et
1185 3419 1221 3487 in
1257 3420 1310 3488 ius
1344 3419 1543 3508 sepulturae
1574 3419 1773 3506 constituit,
1809 3417 2057 3505 incipiendae

508 3555 605 3604 muro
633 3535 768 3624 lapideo
787 3537 928 3626 hospitii
955 3537 1174 3607 Bertoldi
1201 3539 1361 3627 pistoris,
1389 3559 1499 3627 usque
1526 3538 1570 3608 ad
1589 3538 1726 3607 domum
1750 3536 1967 3606 Hermaui
1998 3536 2056 3624 qni

507 3659 583 3724 erat
616 3675 724 3743 gener
758 3655 927 3728 Jnhanuis
962 3657 1045 3727 dicti
1077 3657 1276 3746 Divitis,
1321 3679 1364 3729 ex
1391 3660 1552 3748 opposito
1579 3677 1662 3728 vero
1697 3657 1886 3748 usquead
1913 3656 2054 3727 domum

508 3773 642 3844 Nicolai
670 3776 754 3846 dicti
782 3775 824 3846 de
852 3775 1156 3866 Goliczberlr,
1193 3787 1229 3847 et
1255 3779 1380 3848 abinde
1417 3800 1479 3867 per
1506 3779 1674 3848 directum
1705 3778 1749 3846 ad
1776 3778 1878 3846 aliam
1915 3777 2053 3845 domum

506 3894 618 3964 dictae
646 3895 799 3983 plateae,
827 3904 862 3966 et
880 3917 922 3966 ex
942 3897 1086 3967 adverso
1106 3919 1170 3986 per
1187 3899 1339 3986 plateam
1357 3899 1401 3968 nd
1420 3899 1563 3967 domum·
1578 3898 1779 3967 Lohsziu
1806 3904 1842 3966 ct
1861 3896 2054 3981 Michaelis,

506 4033 592 4101 quae
621 4012 827 4086 Schatkowa
853 4017 969 4105 platea
996 4019 1203 4106 nominatur,
1230 4020 1408 4107 contigens
1435 4019 1584 4107 plateam
1613 4017 1879 4086 hlaszkonis
1907 4015 1951 4084 ad
1970 4017 2055 4086 siui-

505 4143 612 4203 stram
642 4155 761 4205 versus
788 4135 1055 4208 Prankaseh
1093 4139 1142 4208 ibi
1170 4159 1268 4208 snum
1302 4138 1425 4208 liniens
1451 4137 1613 4225 limitem,
1649 4145 1751 4206 extra
1777 4144 1892 4207 autem
1920 4135 2054 4205 Pran-

504 4254 613 4322 karz
640 4253 786 4344 plateam
807 4255 986 4326 ducentem
1020 4278 1140 4328 uersus
1169 4258 1371 4346 Bythom.
1411 4258 1450 4326 Iu
1478 4258 1594 4328 dotem
1613 4278 1749 4346 quoque
1767 4257 1931 4327 ecclesiae
1949 4277 2051 4344 prae-

505 4371 597 4442 fatae
634 4379 669 4442 et
695 4376 905 4445 monasterio
942 4375 1125 4464 hospitalis
1161 4378 1196 4445 iu
1223 4378 1401 4464 primaeva
1434 4379 1509 4448 eius
1535 4377 1750 4465 hrudatione,
1777 4384 1873 4446 certa
1898 4377 1992 4446 bona
2018 4382 2053 4444 et

506 4492 669 4564 introitus
697 4493 875 4564 demensa
902 4497 1088 4584 episcopali
1116 4489 1335 4566 Cracoviensi
1364 4517 1426 4586 per
1443 4517 1506 4566 nos
1524 4497 1668 4567 iuferius
1695 4497 1933 4599 describenda,
1961 4516 2052 4564 arrno

418 4670 425 4678 .
506 4609 643 4680 Domini
676 4599 772 4683 1298
810 4620 909 4684 sexta
935 4615 1067 4686 decima
1093 4615 1237 4685 Kalend.
1273 4617 1357 4686 Julii
1384 4617 1508 4706 donat,
1536 4618 1694 4686 iuscrihit
1728 4623 1765 4687 et
1792 4617 1990 4704 consignat,
2018 4621 2053 4683 et

506 4732 662 4820 quamvis
698 4733 888 4821 praefatum
926 4739 1170 4806 monasterium
1206 4736 1459 4808 Slawknviense
1495 4738 1591 4807 venis
1628 4735 1759 4826 plumhi
1785 4735 2051 4806 foecunditatem

506 4873 602 4922 suam
623 4853 875 4943 deferentibus,
897 4876 966 4924 nna
985 4877 1061 4928 cum
1081 4857 1208 4946 oppido
1227 4857 1465 4928 Slavlroriensi
1484 4865 1520 4928 et
1542 4859 1617 4926 eins
1635 4858 1842 4927 suburbanis
1861 4858 1896 4925 in
1915 4856 2049 4946 dierum

506 4992 704 5062 processum
734 4973 938 5044 destitutum
965 4973 1070 5044 fuerit
1096 4982 1133 5045 et
1150 4977 1373 5064 exinanitum,
1400 4978 1497 5046 etad
1516 4977 1679 5066 oppidum
1699 4979 1830 5065 regium
1858 4975 2051 5045 Ilkusch

503 5091 596 5162 facta
622 5092 727 5163 fuerit
753 5094 826 5162 eius
854 5095 1052 5185 conversio,
1088 5117 1151 5164 nos
1178 5101 1293 5165 tamen
1319 5095 1555 5169 fundationem
1591 5104 1627 5166 et
1653 5097 1865 5166 dotationem
1901 5095 2050 5183 praefati

506 5214 704 5284 monasterii
740 5220 775 5284 et
802 5215 875 5285 eius
912 5216 1003 5285 hona
1038 5215 1168 5286 dotalia
1191 5216 1237 5297 ,in
1265 5219 1440 5304 praesenti
1472 5217 1621 5305 registro
1648 5217 1844 5286 describere
1871 5215 2051 5302 voluimus,

505 5333 795 5404 oblitterationem
833 5335 936 5405 oflicii
972 5343 1008 5404 et
1043 5337 1195 5406 muneris
1230 5343 1300 5405 tam
1337 5339 1498 5426 insignis,
1534 5337 1625 5426 quod
1662 5336 1837 5425 praefatus
1872 5335 2050 5406 lohannes

506 5450 755 5524 Muskatha
781 5455 961 5544 episcopus
994 5455 1231 5526 cracoviensis
1258 5459 1466 5528 monasterio
1493 5465 1529 5526 et
1555 5459 1765 5546 pauperibus
1793 5457 1923 5527 Christi
1950 5476 2051 5546 prae-

393 5605 398 5616 ’
506 5571 664 5660 stiterat,
690 5585 891 5662 pronastro
916 5575 1080 5648 facultate
1107 5579 1274 5647 aversuri.
