4492 6592
769 1313 1246 1400 SANDOMIRIENSE.

223 1540 469 1620 &cundum
503 1543 804 1621 monasterium
837 1543 1205 1646 hospitalariorum
1235 1544 1581 1626 Sandomiriensa
1611 1545 1774 1625 ordinis

347 1678 491 1757 Sancti
523 1678 755 1781 Augustini,
788 1677 841 1758 dc
867 1682 1081 1782 pumicata
1115 1681 1208 1760 alba
1242 1681 1385 1762 cauca
1418 1683 1472 1761 da
1505 1683 1643 1761 saxia.

328 1895 474 1986 Aegros,
500 1896 692 1987 languidos
718 1899 903 1988 orphanos,
930 1899 1079 1988 pupillos
1106 1905 1144 1970 et
1169 1900 1342 1989 quaslibet
1365 1899 1582 1985 miserabiles
1607 1920 1774 1990 personas

144 2049 147 2056 ’
225 2021 261 2088 et
287 2015 450 2106 infantes,
477 2019 685 2107 praesertim
712 2038 753 2088 ex
783 2018 996 2090 clandestino
1033 2020 1218 2092 concubitu
1242 2022 1379 2110 genitos
1410 2041 1474 2110 per
1500 2021 1664 2111 oppidum
1690 2019 1777 2092 Sau-

224 2130 436 2210 domirieuse
462 2137 598 2209 eteius
625 2138 792 2231 suburbia
819 2139 1010 2228 viciniaque
1036 2141 1165 2229 passim
1191 2140 1349 2228 palantes
1376 2146 1412 2211 et
1437 2141 1610 2230 proiectos
1641 2146 1677 2212 et
1693 2162 1774 2230 pro-

226 2257 392 2348 iciendus,
415 2257 623 2348 Zegotba
641 2257 881 2330 cracoviensis
900 2260 1108 2330 castellanus
1126 2260 1348 2332 miseratione
1366 2262 1425 2351 pia
1442 2261 1487 2331 ad
1504 2282 1610 2332 unum
1637 2266 1777 2349 tectum
1835 2277 1839 2283 ·

225 2399 269 2450 ne
297 2385 454 2449 asumma
481 2382 542 2450 aut
567 2377 696 2476 frigore
723 2385 1025 2468 consumerentur,
1053 2385 1114 2451 aut
1140 2379 1290 2452 infantes
1317 2379 1587 2469 suffocarentur,
1615 2381 1777 2451 cobectu-

226 2519 298 2588 rus,
316 2519 347 2569 a
365 2499 505 2570 Domini
528 2500 625 2570 1222
644 2499 894 2570 xenodochium
913 2501 949 2570 in
968 2499 1088 2570 eodem
1107 2501 1244 2592 oppido,
1271 2505 1308 2572 et
1324 2501 1576 2572 monasterium
1593 2500 1776 2590 hospitalis

225 2618 349 2690 Sancti
385 2619 554 2710 Spiritus,
589 2619 754 2691 fratrum
773 2621 904 2692 ordinis
939 2621 1244 2710 hospitalariorum
1280 2621 1324 2692 de
1350 2623 1525 2710 geminata
1560 2641 1662 2692 cruce
1689 2621 1779 2708 alba,

228 2741 288 2830 qni
315 2739 359 2810 de
386 2739 525 2812 Saxis
561 2745 738 2830 vocantur,
766 2742 829 2812 sub
857 2741 978 2829 regula
1004 2740 1122 2812 Sancti
1149 2739 1340 2831 Augustini
1366 2742 1604 2830 militantium,
1639 2743 1676 2812 in
1702 2741 1779 2811 loco

228 2867 351 2951 portae
379 2861 600 2950 aquilonaris,
629 2882 718 2950 qnae
746 2859 1039 2950 Oppatbovieusis
1066 2861 1263 2950 appellatur
1290 2863 1463 2952 contiguo,
1489 2862 1592 2952 locat,
1618 2862 1779 2948 instituit,

227 2980 351 3068 insudat
368 2985 404 3052 et
421 2981 534 3070 erigit,
561 2987 597 3052 et
624 2981 666 3051 de
692 2981 793 3052 bonis
821 2983 893 3052 suis
911 2981 1155 3053 haereditariis
1182 2980 1521 3054 Saudomirieusibus
1547 2981 1656 3053 dotat
1684 2975 1799 3070 Quae

228 3101 388 3173 fundatio
424 3107 460 3172 et
486 3101 618 3172 dotatm
654 3103 759 3172 etiam
780 3103 831 3194 ¹iu
867 3102 957 3174 diem
989 3103 1078 3174 hanc
1118 3109 1339 3192 perseverat,
1358 3104 1507 3174 'babens
1542 3103 1777 3193 praepositum

229 3243 291 3311 pro
319 3222 452 3311 capite,
479 3228 515 3292 et
542 3227 690 3312 quatuor
716 3221 845 3294 fratres
881 3214 945 3312 pro
973 3223 1156 3311 membris;
1193 3224 1253 3313 qui
1279 3224 1347 3294 etsi
1373 3223 1480 3294 boras
1506 3223 1691 3294 canonicas
1716 3243 1779 3294 uo·

229 3347 372 3414 cturnas
391 3347 428 3412 et
445 3341 586 3414 diurnas
613 3363 682 3414 nou
709 3342 849 3432 explent
867 3344 902 3415 in
922 3349 1034 3432 cautu,
1062 3364 1136 3414 rem
1160 3349 1278 3440 tamen
1306 3329 1458 3414 divinam
1486 3343 1608 3416 diebus
1635 3343 1780 3432 siugulis

228 3483 355 3534 sonore
386 3461 578 3564 perficiunt,
606 3467 642 3534 et
667 3471 858 3553 pauperum
885 3450 921 3534 et
947 3465 1195 3536 miserabilium
1222 3472 1468 3555 personarum,
1503 3465 1539 3534 in
1561 3463 1780 3534 xenodochio

230 3583 429 3655 huiusmodi
455 3583 651 3672 iacentium,
679 3602 797 3654 curam
822 3589 958 3673 gerunt,
986 3584 1104 3674 eisque
1128 3584 1322 3673 provident,
1348 3585 1446 3654 iuxta
1471 3584 1647 3654 modulum
1673 3582 1780 3654 facul-

229 3710 353 3793 latum,
380 3708 416 3774 et
442 3704 552 3776 totius
586 3709 702 3779 terrae
737 3702 1028 3776 Sandomiriensis
1063 3725 1191 3794 egsum
1218 3705 1434 3794 recolligunt,
1461 3710 1499 3774 et
1524 3702 1674 3776 infantes
1700 3723 1781 3791 pro-

131 3862 133 3870 ι
230 3826 341 3896 ieotos
378 3825 570 3914 suscipiunt
587 3829 640 3907 ,et
675 3824 859 3896 ablactant.
895 3824 1073 3895 Subicieus
1111 3823 1301 3914 praelatus·
1324 3824 1535 3913 Zegotba
1571 3823 1782 3894 castellanus
1827 3829 1831 3832 ’

231 3945 481 4026 monasterium
508 3943 700 4034 praefatum
727 3943 1006 4014 Saudomiriense
1038 3946 1250 4016 monasterio
1277 3944 1459 4032 hospitalis
1486 3943 1634 4014 Sanctae
1660 3941 1782 4013 Crucis
1867 3969 1871 3974 ·

233 4065 465 4154 Cracoviensi,
493 4085 514 4135 a
540 4085 608 4154 quo
635 4052 760 4134 iratres
797 4065 832 4134 iu
860 4063 1139 4134 Sandomirieuse
1173 4064 1418 4134 monasterium
1454 4068 1538 4133 sunt
1573 4063 1715 4152 recepti,
1741 4066 1781 4133 nt

233 4185 284 4256 illi
311 4187 348 4256 in
375 4185 538 4280 siugulis,
566 4191 706 4275 pareat,
734 4185 875 4262 obediat
901 4191 937 4254 et
964 4185 1152 4273 auscultet,
1179 4186 1316 4254 eteius
1343 4182 1502 4254 intendat
1519 4182 1700 4273 profectui,
1726 4177 1804 4252 re-'

232 4305 443 4394 formationi,
471 4305 664 4376 visitationi
690 4311 726 4375 et
752 4306 968 4376 correctioni.
1009 4305 1106 4374 Illius
1133 4305 1300 4374 hactenus
1314 4355 1318 4362 .
1331 4309 1386 4374 est
1411 4289 1783 4393 praepositus'Marti-

235 4447 300 4498 uus
328 4425 372 4496 de
407 4425 571 4516 Byecz,
608 4425 662 4495 vir
689 4425 872 4514 providus,
908 4425 1110 4514 spectabilis
1137 4430 1174 4495 ct
1200 4424 1403 4513 religiosus,
1439 4424 1640 4495 monasterii
1667 4429 1784 4493 autem

236 4545 385 4636 praefati
412 4546 511 4634 tales,
537 4545 620 4616 licet
646 4551 778 4635 tenues,
807 4545 977 4624 habentur
1003 4529 1170 4616 introitus
1196 4565 1238 4616 ac
1263 4550 1463 4634 proventus.

449 4807 714 4910 Privllapium
746 4806 1001 4885 fundationis
1031 4805 1277 4940 blonaaterii
1310 4805 1351 4884 Θ.
1384 4805 1578 4909 Spiritus.

341 5026 384 5097 In
417 5027 554 5098 nomine
579 5026 718 5098 Domini
745 5025 866 5096 Amen.
910 5025 999 5114 Quia
1033 5031 1190 5098 vetustas
1224 5032 1419 5116 temporum
1455 5026 1662 5098 oblivionem
1698 5045 1786 5113 quae

239 5153 349 5222 mater
385 5147 515 5218 erroris
550 5147 689 5236 existit,
724 5145 923 5237 frequenter
957 5147 1110 5235 inducit,
1147 5147 1378 5218 necessarium
1415 5167 1491 5216 esse
1518 5146 1719 5233 dinoscitur,
1746 5149 1786 5214 ut

239 5269 338 5358 iacta
366 5287 456 5358 quae
483 5267 547 5338 sub
574 5267 721 5338 decursu
747 5268 914 5356 temporis
941 5271 1101 5357 aguntum,
1128 5268 1178 5338 sic
1195 5267 1376 5338 literarum
1404 5265 1596 5336 validarum
1623 5285 1664 5334 ac
1690 5265 1786 5353 sigil-

240 5389 352 5460 lorum
389 5387 666 5458 authenticorum
702 5387 854 5458 efficacia
888 5387 1158 5476 perhenneutur,
1185 5392 1225 5456 ut
1251 5391 1440 5476 perpetuae
1474 5384 1677 5456 stabilitatis
1705 5385 1788 5455 reti·
1935 5369 1938 5373 ’

242 5514 346 5580 neant
371 5507 645 5597 firmamentum,
671 5508 817 5578 maxime
844 5509 880 5577 iu
906 5507 1010 5577 rebus
1036 5505 1111 5576 Deo
1138 5505 1273 5593 dicatis,
1300 5525 1387 5600 quas
1414 5505 1480 5593 piis
1507 5504 1592 5575 locis
1620 5505 1698 5595 quis
1723 5505 1788 5575 tri·
1899 5599 1903 5605 .

242 5629 316 5700 buit
332 5649 398 5719 pro
416 5647 558 5700 suornm
575 5627 727 5699 remedio
753 5631 982 5718 peccatorum.
1009 5625 1190 5702 Universis
1216 5625 1325 5714 igitur
1341 5623 1473 5696 Christi
1489 5625 1659 5716 fidelibus,
1686 5645 1802 5716 quam,
