4492 6592
337 623 482 732 'aa

433 864 542 936 ualde
562 882 758 952 speramus,
785 881 845 931 eos
873 859 1051 930 nobiscum
1077 855 1359 928 reconciliandos.
1395 854 1629 927 Recesseruut
1654 853 1796 925 taudem
1822 853 1867 924 de
1892 851 1992 943 Egra

436 1007 473 1056 se
502 989 622 1082 mutuo
650 981 898 1070 amplectentes
916 984 953 1049 et
971 1000 1055 1068 prae
1073 977 1207 1048 laetitia
1224 977 1490 1067 lachrymantes,
1508 975 1591 1056 illos,
1604 975 1735 1046 uostris
1754 974 1990 1062 exorantibus,

440 1112 480 1176 ut
507 1106 572 1174 hoc
600 1124 686 1192 opus
714 1100 920 1192 quantocius
956 1099 1190 1189 expediretur.
1236 1098 1327 1186 Quid
1362 1096 1455 1168 aliud
1483 1097 1565 1168 hinc
1592 1097 1726 1186 concipi
1760 1101 1894 1186 potest,
1923 1096 1994 1166 nisi

437 1225 518 1315 quia
553 1223 704 1313 Spiritus
740 1221 905 1309 SanctuS,
942 1221 1005 1292 sub
1042 1220 1141 1292 cuius
1176 1219 1242 1290 alis
1277 1220 1364 1290 haec
1395 1218 1522 1289 Sancta
1558 1216 1717 1309 Synodus
1753 1217 1991 1305 obumbratur,

338 1383 342 1388 ·
439 1345 515 1416 vult
550 1344 656 1415 armis
692 1343 782 1431 suis,
819 1341 977 1414 caritatis
1013 1340 1175 1412 videlicet
1211 1345 1247 1412 et
1282 1338 1577 1427 mausuetudinis,
1604 1360 1672 1410 nou
1708 1338 1794 1410 ferri
1821 1344 1882 1409 aut
1910 1339 1994 1410 cba-

437 1465 527 1556 lpbis
554 1465 643 1536 hanc
670 1463 840 1534 haeresim
870 1463 913 1534 ab
940 1461 1097 1532 Ecclesia
1122 1461 1188 1531 Dei
1216 1460 1417 1554 elumiuaro.
1443 1460 1494 1532 Ut
1518 1465 1633 1532 autem
1662 1449 1837 1530 tantares
1854 1465 1994 1530 mature

437 1593 472 1657 et
499 1585 684 1675 diligenter
719 1583 955 1673 transigatur,
991 1582 1207 1654 decrevimus
1243 1581 1395 1671 undique
1430 1582 1524 1652 viros
1550 1581 1705 1652 moribus
1731 1587 1768 1652 et
1793 1580 1998 1653 litteratura

437 1711 588 1795 ornatos
617 1705 661 1776 ad
688 1726 751 1776 nos
779 1724 912 1792 vocare,
940 1724 1085 1792 quorum
1115 1702 1268 1774 consiliis
1295 1708 1332 1774 et
1358 1701 1496 1772 auxiliis
1518 1700 1691 1772 mediante
1708 1702 1825 1791 gratia
1840 1700 1996 1792 Spiritus

438 1826 566 1916 Sancti,
594 1826 750 1896 reductio
778 1824 916 1895 illorum
943 1823 1078 1895 facilius
1106 1822 1195 1894 effici
1222 1822 1342 1913 possit.
1370 1800 1466 1894 luter
1492 1821 1580 1893 alios
1607 1827 1723 1893 autem
1749 1821 1793 1892 ad
1820 1828 1856 1893 te
1873 1822 1996 1894 oculos

438 1954 577 2018 nostros
605 1946 804 2036 direximus,
834 1967 934 2034 quom
963 1965 1038 2014 cum
1066 1965 1130 2034 pro
1149 1944 1324 2033 idiomate,
1354 1964 1423 2036 quo
1450 1964 1527 2014 cum
1552 1942 1623 2015 illis
1650 1943 1893 2032 communicas,
1918 1948 1997 2014 tum

354 2075 358 2086 ’
437 2089 501 2157 pro
530 2088 663 2136 summa
689 2067 885 2136 litterarum
913 2085 1088 2136 sacrarum
1116 2063 1252 2154 peritia,
1280 2069 1353 2134 tum
1380 2085 1444 2154 pro
1472 2069 1613 2134 sauctae
1641 2064 1735 2134 vitae
1761 2070 1843 2134 tuae
1874 2084 1994 2134 exem-

437 2189 507 2278 plo,
535 2195 608 2260 tum
636 2208 700 2276 pro
727 2187 842 2278 gratia
870 2207 971 2276 quam
998 2186 1125 2256 scimus
1153 2184 1245 2276 apud
1271 2185 1383 2256 Deum
1409 2191 1446 2258 tc
1473 2186 1658 2274 meruisse,
1685 2186 1880 2256 inhaere
1906 2190 1993 2256 aute

377 2321 380 2326 '
438 2309 524 2379 alios
565 2307 725 2378 idoneum
760 2305 959 2377 iudicamus.
1003 2305 1171 2394 Quocirca
1206 2306 1242 2375 in
1278 2306 1407 2376 virtute
1443 2304 1594 2396 Spiritus
1630 2305 1748 2376 Sancti
1786 2312 1822 2377 et
1848 2312 1994 2376 sauctae

438 2429 655 2500 obedientiae
674 2427 740 2498 tibi
760 2427 916 2498 districto
936 2425 1181 2517 praecipiendo
1208 2426 1422 2516 mandamus
1450 2431 1619 2516 quatenus
1637 2427 1721 2497 visis
1740 2427 1993 2516 praesentibus,

438 2542 598 2622 obmissis
626 2549 784 2620 omnibus
812 2549 926 2637 rebus,
954 2547 998 2618 ad
1025 2569 1088 2620 nos
1115 2547 1236 2621 venire
1261 2568 1436 2638 properes.
1465 2542 1672 2618 Maudamus
1695 2553 1736 2632 ‚et
1753 2553 1874 2629 tenore
1893 2569 1997 2636 prae·

438 2672 586 2753 sentium
615 2669 799 2740 conventui
827 2675 952 2758 vestro,
980 2674 1020 2740 ut
1045 2668 1110 2738 tibi
1138 2669 1341 2758 usquehuc
1368 2669 1531 2738 viaticum
1557 2667 1742 2757 ministret,
1769 2668 1861 2759 quod
1878 2669 1995 2740 eidem

437 2791 623 2862 restituere
650 2790 861 2880 pollicemur.
889 2789 1083 2879 Accingere
1110 2789 1218 2879 igitur
1245 2809 1344 2862 serve
1371 2789 1436 2859 Dei
1456 2789 1500 2860 ad
1518 2789 1596 2887 iter,
1614 2811 1678 2879 pro
1698 2790 1859 2879 expensis
1878 2795 1996 2860 autem

438 2919 507 2982 tam
536 2913 600 3000 hic,
629 2933 731 3001 quam
759 2912 795 2982 in
822 2910 938 2982 reditu
966 2931 1028 2982 suo
1056 2909 1232 2999 iaciendis
1259 2932 1323 2982 nos
1348 2915 1519 3001 oportune
1536 2911 1627 2982 sicut
1645 2910 1747 2982 decet
1763 2910 1997 3001 providemus

439 3033 629 3122 Accingere
657 3031 764 3122 igitur
792 3051 892 3102 sorve
918 3030 984 3101 Dei
1011 3031 1054 3101 ad
1083 3031 1160 3119 iter,
1188 3037 1224 3102 et
1250 3052 1313 3122 pro
1342 3031 1455 3120 salute
1481 3038 1536 3104 tot
1563 3032 1754 3102 animarum
1773 3032 1866 3102 hunc
1884 3032 1996 3102 modi·

440 3176 516 3223 cum
544 3151 698 3223 laborem
726 3173 769 3222 ne
788 3173 926 3223 recuses
954 3152 1079 3242 subire,
1098 3152 1260 3224 existima
1285 3152 1452 3250 Spiritum
1472 3152 1646 3242 Sanctum,
1669 3174 1738 3224 nou
1755 3153 1912 3223 homines
1930 3153 2001 3224 hoe

440 3274 503 3343 tibi
540 3279 760 3362 praeceptum
797 3273 927 3344 secisse.
967 3271 1055 3344 Vale
1092 3273 1127 3346 iu
1162 3272 1311 3346 Domino
1347 3276 1468 3344 nostro
1503 3272 1590 3346 Jesu
1626 3273 1766 3346 Christo
1793 3294 1893 3345 serve
1919 3273 1997 3344 Dei.

442 3394 569 3464 Datum
598 3393 757 3466 Basileae
784 3391 826 3463 V.
853 3393 958 3466 lunii.

545 3635 717 3708 Processu
753 3656 835 3706 vero
872 3635 1003 3706 dierum
1041 3635 1154 3726 ipsum
1190 3640 1363 3708 oratorem
1401 3657 1500 3710 suum
1526 3637 1570 3708 ad
1606 3635 1900 3710 Vladislaum
1926 3601 2026 3710 Se?

440 3757 631 3827 cundum
666 3756 983 3858 Poloniaeorogem
1020 3757 1133 3828 adhuc
1168 3757 1359 3846 viventem,
1385 3778 1587 3828 aversurum
1625 3759 1721 3830 illum
1748 3780 1770 3829 a
1796 3760 1887 3840 bello
1914 3781 1999 3850 pru-

439 3879 596 3964 thenico,
634 3877 725 3968 quod
762 3900 852 3949 armo
889 3878 1028 3948 Domini
1070 3879 1178 3950 1433.
1206 3884 1329 3950 contra
1355 3878 1542 3951 cruciferos
1569 3880 1727 3951 maximis
1754 3880 1919 3954 cladibus
1937 3902 2017 3960 eos,

441 3999 617 4070 involvens
645 3999 762 4089 gessit,
791 3999 989 4088 destinavit,
1015 4005 1205 4090 gratusque
1231 3999 1298 4070 luit
1315 3998 1565 4072 Vladislao
1593 4000 1802 4073 Secundo
1829 4001 2000 4074 Polouiae

357 4133 360 4140 ⁴
439 4120 513 4208 rogi
540 4120 615 4190 eius
644 4119 821 4208 adventus,
840 4143 907 4192 nou
926 4125 1052 4208 tannen,
1071 4119 1154 4190 licet
1171 4141 1295 4209 magno
1315 4127 1440 4192 conatu
1458 4120 1627 4210 sudasset,
1645 4122 1854 4213 persuadere
1871 4125 1999 4222 potuit,

441 4246 480 4311 ut
514 4240 644 4312 stridor
680 4241 762 4312 belli
800 4247 921 4312 contra
957 4239 1145 4322 cruciferos
1180 4246 1264 4313 tunc
1291 4242 1522 4312 omitteretur.
1557 4241 1674 4314 Maior
1700 4244 1790 4316 cuim
1816 4244 1998 4335 aliquanto

440 4361 506 4432 luit
533 4383 650 4432 eorum
678 4361 821 4450 facinus,
850 4383 951 4452 quam
980 4361 1105 4452 quibus
1133 4361 1276 4432 deberet
1294 4362 1496 4435 intercessio
1515 4361 1661 4436 Ooucilii
1678 4364 1882 4456 suffragari3
1908 4386 1993 4455 rege

441 4482 531 4550 onim
555 4481 805 4554 ⁴Vladislao
842 4482 932 4554 bello
968 4481 1175 4554 Lithvanico
1213 4486 1334 4554 contra
1370 4483 1491 4555 ducem
1518 4484 1784 4556 Boleslaum
1811 4485 1999 4558 Swidri·
2071 4507 2080 4572 j

442 4603 606 4692 gellum
636 4603 727 4692 apud
754 4603 963 4674 Luczsko
992 4609 1169 4694 occupato,
1197 4611 1384 4696 perpetuae
1412 4606 1507 4694 pacis
1533 4613 1637 4697 rupto
1655 4605 1804 4698 loedere,
1825 4607 1860 4678 in
1880 4613 1997 4680 terras

442 4723 688 4811 KuiavionseS,
716 4725 971 4796 Dobrzinenses
1005 4729 1040 4795 et
1067 4724 1235 4796 Palulri
1262 4725 1455 4816 irruentes,
1482 4749 1601 4800 omues
1627 4715 1826 4826 crudelibus
1851 4727 1998 4800 flammis

443 4852 737 4935 consumpserant,
766 4866 786 4916 a
813 4846 895 4918 solis
922 4846 1060 4916 rusticis
1089 4851 1124 4918 et
1151 4846 1281 4917 colonis
1308 4845 1395 4918 duce
1422 4845 1806 4942 Jarognyewsky‚
1825 4851 1998 4940 usquead
2101 4896 2107 4906 ·

442 4990 548 5038 unum
577 4969 669 5037 circa
697 4967 812 5037 villam
841 4967 1011 5058 Dumby
1039 4967 1179 5056 obtriti;
1214 4966 1391 5058 praelatus
1419 4975 1534 5040 autem
1562 4971 1730 5062 magister
1757 4970 1999 5068 lohannes

442 5089 484 5159 de
511 5088 669 5179 Praga,
698 5111 740 5159 ex
767 5087 911 5160 Polonia
939 5089 974 5160 in
1002 5089 1205 5179 Basiliense,
1225 5095 1260 5160 et
1287 5089 1412 5161 exinde
1430 5091 1466 5162 in
1486 5092 1732 5164 monasterium
1751 5114 1851 5163 suum
1869 5094 1999 5164 camal-

441 5211 582 5292 dulense
610 5233 781 5300 reversus
810 5211 899 5281 diem
928 5211 991 5282 sub
1019 5209 1172 5301 regulari
1199 5212 1427 5283 sanctimonia
1453 5213 1549 5284 obiit.
1577 5214 1645 5284 Sed
1670 5214 1741 5284 iam
1767 5213 1812 5285 ad
1841 5215 1862 5286 d
1887 5215 1998 5306 scrip-

383 5367 386 5374 =
443 5334 569 5402 tionem
598 5334 765 5404 bonorum
793 5333 1044 5424 temporalium,
1072 5354 1160 5424 quae
1188 5332 1466 5406 Vladislaus
1493 5334 1732 5406 Secundus
1751 5335 1917 5410 Polouiae
1935 5359 1999 5409 rex

443 5452 534 5521 dieto
562 5457 773 5526 monasterio
802 5455 1010 5528 Sandecensi
1038 5455 1074 5526 in
1102 5455 1219 5528 dotem
1247 5455 1395 5528 contulit
1413 5461 1448 5528 et
1468 5457 1713 5546 privilegiavit,
1733 5459 1946 5531 accedamus.
