<?xml version="1.0" encoding="UTF-8"?>
<!DOCTYPE html PUBLIC "-//W3C//DTD XHTML 1.0 Transitional//EN"
    "http://www.w3.org/TR/xhtml1/DTD/xhtml1-transitional.dtd">
<html xmlns="http://www.w3.org/1999/xhtml" xml:lang="en" lang="en">
 <head>
  <title>
</title>
<meta http-equiv="Content-Type" content="text/html;charset=utf-8" />
  <meta name='ocr-system' content='tesseract 3.04.00' />
  <meta name='ocr-capabilities' content='ocr_page ocr_carea ocr_par ocr_line ocrx_word'/>
</head>
<body>
  <div class='ocr_page' id='page_1' title='image "./operaomnia00paulgoog_0293.png"; bbox 0 0 4492 6592; ppageno 0'>
   <div class='ocr_carea' id='block_1_1' title="bbox 455 713 528 784">
    <p class='ocr_par' dir='ltr' id='par_1_1' title="bbox 455 713 528 784">
     <span class='ocr_line' id='line_1_1' title="bbox 455 713 528 784; baseline 0 0"><span class='ocrx_word' id='word_1_1' title='bbox 455 713 528 784; x_wconf 79' lang='lat'>268</span> 
     </span>
    </p>
   </div>
   <div class='ocr_carea' id='block_1_2' title="bbox 438 868 1987 1004">
    <p class='ocr_par' dir='ltr' id='par_1_2' title="bbox 438 868 1987 1004">
     <span class='ocr_line' id='line_1_2' title="bbox 438 868 1987 1004; baseline -0.006 -13"><span class='ocrx_word' id='word_1_2' title='bbox 438 878 541 990; x_wconf 87' lang='lat' dir='ltr'>duae</span> <span class='ocrx_word' id='word_1_3' title='bbox 568 916 706 989; x_wconf 87' lang='lat' dir='ltr'>solvunt</span> <span class='ocrx_word' id='word_1_4' title='bbox 731 933 793 1004; x_wconf 92' lang='lat' dir='ltr'>per</span> <span class='ocrx_word' id='word_1_5' title='bbox 818 933 923 986; x_wconf 89' lang='lat' dir='ltr'>unam</span> <span class='ocrx_word' id='word_1_6' title='bbox 949 931 1127 1002; x_wconf 77' lang='lat' dir='ltr'>marcam„</span> <span class='ocrx_word' id='word_1_7' title='bbox 1152 913 1259 985; x_wconf 88' lang='lat' dir='ltr'>tertia</span> <span class='ocrx_word' id='word_1_8' title='bbox 1273 911 1432 984; x_wconf 85' lang='lat' dir='ltr'>mediam</span> <span class='ocrx_word' id='word_1_9' title='bbox 1467 931 1628 983; x_wconf 90' lang='lat' dir='ltr'>marcam.</span> <span class='ocrx_word' id='word_1_10' title='bbox 1666 909 1755 982; x_wconf 90' lang='lat' dir='ltr'>Item</span> <span class='ocrx_word' id='word_1_11' title='bbox 1781 868 1987 982; x_wconf 83' lang='lat' dir='ltr'>hortulaniae</span> 
     </span>
    </p>
   </div>
   <div class='ocr_carea' id='block_1_3' title="bbox 450 1027 1996 1602">
    <p class='ocr_par' dir='ltr' id='par_1_3' title="bbox 450 1027 1996 1602">
     <span class='ocr_line' id='line_1_3' title="bbox 451 1027 1989 1126; baseline -0.005 -16"><span class='ocrx_word' id='word_1_12' title='bbox 451 1059 520 1110; x_wconf 90' lang='lat' dir='ltr'>non</span> <span class='ocrx_word' id='word_1_13' title='bbox 547 1041 636 1108; x_wconf 88' lang='lat' dir='ltr'>suut.</span> <span class='ocrx_word' id='word_1_14' title='bbox 675 1036 764 1107; x_wconf 86' lang='lat' dir='ltr'><strong>Item</strong></span> <span class='ocrx_word' id='word_1_15' title='bbox 798 1035 977 1125; x_wconf 83' lang='lat' dir='ltr'>praedium</span> <span class='ocrx_word' id='word_1_16' title='bbox 1012 1055 1081 1105; x_wconf 91' lang='lat' dir='ltr'>non</span> <span class='ocrx_word' id='word_1_17' title='bbox 1108 1038 1172 1104; x_wconf 89' lang='lat' dir='ltr'>est.</span> <span class='ocrx_word' id='word_1_18' title='bbox 1210 1033 1300 1106; x_wconf 92' lang='lat' dir='ltr'>Item</span> <span class='ocrx_word' id='word_1_19' title='bbox 1332 1027 1525 1126; x_wconf 64' lang='lat' dir='ltr'>parabam</span> <span class='ocrx_word' id='word_1_20' title='bbox 1543 1037 1726 1121; x_wconf 90' lang='lat' dir='ltr'>utramque</span> <span class='ocrx_word' id='word_1_21' title='bbox 1750 1030 1910 1102; x_wconf 89' lang='lat' dir='ltr'>laborant</span> <span class='ocrx_word' id='word_1_22' title='bbox 1932 1051 1989 1120; x_wconf 93' lang='lat' dir='ltr'>pro</span> 
     </span>
     <span class='ocr_line' id='line_1_4' title="bbox 450 1148 1991 1246; baseline -0.005 -18"><span class='ocrx_word' id='word_1_23' title='bbox 450 1157 672 1228; x_wconf 89' lang='lat' dir='ltr'>monasterio.</span> <span class='ocrx_word' id='word_1_24' title='bbox 712 1156 801 1226; x_wconf 88' lang='lat' dir='ltr'>Item</span> <span class='ocrx_word' id='word_1_25' title='bbox 818 1159 980 1226; x_wconf 89' lang='lat' dir='ltr'>tenentur</span> <span class='ocrx_word' id='word_1_26' title='bbox 998 1174 1062 1244; x_wconf 91' lang='lat' dir='ltr'>pro</span> <span class='ocrx_word' id='word_1_27' title='bbox 1080 1155 1204 1246; x_wconf 83' lang='lat' dir='ltr'>hyeme</span> <span class='ocrx_word' id='word_1_28' title='bbox 1221 1159 1259 1226; x_wconf 89' lang='lat' dir='ltr'>et</span> <span class='ocrx_word' id='word_1_29' title='bbox 1278 1157 1413 1224; x_wconf 76' lang='lat' dir='ltr'>aestate</span> <span class='ocrx_word' id='word_1_30' title='bbox 1434 1157 1549 1224; x_wconf 89' lang='lat' dir='ltr'>certos</span> <span class='ocrx_word' id='word_1_31' title='bbox 1567 1172 1671 1243; x_wconf 77' lang='lat' dir='ltr'>agros</span> <span class='ocrx_word' id='word_1_32' title='bbox 1688 1170 1806 1222; x_wconf 87' lang='lat' dir='ltr'>serere</span> <span class='ocrx_word' id='word_1_33' title='bbox 1831 1154 1868 1221; x_wconf 87' lang='lat' dir='ltr'>ot</span> <span class='ocrx_word' id='word_1_34' title='bbox 1884 1148 1991 1241; x_wconf 91' lang='lat' dir='ltr'>dispo-</span> 
     </span>
     <span class='ocr_line' id='line_1_5' title="bbox 451 1271 1993 1375; baseline -0.005 -27"><span class='ocrx_word' id='word_1_35' title='bbox 451 1297 542 1348; x_wconf 90' lang='lat' dir='ltr'>nere.</span> <span class='ocrx_word' id='word_1_36' title='bbox 581 1277 670 1346; x_wconf 84' lang='lat' dir='ltr'>Item</span> <span class='ocrx_word' id='word_1_37' title='bbox 704 1280 785 1364; x_wconf 90' lang='lat' dir='ltr'>post</span> <span class='ocrx_word' id='word_1_38' title='bbox 820 1295 938 1347; x_wconf 91' lang='lat' dir='ltr'>omnes</span> <span class='ocrx_word' id='word_1_39' title='bbox 973 1294 1077 1364; x_wconf 82' lang='lat' dir='ltr'>agros</span> <span class='ocrx_word' id='word_1_40' title='bbox 1114 1273 1350 1375; x_wconf 87' lang='lat' dir='ltr'>emethonales</span> <span class='ocrx_word' id='word_1_41' title='bbox 1383 1273 1486 1344; x_wconf 91' lang='lat' dir='ltr'>datur</span> <span class='ocrx_word' id='word_1_42' title='bbox 1522 1272 1655 1344; x_wconf 82' lang='lat' dir='ltr'>decima</span> <span class='ocrx_word' id='word_1_43' title='bbox 1685 1271 1910 1362; x_wconf 70' lang='lat' dir='ltr'>manipularis</span> <span class='ocrx_word' id='word_1_44' title='bbox 1934 1291 1993 1360; x_wconf 87' lang='lat' dir='ltr'>pro</span> 
     </span>
     <span class='ocr_line' id='line_1_6' title="bbox 450 1391 1996 1486; baseline -0.005 -18"><span class='ocrx_word' id='word_1_45' title='bbox 450 1399 681 1486; x_wconf 88' lang='lat' dir='ltr'>monasterio,</span> <span class='ocrx_word' id='word_1_46' title='bbox 717 1403 753 1467; x_wconf 89' lang='lat' dir='ltr'>et</span> <span class='ocrx_word' id='word_1_47' title='bbox 780 1395 956 1466; x_wconf 84' lang='lat' dir='ltr'>inducitur</span> <span class='ocrx_word' id='word_1_48' title='bbox 991 1415 1054 1484; x_wconf 89' lang='lat' dir='ltr'>per</span> <span class='ocrx_word' id='word_1_49' title='bbox 1090 1394 1288 1464; x_wconf 90' lang='lat' dir='ltr'>cmethones</span> <span class='ocrx_word' id='word_1_50' title='bbox 1315 1394 1351 1462; x_wconf 94' lang='lat' dir='ltr'>in</span> <span class='ocrx_word' id='word_1_51' title='bbox 1378 1393 1542 1462; x_wconf 91' lang='lat' dir='ltr'>horreum</span> <span class='ocrx_word' id='word_1_52' title='bbox 1577 1393 1729 1483; x_wconf 90' lang='lat' dir='ltr'>propriis</span> <span class='ocrx_word' id='word_1_53' title='bbox 1760 1391 1936 1479; x_wconf 88' lang='lat' dir='ltr'>curribus,</span> <span class='ocrx_word' id='word_1_54' title='bbox 1962 1396 1996 1460; x_wconf 89' lang='lat' dir='ltr'>et</span> 
     </span>
     <span class='ocr_line' id='line_1_7' title="bbox 450 1499 1995 1602; baseline -0.006 -14"><span class='ocrx_word' id='word_1_55' title='bbox 450 1517 550 1588; x_wconf 85' lang='lat' dir='ltr'>valor</span> <span class='ocrx_word' id='word_1_56' title='bbox 586 1517 630 1587; x_wconf 91' lang='lat' dir='ltr'>ad</span> <span class='ocrx_word' id='word_1_57' title='bbox 657 1537 780 1588; x_wconf 86' lang='lat' dir='ltr'>nouem</span> <span class='ocrx_word' id='word_1_58' title='bbox 807 1529 950 1586; x_wconf 89' lang='lat' dir='ltr'>marcas.</span> <span class='ocrx_word' id='word_1_59' title='bbox 989 1514 1079 1586; x_wconf 88' lang='lat' dir='ltr'>Item</span> <span class='ocrx_word' id='word_1_60' title='bbox 1106 1513 1273 1584; x_wconf 81' lang='lat' dir='ltr'>dealmam</span> <span class='ocrx_word' id='word_1_61' title='bbox 1300 1499 1499 1602; x_wconf 86' lang='lat' dir='ltr'>canapalom</span> <span class='ocrx_word' id='word_1_62' title='bbox 1526 1523 1590 1602; x_wconf 85' lang='lat' dir='ltr'>per</span> <span class='ocrx_word' id='word_1_63' title='bbox 1615 1532 1720 1584; x_wconf 89' lang='lat' dir='ltr'>unam</span> <span class='ocrx_word' id='word_1_64' title='bbox 1745 1508 1873 1582; x_wconf 75' lang='grc'><strong>101011.</strong></span> <span class='ocrx_word' id='word_1_65' title='bbox 1911 1509 1995 1580; x_wconf 89' lang='lat' dir='ltr'>Item</span> 
     </span>
    </p>
   </div>
   <div class='ocr_carea' id='block_1_4' title="bbox 452 1625 2141 1731">
    <p class='ocr_par' dir='ltr' id='par_1_4' title="bbox 452 1625 2141 1731">
     <span class='ocr_line' id='line_1_8' title="bbox 452 1625 2141 1731; baseline -0.005 -23"><span class='ocrx_word' id='word_1_66' title='bbox 452 1627 506 1708; x_wconf 89' lang='lat' dir='ltr'>est</span> <span class='ocrx_word' id='word_1_67' title='bbox 541 1636 590 1708; x_wconf 92' lang='lat' dir='ltr'>ibi</span> <span class='ocrx_word' id='word_1_68' title='bbox 626 1637 810 1725; x_wconf 85' lang='lat' dir='ltr'>scultetus,</span> <span class='ocrx_word' id='word_1_69' title='bbox 851 1636 984 1708; x_wconf 89' lang='lat' dir='ltr'>babens</span> <span class='ocrx_word' id='word_1_70' title='bbox 1025 1634 1112 1706; x_wconf 91' lang='lat' dir='ltr'>duos</span> <span class='ocrx_word' id='word_1_71' title='bbox 1149 1654 1253 1722; x_wconf 82' lang='lat' dir='ltr'>agros</span> <span class='ocrx_word' id='word_1_72' title='bbox 1292 1633 1435 1722; x_wconf 88' lang='lat' dir='ltr'>liberos,</span> <span class='ocrx_word' id='word_1_73' title='bbox 1474 1631 1518 1702; x_wconf 89' lang='lat' dir='ltr'>de</span> <span class='ocrx_word' id='word_1_74' title='bbox 1554 1633 1679 1722; x_wconf 91' lang='lat' dir='ltr'>quibus</span> <span class='ocrx_word' id='word_1_75' title='bbox 1715 1631 1856 1731; x_wconf 86' lang='lat' dir='ltr'>decima</span> <span class='ocrx_word' id='word_1_76' title='bbox 1883 1649 1998 1700; x_wconf 85' lang='lat' dir='ltr'>mona·</span> <span class='ocrx_word' id='word_1_77' title='bbox 2137 1625 2141 1638; x_wconf 91' lang='lat'>&#39;</span> 
     </span>
    </p>
   </div>
   <div class='ocr_carea' id='block_1_5' title="bbox 452 1751 2047 2212">
    <p class='ocr_par' dir='ltr' id='par_1_5' title="bbox 452 1751 2000 1966">
     <span class='ocr_line' id='line_1_9' title="bbox 455 1751 2000 1844; baseline -0.004 -16"><span class='ocrx_word' id='word_1_78' title='bbox 455 1757 562 1828; x_wconf 89' lang='lat' dir='ltr'>sterio</span> <span class='ocrx_word' id='word_1_79' title='bbox 589 1757 625 1825; x_wconf 91' lang='lat' dir='ltr'>in</span> <span class='ocrx_word' id='word_1_80' title='bbox 652 1755 953 1830; x_wconf 87' lang='lat' dir='ltr'>Szeczeohow</span> <span class='ocrx_word' id='word_1_81' title='bbox 980 1755 1126 1826; x_wconf 90' lang='lat' dir='ltr'>solvitur</span> <span class='ocrx_word' id='word_1_82' title='bbox 1152 1753 1387 1844; x_wconf 81' lang='lat' dir='ltr'>manipularis.</span> <span class='ocrx_word' id='word_1_83' title='bbox 1428 1751 1588 1825; x_wconf 82' lang='lat' dir='ltr'>Confluat</span> <span class='ocrx_word' id='word_1_84' title='bbox 1606 1772 1683 1824; x_wconf 90' lang='lat' dir='ltr'>cum</span> <span class='ocrx_word' id='word_1_85' title='bbox 1705 1752 2000 1839; x_wconf 81' lang='lat' dir='ltr'>Laczuchou,</span> 
     </span>
     <span class='ocr_line' id='line_1_10' title="bbox 452 1871 1553 1966; baseline -0.005 -19"><span class='ocrx_word' id='word_1_86' title='bbox 452 1874 765 1966; x_wconf 78' lang='lat' dir='ltr'>Gzye&#39;chanky,</span> <span class='ocrx_word' id='word_1_87' title='bbox 794 1873 1008 1947; x_wconf 82' lang='lat' dir='ltr'>Oziczow.</span> <span class='ocrx_word' id='word_1_88' title='bbox 1043 1875 1264 1963; x_wconf 88' lang='lat' dir='ltr'>Donataper</span> <span class='ocrx_word' id='word_1_89' title='bbox 1288 1871 1553 1946; x_wconf 82' lang='lat' dir='ltr'>Iaxaducem.</span> 
     </span>
    </p>

    <p class='ocr_par' dir='ltr' id='par_1_6' title="bbox 453 1992 2047 2212">
     <span class='ocr_line' id='line_1_11' title="bbox 556 1992 2047 2084; baseline -0.004 -18"><span class='ocrx_word' id='word_1_90' title='bbox 556 1996 767 2068; x_wconf 80' lang='lat' dir='ltr'>anozowa</span> <span class='ocrx_word' id='word_1_91' title='bbox 793 1994 953 2084; x_wconf 81' lang='lat' dir='ltr'>Wouun,</span> <span class='ocrx_word' id='word_1_92' title='bbox 979 1995 1062 2065; x_wconf 90' lang='lat' dir='ltr'>villa</span> <span class='ocrx_word' id='word_1_93' title='bbox 1089 1995 1154 2067; x_wconf 91' lang='lat' dir='ltr'>sub</span> <span class='ocrx_word' id='word_1_94' title='bbox 1180 1995 1347 2083; x_wconf 88' lang='lat' dir='ltr'>parochia</span> <span class='ocrx_word' id='word_1_95' title='bbox 1372 1994 1537 2066; x_wconf 90' lang='lat' dir='ltr'>ecclesiae</span> <span class='ocrx_word' id='word_1_96' title='bbox 1564 1993 1608 2064; x_wconf 91' lang='lat' dir='ltr'>de</span> <span class='ocrx_word' id='word_1_97' title='bbox 1633 1992 1849 2064; x_wconf 87' lang='lat' dir='ltr'>Lanczna</span> <span class='ocrx_word' id='word_1_98' title='bbox 1875 1992 2000 2083; x_wconf 90' lang='lat' dir='ltr'>oppido</span> <span class='ocrx_word' id='word_1_99' title='bbox 2043 2055 2047 2060; x_wconf 83' lang='grc'><strong>,</strong></span> 
     </span>
     <span class='ocr_line' id='line_1_12' title="bbox 453 2112 2001 2212; baseline -0.003 -24"><span class='ocrx_word' id='word_1_100' title='bbox 453 2117 538 2206; x_wconf 88' lang='lat' dir='ltr'>sita,</span> <span class='ocrx_word' id='word_1_101' title='bbox 567 2115 663 2186; x_wconf 89' lang='lat' dir='ltr'>cuius</span> <span class='ocrx_word' id='word_1_102' title='bbox 690 2115 886 2206; x_wconf 83' lang='lat' dir='ltr'>proprietas</span> <span class='ocrx_word' id='word_1_103' title='bbox 913 2121 949 2186; x_wconf 91' lang='lat' dir='ltr'>et</span> <span class='ocrx_word' id='word_1_104' title='bbox 967 2115 1157 2187; x_wconf 89' lang='lat' dir='ltr'>dominium</span> <span class='ocrx_word' id='word_1_105' title='bbox 1184 2114 1229 2185; x_wconf 92' lang='lat' dir='ltr'>ad</span> <span class='ocrx_word' id='word_1_106' title='bbox 1246 2112 1821 2212; x_wconf 27' lang='lat' dir='ltr'>monasterium-Sueczechovicnse</span> <span class='ocrx_word' id='word_1_107' title='bbox 1839 2114 2001 2203; x_wconf 88' lang='lat' dir='ltr'>pertinet.</span> 
     </span>
    </p>
   </div>
   <div class='ocr_carea' id='block_1_6' title="bbox 451 2234 2110 2328">
    <p class='ocr_par' dir='ltr' id='par_1_7' title="bbox 451 2234 2110 2328">
     <span class='ocr_line' id='line_1_13' title="bbox 451 2234 2110 2328; baseline -0.001 -22"><span class='ocrx_word' id='word_1_108' title='bbox 451 2237 492 2307; x_wconf 92' lang='lat' dir='ltr'>In</span> <span class='ocrx_word' id='word_1_109' title='bbox 529 2257 596 2328; x_wconf 90' lang='lat' dir='ltr'>qua</span> <span class='ocrx_word' id='word_1_110' title='bbox 631 2242 712 2308; x_wconf 92' lang='lat' dir='ltr'>sunt</span> <span class='ocrx_word' id='word_1_111' title='bbox 739 2241 888 2326; x_wconf 91' lang='lat' dir='ltr'>quatuor</span> <span class='ocrx_word' id='word_1_112' title='bbox 923 2236 1015 2307; x_wconf 90' lang='lat' dir='ltr'>lanei</span> <span class='ocrx_word' id='word_1_113' title='bbox 1042 2235 1294 2324; x_wconf 87' lang='lat' dir='ltr'>emethonales,</span> <span class='ocrx_word' id='word_1_114' title='bbox 1330 2242 1367 2306; x_wconf 88' lang='lat' dir='ltr'>et</span> <span class='ocrx_word' id='word_1_115' title='bbox 1394 2235 1540 2325; x_wconf 89' lang='lat' dir='ltr'>quilibet</span> <span class='ocrx_word' id='word_1_116' title='bbox 1576 2234 1681 2304; x_wconf 86' lang='lat' dir='ltr'>solvit</span> <span class='ocrx_word' id='word_1_117' title='bbox 1715 2253 1780 2325; x_wconf 88' lang='lat' dir='ltr'>pro</span> <span class='ocrx_word' id='word_1_118' title='bbox 1807 2253 1916 2305; x_wconf 88' lang='lat' dir='ltr'>censu</span> <span class='ocrx_word' id='word_1_119' title='bbox 1941 2255 2002 2323; x_wconf 87' lang='lat' dir='ltr'>per</span> <span class='ocrx_word' id='word_1_120' title='bbox 2106 2289 2110 2294; x_wconf 85' lang='lat'>.</span> 
     </span>
    </p>
   </div>
   <div class='ocr_carea' id='block_1_7' title="bbox 424 2354 2003 3051">
    <p class='ocr_par' dir='ltr' id='par_1_8' title="bbox 424 2354 2003 3051">
     <span class='ocr_line' id='line_1_14' title="bbox 451 2354 2003 2446; baseline -0.002 -18"><span class='ocrx_word' id='word_1_121' title='bbox 451 2377 557 2428; x_wconf 91' lang='lat' dir='ltr'>unum</span> <span class='ocrx_word' id='word_1_122' title='bbox 590 2355 779 2446; x_wconf 83' lang='lat' dir='ltr'>fertonem,</span> <span class='ocrx_word' id='word_1_123' title='bbox 814 2357 899 2428; x_wconf 92' lang='lat' dir='ltr'>item</span> <span class='ocrx_word' id='word_1_124' title='bbox 933 2357 1081 2446; x_wconf 84' lang='lat' dir='ltr'>trigmta</span> <span class='ocrx_word' id='word_1_125' title='bbox 1113 2377 1198 2446; x_wconf 91' lang='lat' dir='ltr'>ova,</span> <span class='ocrx_word' id='word_1_126' title='bbox 1235 2359 1320 2428; x_wconf 90' lang='lat' dir='ltr'>item</span> <span class='ocrx_word' id='word_1_127' title='bbox 1356 2355 1442 2428; x_wconf 89' lang='lat' dir='ltr'>duos</span> <span class='ocrx_word' id='word_1_128' title='bbox 1471 2355 1602 2446; x_wconf 84' lang='lat' dir='ltr'>gallos,</span> <span class='ocrx_word' id='word_1_129' title='bbox 1636 2355 1721 2426; x_wconf 92' lang='lat' dir='ltr'>item</span> <span class='ocrx_word' id='word_1_130' title='bbox 1756 2354 1845 2426; x_wconf 92' lang='lat' dir='ltr'>duos</span> <span class='ocrx_word' id='word_1_131' title='bbox 1876 2374 2003 2444; x_wconf 88' lang='lat' dir='ltr'>caseos,</span> 
     </span>
     <span class='ocr_line' id='line_1_15' title="bbox 424 2475 2002 2565; baseline -0.001 -17"><span class='ocrx_word' id='word_1_132' title='bbox 424 2499 426 2504; x_wconf 91' lang='lat'>·</span> <span class='ocrx_word' id='word_1_133' title='bbox 452 2476 539 2548; x_wconf 86' lang='lat' dir='ltr'>duos</span> <span class='ocrx_word' id='word_1_134' title='bbox 566 2477 690 2550; x_wconf 89' lang='lat' dir='ltr'>choros</span> <span class='ocrx_word' id='word_1_135' title='bbox 718 2496 856 2548; x_wconf 89' lang='lat' dir='ltr'>avenae.</span> <span class='ocrx_word' id='word_1_136' title='bbox 896 2475 983 2548; x_wconf 86' lang='lat' dir='ltr'>Item</span> <span class='ocrx_word' id='word_1_137' title='bbox 1001 2481 1165 2550; x_wconf 87' lang='lat' dir='ltr'>tenentur</span> <span class='ocrx_word' id='word_1_138' title='bbox 1191 2477 1351 2565; x_wconf 85' lang='lat' dir='ltr'>laborare</span> <span class='ocrx_word' id='word_1_139' title='bbox 1377 2497 1485 2548; x_wconf 91' lang='lat' dir='ltr'>unum</span> <span class='ocrx_word' id='word_1_140' title='bbox 1511 2475 1603 2546; x_wconf 89' lang='lat' dir='ltr'>diem</span> <span class='ocrx_word' id='word_1_141' title='bbox 1628 2475 1665 2545; x_wconf 92' lang='lat' dir='ltr'>in</span> <span class='ocrx_word' id='word_1_142' title='bbox 1684 2475 1897 2565; x_wconf 85' lang='lat' dir='ltr'>septimana,</span> <span class='ocrx_word' id='word_1_143' title='bbox 1924 2496 2002 2565; x_wconf 86' lang='lat' dir='ltr'>pro</span> 
     </span>
     <span class='ocr_line' id='line_1_16' title="bbox 451 2595 2000 2686; baseline 0 -20"><span class='ocrx_word' id='word_1_144' title='bbox 451 2597 528 2686; x_wconf 93' lang='lat' dir='ltr'>prio</span> <span class='ocrx_word' id='word_1_145' title='bbox 556 2616 660 2667; x_wconf 86' lang='lat' dir='ltr'>curru</span> <span class='ocrx_word' id='word_1_146' title='bbox 686 2603 747 2666; x_wconf 90' lang='lat' dir='ltr'>aut</span> <span class='ocrx_word' id='word_1_147' title='bbox 764 2601 892 2668; x_wconf 89' lang='lat' dir='ltr'>aratro.</span> <span class='ocrx_word' id='word_1_148' title='bbox 915 2596 1021 2668; x_wconf 88' lang='lat' dir='ltr'>Item</span> <span class='ocrx_word' id='word_1_149' title='bbox 1039 2597 1186 2668; x_wconf 88' lang='lat' dir='ltr'>taberna</span> <span class='ocrx_word' id='word_1_150' title='bbox 1202 2617 1272 2668; x_wconf 90' lang='lat' dir='ltr'>una</span> <span class='ocrx_word' id='word_1_151' title='bbox 1293 2597 1426 2668; x_wconf 89' lang='lat' dir='ltr'>habens</span> <span class='ocrx_word' id='word_1_152' title='bbox 1453 2616 1570 2686; x_wconf 77' lang='lat' dir='ltr'>agroS,</span> <span class='ocrx_word' id='word_1_153' title='bbox 1598 2595 1702 2667; x_wconf 87' lang='lat' dir='ltr'>solvit</span> <span class='ocrx_word' id='word_1_154' title='bbox 1719 2616 1822 2666; x_wconf 90' lang='lat' dir='ltr'>unam</span> <span class='ocrx_word' id='word_1_155' title='bbox 1840 2614 2000 2667; x_wconf 88' lang='lat' dir='ltr'>marcam</span> 
     </span>
     <span class='ocr_line' id='line_1_17' title="bbox 450 2715 2001 2807; baseline -0.001 -21"><span class='ocrx_word' id='word_1_156' title='bbox 450 2717 540 2788; x_wconf 88' lang='lat' dir='ltr'>Item</span> <span class='ocrx_word' id='word_1_157' title='bbox 565 2715 784 2788; x_wconf 90' lang='lat' dir='ltr'>hortulaniae</span> <span class='ocrx_word' id='word_1_158' title='bbox 811 2716 918 2806; x_wconf 92' lang='lat' dir='ltr'>duae,</span> <span class='ocrx_word' id='word_1_159' title='bbox 946 2737 1015 2788; x_wconf 89' lang='lat' dir='ltr'>non</span> <span class='ocrx_word' id='word_1_160' title='bbox 1034 2717 1165 2790; x_wconf 90' lang='lat' dir='ltr'>habent</span> <span class='ocrx_word' id='word_1_161' title='bbox 1182 2737 1304 2807; x_wconf 78' lang='lat' dir='ltr'>agros,</span> <span class='ocrx_word' id='word_1_162' title='bbox 1330 2739 1401 2789; x_wconf 94' lang='lat' dir='ltr'>non</span> <span class='ocrx_word' id='word_1_163' title='bbox 1419 2716 1559 2788; x_wconf 88' lang='lat' dir='ltr'>solvunt</span> <span class='ocrx_word' id='word_1_164' title='bbox 1586 2718 1738 2805; x_wconf 86' lang='lat' dir='ltr'>censum,</span> <span class='ocrx_word' id='word_1_165' title='bbox 1766 2717 1880 2788; x_wconf 93' lang='lat' dir='ltr'>solnm</span> <span class='ocrx_word' id='word_1_166' title='bbox 1898 2736 2001 2787; x_wconf 90' lang='lat' dir='ltr'>unum</span> 
     </span>
     <span class='ocr_line' id='line_1_18' title="bbox 451 2833 2001 2928; baseline -0.001 -20"><span class='ocrx_word' id='word_1_167' title='bbox 451 2837 541 2908; x_wconf 87' lang='lat' dir='ltr'>diem</span> <span class='ocrx_word' id='word_1_168' title='bbox 559 2837 595 2906; x_wconf 93' lang='lat' dir='ltr'>in</span> <span class='ocrx_word' id='word_1_169' title='bbox 613 2837 807 2926; x_wconf 88' lang='lat' dir='ltr'>septimana</span> <span class='ocrx_word' id='word_1_170' title='bbox 823 2833 1013 2926; x_wconf 83' lang='lat' dir='ltr'>pedestres</span> <span class='ocrx_word' id='word_1_171' title='bbox 1022 2837 1193 2908; x_wconf 89' lang='lat' dir='ltr'>laborant.</span> <span class='ocrx_word' id='word_1_172' title='bbox 1228 2837 1317 2908; x_wconf 87' lang='lat' dir='ltr'>Item</span> <span class='ocrx_word' id='word_1_173' title='bbox 1334 2838 1515 2928; x_wconf 90' lang='lat' dir='ltr'>praedium</span> <span class='ocrx_word' id='word_1_174' title='bbox 1531 2857 1601 2908; x_wconf 91' lang='lat' dir='ltr'>non</span> <span class='ocrx_word' id='word_1_175' title='bbox 1619 2841 1682 2925; x_wconf 88' lang='lat' dir='ltr'>est,</span> <span class='ocrx_word' id='word_1_176' title='bbox 1700 2855 1812 2927; x_wconf 90' lang='lat' dir='ltr'>neque</span> <span class='ocrx_word' id='word_1_177' title='bbox 1830 2836 2001 2908; x_wconf 87' lang='lat' dir='ltr'>scoltetia.</span> 
     </span>
     <span class='ocr_line' id='line_1_19' title="bbox 449 2955 2003 3051; baseline 0 -23"><span class='ocrx_word' id='word_1_178' title='bbox 449 2957 538 3028; x_wconf 91' lang='lat' dir='ltr'>Item</span> <span class='ocrx_word' id='word_1_179' title='bbox 557 2955 742 3051; x_wconf 82' lang='lat' dir='ltr'>powobom</span> <span class='ocrx_word' id='word_1_180' title='bbox 767 2963 950 3049; x_wconf 90' lang='lat' dir='ltr'>utramque</span> <span class='ocrx_word' id='word_1_181' title='bbox 976 2957 1137 3030; x_wconf 88' lang='lat' dir='ltr'>laborant</span> <span class='ocrx_word' id='word_1_182' title='bbox 1162 2979 1227 3049; x_wconf 89' lang='lat' dir='ltr'>pro</span> <span class='ocrx_word' id='word_1_183' title='bbox 1249 2959 1470 3030; x_wconf 86' lang='lat' dir='ltr'>monasterio.</span> <span class='ocrx_word' id='word_1_184' title='bbox 1508 2957 1597 3028; x_wconf 83' lang='lat' dir='ltr'>Item</span> <span class='ocrx_word' id='word_1_185' title='bbox 1619 2957 1753 3028; x_wconf 88' lang='lat' dir='ltr'>decima</span> <span class='ocrx_word' id='word_1_186' title='bbox 1777 2957 2003 3046; x_wconf 90' lang='lat' dir='ltr'>manipularis</span> 
     </span>
    </p>
   </div>
   <div class='ocr_carea' id='block_1_8' title="bbox 300 3076 1999 3168">
    <p class='ocr_par' dir='ltr' id='par_1_9' title="bbox 300 3076 1999 3168">
     <span class='ocr_line' id='line_1_20' title="bbox 300 3076 1999 3168; baseline -0.002 -17"><span class='ocrx_word' id='word_1_187' title='bbox 300 3143 305 3151; x_wconf 90' lang='lat'><em>.</em></span> <span class='ocrx_word' id='word_1_188' title='bbox 451 3077 598 3148; x_wconf 84' lang='lat' dir='ltr'>solvitur</span> <span class='ocrx_word' id='word_1_189' title='bbox 616 3076 659 3148; x_wconf 88' lang='lat' dir='ltr'>de</span> <span class='ocrx_word' id='word_1_190' title='bbox 677 3077 835 3149; x_wconf 91' lang='lat' dir='ltr'>omuibus</span> <span class='ocrx_word' id='word_1_191' title='bbox 857 3077 952 3167; x_wconf 80' lang='lat' dir='ltr'>agris</span> <span class='ocrx_word' id='word_1_192' title='bbox 970 3078 1203 3168; x_wconf 84' lang='lat' dir='ltr'>emethonum,</span> <span class='ocrx_word' id='word_1_193' title='bbox 1221 3079 1431 3150; x_wconf 86' lang='lat' dir='ltr'>monasterio</span> <span class='ocrx_word' id='word_1_194' title='bbox 1450 3076 1760 3166; x_wconf 83' lang='lat' dir='ltr'>Szeczechoviensi,</span> <span class='ocrx_word' id='word_1_195' title='bbox 1778 3081 1815 3146; x_wconf 93' lang='lat' dir='ltr'>et</span> <span class='ocrx_word' id='word_1_196' title='bbox 1832 3076 1999 3149; x_wconf 89' lang='lat' dir='ltr'>iudncunt</span> 
     </span>
    </p>
   </div>
   <div class='ocr_carea' id='block_1_9' title="bbox 352 3197 2016 5700">
    <p class='ocr_par' dir='ltr' id='par_1_10' title="bbox 352 3197 2016 5700">
     <span class='ocr_line' id='line_1_21' title="bbox 452 3197 2004 3289; baseline 0.001 -23"><span class='ocrx_word' id='word_1_197' title='bbox 452 3217 528 3266; x_wconf 88' lang='lat' dir='ltr'>eam</span> <span class='ocrx_word' id='word_1_198' title='bbox 555 3197 753 3268; x_wconf 84' lang='lat' dir='ltr'>emethoues</span> <span class='ocrx_word' id='word_1_199' title='bbox 779 3197 931 3288; x_wconf 89' lang='lat' dir='ltr'>propriis</span> <span class='ocrx_word' id='word_1_200' title='bbox 960 3197 1117 3269; x_wconf 89' lang='lat' dir='ltr'>curribus</span> <span class='ocrx_word' id='word_1_201' title='bbox 1144 3198 1180 3268; x_wconf 92' lang='lat' dir='ltr'>in</span> <span class='ocrx_word' id='word_1_202' title='bbox 1198 3199 1379 3289; x_wconf 87' lang='lat' dir='ltr'>horreum,</span> <span class='ocrx_word' id='word_1_203' title='bbox 1407 3199 1451 3270; x_wconf 92' lang='lat' dir='ltr'>ab</span> <span class='ocrx_word' id='word_1_204' title='bbox 1470 3198 1596 3269; x_wconf 89' lang='lat' dir='ltr'>abbate</span> <span class='ocrx_word' id='word_1_205' title='bbox 1613 3197 1816 3287; x_wconf 88' lang='lat' dir='ltr'>locandum,</span> <span class='ocrx_word' id='word_1_206' title='bbox 1842 3203 1881 3270; x_wconf 92' lang='lat' dir='ltr'>et</span> <span class='ocrx_word' id='word_1_207' title='bbox 1907 3197 2004 3270; x_wconf 86' lang='lat' dir='ltr'>valor</span> 
     </span>
     <span class='ocr_line' id='line_1_22' title="bbox 454 3316 2004 3414; baseline 0.003 -28"><span class='ocrx_word' id='word_1_208' title='bbox 454 3317 528 3398; x_wconf 83' lang='lat' dir='ltr'>eius</span> <span class='ocrx_word' id='word_1_209' title='bbox 564 3316 767 3387; x_wconf 86' lang='lat' dir='ltr'>aestimatur</span> <span class='ocrx_word' id='word_1_210' title='bbox 798 3316 1030 3414; x_wconf 75' lang='lat' dir='ltr'>aequatum</span> <span class='ocrx_word' id='word_1_211' title='bbox 1060 3337 1204 3396; x_wconf 88' lang='lat' dir='ltr'>marcas.</span> <span class='ocrx_word' id='word_1_212' title='bbox 1248 3319 1337 3390; x_wconf 92' lang='lat' dir='ltr'>Item</span> <span class='ocrx_word' id='word_1_213' title='bbox 1363 3318 1531 3390; x_wconf 73' lang='lat' dir='ltr'>dammam</span> <span class='ocrx_word' id='word_1_214' title='bbox 1568 3318 1767 3408; x_wconf 87' lang='lat' dir='ltr'>canapalem</span> <span class='ocrx_word' id='word_1_215' title='bbox 1802 3338 1868 3408; x_wconf 92' lang='lat' dir='ltr'>per</span> <span class='ocrx_word' id='word_1_216' title='bbox 1903 3339 2004 3390; x_wconf 90' lang='lat' dir='ltr'>unam</span> 
     </span>
     <span class='ocr_line' id='line_1_23' title="bbox 453 3431 1808 3532; baseline 0.002 -27"><span class='ocrx_word' id='word_1_217' title='bbox 453 3431 617 3526; x_wconf 84' lang='lat' dir='ltr'>ieruga&#39;m.</span> <span class='ocrx_word' id='word_1_218' title='bbox 657 3434 817 3510; x_wconf 79' lang='lat' dir='ltr'>Continet</span> <span class='ocrx_word' id='word_1_219' title='bbox 843 3457 920 3532; x_wconf 78' lang='lat' dir='ltr'>qum</span> <span class='ocrx_word' id='word_1_220' title='bbox 946 3436 1247 3530; x_wconf 87' lang='lat' dir='ltr'>Laczuchow,</span> <span class='ocrx_word' id='word_1_221' title='bbox 1274 3439 1565 3530; x_wconf 80' lang='lat' dir='ltr'>Ozeolranlry,</span> <span class='ocrx_word' id='word_1_222' title='bbox 1592 3436 1808 3511; x_wconf 80' lang='lat' dir='ltr'>Oziczow.</span> 
     </span>
     <span class='ocr_line' id='line_1_24' title="bbox 556 3555 2002 3652; baseline 0.005 -26"><span class='ocrx_word' id='word_1_223' title='bbox 556 3556 808 3630; x_wconf 79' lang='lat' dir='ltr'>Lascznusua</span> <span class='ocrx_word' id='word_1_224' title='bbox 835 3557 1001 3649; x_wconf 80' lang='lat' dir='ltr'>Womm,</span> <span class='ocrx_word' id='word_1_225' title='bbox 1037 3559 1121 3632; x_wconf 84' lang='lat' dir='ltr'>uilla</span> <span class='ocrx_word' id='word_1_226' title='bbox 1157 3561 1221 3634; x_wconf 90' lang='lat' dir='ltr'>sub</span> <span class='ocrx_word' id='word_1_227' title='bbox 1248 3562 1414 3651; x_wconf 89' lang='lat' dir='ltr'>parochia</span> <span class='ocrx_word' id='word_1_228' title='bbox 1448 3560 1614 3632; x_wconf 86' lang='lat' dir='ltr'>ecclesiae</span> <span class='ocrx_word' id='word_1_229' title='bbox 1649 3559 1692 3631; x_wconf 92' lang='lat' dir='ltr'>de</span> <span class='ocrx_word' id='word_1_230' title='bbox 1719 3555 1902 3632; x_wconf 85' lang='lat' dir='ltr'>Laozn&#39;a</span> <span class='ocrx_word' id='word_1_231' title='bbox 1927 3563 2002 3652; x_wconf 71' lang='lat' dir='ltr'>situ</span> 
     </span>
     <span class='ocr_line' id='line_1_25' title="bbox 456 3674 2016 3770; baseline 0.003 -22"><span class='ocrx_word' id='word_1_232' title='bbox 456 3674 552 3750; x_wconf 86' lang='lat' dir='ltr'>cuius</span> <span class='ocrx_word' id='word_1_233' title='bbox 578 3679 775 3768; x_wconf 88' lang='lat' dir='ltr'>proprietas</span> <span class='ocrx_word' id='word_1_234' title='bbox 802 3683 838 3750; x_wconf 93' lang='lat' dir='ltr'>et</span> <span class='ocrx_word' id='word_1_235' title='bbox 864 3679 1052 3752; x_wconf 91' lang='lat' dir='ltr'>dominium</span> <span class='ocrx_word' id='word_1_236' title='bbox 1079 3681 1125 3752; x_wconf 90' lang='lat' dir='ltr'>ad</span> <span class='ocrx_word' id='word_1_237' title='bbox 1149 3682 1398 3753; x_wconf 90' lang='lat' dir='ltr'>monasterium</span> <span class='ocrx_word' id='word_1_238' title='bbox 1424 3680 1731 3753; x_wconf 82' lang='lat' dir='ltr'>SzeozeobovIense</span> <span class='ocrx_word' id='word_1_239' title='bbox 1757 3683 1922 3770; x_wconf 84' lang='lat' dir='ltr'>pertinet</span> <span class='ocrx_word' id='word_1_240' title='bbox 1964 3680 2016 3752; x_wconf 65' lang='lat' dir='ltr'>ln‘</span> 
     </span>
     <span class='ocr_line' id='line_1_26' title="bbox 454 3799 2001 3893; baseline 0.005 -24"><span class='ocrx_word' id='word_1_241' title='bbox 454 3804 630 3888; x_wconf 84' lang='lat' dir='ltr'>quaeunt</span> <span class='ocrx_word' id='word_1_242' title='bbox 657 3805 807 3888; x_wconf 89' lang='lat' dir='ltr'>quatuor</span> <span class='ocrx_word' id='word_1_243' title='bbox 831 3799 924 3872; x_wconf 90' lang='lat' dir='ltr'>lanei</span> <span class='ocrx_word' id='word_1_244' title='bbox 950 3801 1193 3892; x_wconf 89' lang='lat' dir='ltr'>cmethonales,</span> <span class='ocrx_word' id='word_1_245' title='bbox 1219 3808 1257 3873; x_wconf 92' lang='lat' dir='ltr'>et</span> <span class='ocrx_word' id='word_1_246' title='bbox 1283 3802 1429 3893; x_wconf 83' lang='lat' dir='ltr'>quilibet</span> <span class='ocrx_word' id='word_1_247' title='bbox 1453 3823 1518 3892; x_wconf 92' lang='lat' dir='ltr'>pro</span> <span class='ocrx_word' id='word_1_248' title='bbox 1545 3823 1649 3874; x_wconf 88' lang='lat' dir='ltr'>censu</span> <span class='ocrx_word' id='word_1_249' title='bbox 1676 3803 1781 3891; x_wconf 79' lang='lat' dir='ltr'>solvit</span> <span class='ocrx_word' id='word_1_250' title='bbox 1807 3809 1887 3876; x_wconf 91' lang='lat' dir='ltr'>octo</span> <span class='ocrx_word' id='word_1_251' title='bbox 1915 3809 2001 3876; x_wconf 89' lang='lat' dir='ltr'>scot·</span> 
     </span>
     <span class='ocr_line' id='line_1_27' title="bbox 452 3918 2001 4012; baseline 0.003 -24"><span class='ocrx_word' id='word_1_252' title='bbox 452 3924 536 4008; x_wconf 79' lang='lat' dir='ltr'>tos,</span> <span class='ocrx_word' id='word_1_253' title='bbox 552 3918 635 3988; x_wconf 88' lang='lat' dir='ltr'>item</span> <span class='ocrx_word' id='word_1_254' title='bbox 658 3919 804 4009; x_wconf 87' lang='lat' dir='ltr'>triginta</span> <span class='ocrx_word' id='word_1_255' title='bbox 830 3940 907 4010; x_wconf 89' lang='lat' dir='ltr'>ova,</span> <span class='ocrx_word' id='word_1_256' title='bbox 935 3921 1020 3992; x_wconf 90' lang='lat' dir='ltr'>item</span> <span class='ocrx_word' id='word_1_257' title='bbox 1038 3920 1123 3992; x_wconf 94' lang='lat' dir='ltr'>duos</span> <span class='ocrx_word' id='word_1_258' title='bbox 1141 3921 1265 4012; x_wconf 82' lang='lat' dir='ltr'>gallos,</span> <span class='ocrx_word' id='word_1_259' title='bbox 1291 3922 1378 3993; x_wconf 92' lang='lat' dir='ltr'>item</span> <span class='ocrx_word' id='word_1_260' title='bbox 1396 3921 1483 3994; x_wconf 94' lang='lat' dir='ltr'>duos</span> <span class='ocrx_word' id='word_1_261' title='bbox 1510 3943 1642 4012; x_wconf 85' lang='lat' dir='ltr'>essens,</span> <span class='ocrx_word' id='word_1_262' title='bbox 1669 3924 1753 3994; x_wconf 92' lang='lat' dir='ltr'>item</span> <span class='ocrx_word' id='word_1_263' title='bbox 1771 3923 1860 3996; x_wconf 89' lang='lat' dir='ltr'>dnos</span> <span class='ocrx_word' id='word_1_264' title='bbox 1879 3925 2001 3995; x_wconf 88' lang='lat' dir='ltr'>choros</span> 
     </span>
     <span class='ocr_line' id='line_1_28' title="bbox 453 4039 2001 4135; baseline 0.003 -27"><span class='ocrx_word' id='word_1_265' title='bbox 453 4057 602 4126; x_wconf 81' lang='lat' dir='ltr'>auenae3</span> <span class='ocrx_word' id='word_1_266' title='bbox 638 4039 720 4109; x_wconf 90' lang='lat' dir='ltr'>item</span> <span class='ocrx_word' id='word_1_267' title='bbox 748 4044 911 4112; x_wconf 88' lang='lat' dir='ltr'>tenentur</span> <span class='ocrx_word' id='word_1_268' title='bbox 938 4041 1094 4130; x_wconf 88' lang='lat' dir='ltr'>quolibet</span> <span class='ocrx_word' id='word_1_269' title='bbox 1129 4041 1185 4112; x_wconf 90' lang='lat' dir='ltr'>die</span> <span class='ocrx_word' id='word_1_270' title='bbox 1211 4042 1371 4114; x_wconf 87' lang='lat' dir='ltr'>laborare</span> <span class='ocrx_word' id='word_1_271' title='bbox 1407 4043 1690 4135; x_wconf 80' lang='lat' dir='ltr'>quandocumque</span> <span class='ocrx_word' id='word_1_272' title='bbox 1725 4045 1776 4116; x_wconf 90' lang='lat' dir='ltr'>eis</span> <span class='ocrx_word' id='word_1_273' title='bbox 1811 4045 2001 4120; x_wconf 89' lang='lat' dir='ltr'>mandatur.</span> 
     </span>
     <span class='ocr_line' id='line_1_29' title="bbox 382 4147 2001 4254; baseline 0.005 -26"><span class='ocrx_word' id='word_1_274' title='bbox 382 4147 386 4154; x_wconf 72' lang='grc'><em>’</em></span> <span class='ocrx_word' id='word_1_275' title='bbox 452 4158 541 4230; x_wconf 90' lang='lat' dir='ltr'>Item</span> <span class='ocrx_word' id='word_1_276' title='bbox 567 4159 714 4230; x_wconf 85' lang='lat' dir='ltr'>taberna</span> <span class='ocrx_word' id='word_1_277' title='bbox 741 4181 811 4232; x_wconf 87' lang='lat' dir='ltr'>una</span> <span class='ocrx_word' id='word_1_278' title='bbox 835 4161 968 4233; x_wconf 92' lang='lat' dir='ltr'>habens</span> <span class='ocrx_word' id='word_1_279' title='bbox 995 4181 1114 4252; x_wconf 87' lang='lat' dir='ltr'>agros,</span> <span class='ocrx_word' id='word_1_280' title='bbox 1145 4168 1182 4234; x_wconf 89' lang='lat' dir='ltr'>et</span> <span class='ocrx_word' id='word_1_281' title='bbox 1208 4163 1313 4235; x_wconf 82' lang='lat' dir='ltr'>soluit</span> <span class='ocrx_word' id='word_1_282' title='bbox 1339 4183 1442 4234; x_wconf 90' lang='lat' dir='ltr'>unam</span> <span class='ocrx_word' id='word_1_283' title='bbox 1468 4184 1640 4254; x_wconf 88' lang='lat' dir='ltr'>marcam;</span> <span class='ocrx_word' id='word_1_284' title='bbox 1673 4166 1758 4236; x_wconf 81' lang='lat' dir='ltr'>ilem</span> <span class='ocrx_word' id='word_1_285' title='bbox 1783 4166 2001 4238; x_wconf 87' lang='lat' dir='ltr'>hortulaniae</span> 
     </span>
     <span class='ocr_line' id='line_1_30' title="bbox 454 4280 2001 4376; baseline 0.006 -29"><span class='ocrx_word' id='word_1_286' title='bbox 454 4299 522 4350; x_wconf 91' lang='lat' dir='ltr'>non</span> <span class='ocrx_word' id='word_1_287' title='bbox 550 4285 647 4368; x_wconf 92' lang='lat' dir='ltr'>sunt,</span> <span class='ocrx_word' id='word_1_288' title='bbox 675 4281 760 4351; x_wconf 91' lang='lat' dir='ltr'>item</span> <span class='ocrx_word' id='word_1_289' title='bbox 786 4280 967 4371; x_wconf 89' lang='lat' dir='ltr'>praedium</span> <span class='ocrx_word' id='word_1_290' title='bbox 993 4302 1063 4354; x_wconf 92' lang='lat' dir='ltr'>non</span> <span class='ocrx_word' id='word_1_291' title='bbox 1091 4288 1153 4352; x_wconf 89' lang='lat' dir='ltr'>est</span> <span class='ocrx_word' id='word_1_292' title='bbox 1193 4283 1282 4354; x_wconf 91' lang='lat' dir='ltr'>Item</span> <span class='ocrx_word' id='word_1_293' title='bbox 1308 4283 1442 4355; x_wconf 88' lang='lat' dir='ltr'>decima</span> <span class='ocrx_word' id='word_1_294' title='bbox 1468 4290 1548 4374; x_wconf 94' lang='lat' dir='ltr'>post</span> <span class='ocrx_word' id='word_1_295' title='bbox 1574 4305 1693 4356; x_wconf 90' lang='lat' dir='ltr'>omnes</span> <span class='ocrx_word' id='word_1_296' title='bbox 1719 4305 1824 4376; x_wconf 80' lang='lat' dir='ltr'>agros</span> <span class='ocrx_word' id='word_1_297' title='bbox 1851 4286 2001 4357; x_wconf 83' lang='grc'><strong>0110110-</strong></span> 
     </span>
     <span class='ocr_line' id='line_1_31' title="bbox 452 4384 2001 4495; baseline 0.005 -27"><span class='ocrx_word' id='word_1_298' title='bbox 452 4398 549 4470; x_wconf 89' lang='lat' dir='ltr'>nales</span> <span class='ocrx_word' id='word_1_299' title='bbox 584 4400 731 4471; x_wconf 85' lang='lat' dir='ltr'>soluitur</span> <span class='ocrx_word' id='word_1_300' title='bbox 764 4402 974 4473; x_wconf 90' lang='lat' dir='ltr'>monasterio</span> <span class='ocrx_word' id='word_1_301' title='bbox 1011 4401 1330 4493; x_wconf 87' lang='lat' dir='ltr'>Szeczeclroviensi,</span> <span class='ocrx_word' id='word_1_302' title='bbox 1366 4410 1404 4475; x_wconf 91' lang='lat' dir='ltr'>et</span> <span class='ocrx_word' id='word_1_303' title='bbox 1438 4404 1613 4476; x_wconf 89' lang='lat' dir='ltr'>inducitur</span> <span class='ocrx_word' id='word_1_304' title='bbox 1648 4426 1712 4495; x_wconf 89' lang='lat' dir='ltr'>per</span> <span class='ocrx_word' id='word_1_305' title='bbox 1743 4384 1944 4478; x_wconf 86' lang='lat' dir='ltr'>emethones</span> <span class='ocrx_word' id='word_1_306' title='bbox 1968 4407 2001 4476; x_wconf 93' lang='lat' dir='ltr'>in</span> 
     </span>
     <span class='ocr_line' id='line_1_32' title="bbox 452 4517 2002 4631; baseline 0.005 -44"><span class='ocrx_word' id='word_1_307' title='bbox 452 4517 616 4589; x_wconf 90' lang='lat' dir='ltr'>horreum</span> <span class='ocrx_word' id='word_1_308' title='bbox 642 4520 686 4591; x_wconf 90' lang='grc'>11</span> <span class='ocrx_word' id='word_1_309' title='bbox 713 4521 841 4592; x_wconf 87' lang='lat' dir='ltr'>abbate</span> <span class='ocrx_word' id='word_1_310' title='bbox 867 4520 1067 4614; x_wconf 89' lang='lat' dir='ltr'>locandum,</span> <span class='ocrx_word' id='word_1_311' title='bbox 1093 4527 1130 4593; x_wconf 90' lang='lat' dir='ltr'>et</span> <span class='ocrx_word' id='word_1_312' title='bbox 1148 4523 1247 4596; x_wconf 88' lang='lat' dir='ltr'>valor</span> <span class='ocrx_word' id='word_1_313' title='bbox 1276 4523 1353 4595; x_wconf 92' lang='lat' dir='ltr'>eius</span> <span class='ocrx_word' id='word_1_314' title='bbox 1385 4525 1590 4631; x_wconf 84' lang='lat' dir='ltr'>aestimatur</span> <span class='ocrx_word' id='word_1_315' title='bbox 1615 4525 1660 4595; x_wconf 91' lang='lat' dir='ltr'>ad</span> <span class='ocrx_word' id='word_1_316' title='bbox 1687 4531 1836 4615; x_wconf 89' lang='lat' dir='ltr'>quatuor</span> <span class='ocrx_word' id='word_1_317' title='bbox 1862 4545 2002 4597; x_wconf 87' lang='lat' dir='ltr'>marcas.</span> 
     </span>
     <span class='ocr_line' id='line_1_33' title="bbox 454 4636 2002 4733; baseline 0.006 -27"><span class='ocrx_word' id='word_1_318' title='bbox 454 4636 541 4708; x_wconf 93' lang='lat' dir='ltr'>Item</span> <span class='ocrx_word' id='word_1_319' title='bbox 560 4636 746 4732; x_wconf 81' lang='lat' dir='ltr'>powobom</span> <span class='ocrx_word' id='word_1_320' title='bbox 771 4645 954 4732; x_wconf 89' lang='lat' dir='ltr'>utramque</span> <span class='ocrx_word' id='word_1_321' title='bbox 980 4641 1142 4714; x_wconf 92' lang='lat' dir='ltr'>laborant</span> <span class='ocrx_word' id='word_1_322' title='bbox 1167 4664 1231 4733; x_wconf 91' lang='lat' dir='ltr'>pro</span> <span class='ocrx_word' id='word_1_323' title='bbox 1258 4645 1479 4716; x_wconf 83' lang='lat' dir='ltr'>monasterio.</span> <span class='ocrx_word' id='word_1_324' title='bbox 1517 4643 1680 4717; x_wconf 72' lang='lat' dir='ltr'>Confluat</span> <span class='ocrx_word' id='word_1_325' title='bbox 1705 4665 1782 4718; x_wconf 88' lang='lat' dir='ltr'>cum</span> <span class='ocrx_word' id='word_1_326' title='bbox 1808 4646 1904 4718; x_wconf 81' lang='lat' dir='ltr'>viIIIs</span> <span class='ocrx_word' id='word_1_327' title='bbox 1931 4645 2002 4717; x_wconf 89' lang='lat' dir='ltr'>La·</span> 
     </span>
     <span class='ocr_line' id='line_1_34' title="bbox 455 4757 1866 4855; baseline 0.007 -29"><span class='ocrx_word' id='word_1_328' title='bbox 455 4757 684 4848; x_wconf 88' lang='lat' dir='ltr'>czuchow,</span> <span class='ocrx_word' id='word_1_329' title='bbox 712 4758 1027 4853; x_wconf 84' lang='lat' dir='ltr'>Gzyeohenky,</span> <span class='ocrx_word' id='word_1_330' title='bbox 1054 4761 1268 4836; x_wconf 81' lang='lat' dir='ltr'>Oziczow.</span> <span class='ocrx_word' id='word_1_331' title='bbox 1294 4764 1433 4836; x_wconf 89' lang='lat' dir='ltr'>Donata</span> <span class='ocrx_word' id='word_1_332' title='bbox 1457 4785 1521 4855; x_wconf 88' lang='lat' dir='ltr'>per</span> <span class='ocrx_word' id='word_1_333' title='bbox 1547 4765 1707 4837; x_wconf 84' lang='lat' dir='ltr'>Jaxam</span> <span class='ocrx_word' id='word_1_334' title='bbox 1734 4765 1866 4838; x_wconf 89' lang='lat' dir='ltr'>ducem.</span> 
     </span>
     <span class='ocr_line' id='line_1_35' title="bbox 563 4863 2005 4974; baseline 0.006 -26"><span class='ocrx_word' id='word_1_335' title='bbox 563 4876 803 4969; x_wconf 83' lang='lat' dir='ltr'>Zuorumuu,</span> <span class='ocrx_word' id='word_1_336' title='bbox 838 4863 921 4951; x_wconf 75' lang='lat' dir='ltr'>uilla</span> <span class='ocrx_word' id='word_1_337' title='bbox 946 4883 1012 4953; x_wconf 92' lang='lat' dir='ltr'>sub</span> <span class='ocrx_word' id='word_1_338' title='bbox 1037 4884 1204 4973; x_wconf 88' lang='lat' dir='ltr'>parochia</span> <span class='ocrx_word' id='word_1_339' title='bbox 1229 4884 1393 4956; x_wconf 88' lang='lat' dir='ltr'>ecclesiae</span> <span class='ocrx_word' id='word_1_340' title='bbox 1433 4885 1477 4956; x_wconf 93' lang='lat' dir='ltr'>de</span> <span class='ocrx_word' id='word_1_341' title='bbox 1509 4885 1897 4957; x_wconf 85' lang='lat' dir='ltr'>Wawrzinczicze</span> <span class='ocrx_word' id='word_1_342' title='bbox 1931 4888 2005 4974; x_wconf 83' lang='lat' dir='ltr'>sita,</span> 
     </span>
     <span class='ocr_line' id='line_1_36' title="bbox 352 4998 2004 5098; baseline 0.005 -31"><span class='ocrx_word' id='word_1_343' title='bbox 352 5013 354 5016; x_wconf 75' lang='grc'><strong>’</strong></span> <span class='ocrx_word' id='word_1_344' title='bbox 454 4998 550 5070; x_wconf 87' lang='lat' dir='ltr'>ouius</span> <span class='ocrx_word' id='word_1_345' title='bbox 576 4999 774 5090; x_wconf 82' lang='lat' dir='ltr'>proprietas</span> <span class='ocrx_word' id='word_1_346' title='bbox 809 4999 854 5072; x_wconf 90' lang='lat' dir='ltr'>ad</span> <span class='ocrx_word' id='word_1_347' title='bbox 881 5002 1082 5075; x_wconf 90' lang='lat' dir='ltr'>coenobium</span> <span class='ocrx_word' id='word_1_348' title='bbox 1110 5002 1419 5076; x_wconf 84' lang='lat' dir='ltr'>Szeozechoriense</span> <span class='ocrx_word' id='word_1_349' title='bbox 1445 5007 1605 5095; x_wconf 85' lang='lat' dir='ltr'>pertinet</span> <span class='ocrx_word' id='word_1_350' title='bbox 1643 5007 1686 5078; x_wconf 93' lang='lat' dir='ltr'>In</span> <span class='ocrx_word' id='word_1_351' title='bbox 1712 5026 1781 5098; x_wconf 90' lang='lat' dir='ltr'>qua</span> <span class='ocrx_word' id='word_1_352' title='bbox 1799 5010 1890 5081; x_wconf 89' lang='lat' dir='ltr'>sunt</span> <span class='ocrx_word' id='word_1_353' title='bbox 1915 5006 2004 5078; x_wconf 89' lang='lat' dir='ltr'>lanei</span> 
     </span>
     <span class='ocr_line' id='line_1_37' title="bbox 453 5119 2002 5217; baseline 0.008 -29"><span class='ocrx_word' id='word_1_354' title='bbox 453 5119 705 5210; x_wconf 75' lang='lat' dir='ltr'>emethonaleS,</span> <span class='ocrx_word' id='word_1_355' title='bbox 742 5124 778 5192; x_wconf 91' lang='lat' dir='ltr'>et</span> <span class='ocrx_word' id='word_1_356' title='bbox 805 5120 951 5212; x_wconf 89' lang='lat' dir='ltr'>quilibet</span> <span class='ocrx_word' id='word_1_357' title='bbox 985 5123 1089 5196; x_wconf 91' lang='lat' dir='ltr'>solvit</span> <span class='ocrx_word' id='word_1_358' title='bbox 1123 5143 1188 5214; x_wconf 90' lang='lat' dir='ltr'>pro</span> <span class='ocrx_word' id='word_1_359' title='bbox 1215 5138 1327 5196; x_wconf 81' lang='lat' dir='ltr'>censu·</span> <span class='ocrx_word' id='word_1_360' title='bbox 1354 5124 1441 5197; x_wconf 93' lang='lat' dir='ltr'>dnos</span> <span class='ocrx_word' id='word_1_361' title='bbox 1466 5126 1597 5216; x_wconf 81' lang='lat' dir='ltr'>gallos,</span> <span class='ocrx_word' id='word_1_362' title='bbox 1631 5127 1716 5198; x_wconf 91' lang='lat' dir='ltr'>item</span> <span class='ocrx_word' id='word_1_363' title='bbox 1751 5127 1902 5217; x_wconf 81' lang='lat' dir='ltr'>triginta</span> <span class='ocrx_word' id='word_1_364' title='bbox 1928 5148 2002 5215; x_wconf 84' lang='lat' dir='ltr'>oua,</span> 
     </span>
     <span class='ocr_line' id='line_1_38' title="bbox 453 5236 2003 5337; baseline 0.006 -30"><span class='ocrx_word' id='word_1_365' title='bbox 453 5238 550 5308; x_wconf 84' lang='lat' dir='ltr'>item·</span> <span class='ocrx_word' id='word_1_366' title='bbox 564 5236 651 5310; x_wconf 90' lang='lat' dir='ltr'>duos</span> <span class='ocrx_word' id='word_1_367' title='bbox 679 5259 816 5331; x_wconf 88' lang='lat' dir='ltr'>caseos,</span> <span class='ocrx_word' id='word_1_368' title='bbox 843 5241 925 5312; x_wconf 89' lang='lat' dir='ltr'>item</span> <span class='ocrx_word' id='word_1_369' title='bbox 952 5242 1099 5315; x_wconf 87' lang='lat' dir='ltr'>taberna</span> <span class='ocrx_word' id='word_1_370' title='bbox 1123 5263 1196 5315; x_wconf 90' lang='lat' dir='ltr'>una</span> <span class='ocrx_word' id='word_1_371' title='bbox 1211 5244 1343 5316; x_wconf 89' lang='lat' dir='ltr'>habens</span> <span class='ocrx_word' id='word_1_372' title='bbox 1369 5264 1486 5335; x_wconf 81' lang='lat' dir='ltr'>agros,</span> <span class='ocrx_word' id='word_1_373' title='bbox 1513 5245 1617 5317; x_wconf 83' lang='lat' dir='ltr'>soluit</span> <span class='ocrx_word' id='word_1_374' title='bbox 1642 5265 1707 5335; x_wconf 88' lang='lat' dir='ltr'>pro</span> <span class='ocrx_word' id='word_1_375' title='bbox 1724 5267 1830 5318; x_wconf 89' lang='lat' dir='ltr'>censu</span> <span class='ocrx_word' id='word_1_376' title='bbox 1855 5251 2003 5337; x_wconf 89' lang='lat' dir='ltr'>quatuor</span> 
     </span>
     <span class='ocr_line' id='line_1_39' title="bbox 451 5359 2000 5456; baseline 0.007 -29"><span class='ocrx_word' id='word_1_377' title='bbox 451 5376 594 5449; x_wconf 83' lang='lat' dir='ltr'>marcas,</span> <span class='ocrx_word' id='word_1_378' title='bbox 621 5359 706 5431; x_wconf 93' lang='lat' dir='ltr'>item</span> <span class='ocrx_word' id='word_1_379' title='bbox 731 5360 968 5452; x_wconf 90' lang='lat' dir='ltr'>hortulaniae,</span> <span class='ocrx_word' id='word_1_380' title='bbox 994 5362 1078 5435; x_wconf 90' lang='lat' dir='ltr'>item</span> <span class='ocrx_word' id='word_1_381' title='bbox 1103 5363 1285 5454; x_wconf 85' lang='lat' dir='ltr'>prsedIum</span> <span class='ocrx_word' id='word_1_382' title='bbox 1310 5365 1360 5437; x_wconf 92' lang='lat' dir='ltr'>ibi</span> <span class='ocrx_word' id='word_1_383' title='bbox 1387 5365 1554 5456; x_wconf 91' lang='lat' dir='ltr'>optimum</span> <span class='ocrx_word' id='word_1_384' title='bbox 1580 5367 1796 5456; x_wconf 81' lang='lat' dir='ltr'>coenobiale,</span> <span class='ocrx_word' id='word_1_385' title='bbox 1833 5365 1878 5439; x_wconf 90' lang='lat' dir='ltr'>de</span> <span class='ocrx_word' id='word_1_386' title='bbox 1905 5368 2000 5440; x_wconf 89' lang='lat' dir='ltr'>cuius</span> 
     </span>
     <span class='ocr_line' id='line_1_40' title="bbox 453 5477 2000 5578; baseline 0.006 -30"><span class='ocrx_word' id='word_1_387' title='bbox 453 5477 547 5578; x_wconf 80' lang='lat' dir='ltr'>agris</span> <span class='ocrx_word' id='word_1_388' title='bbox 573 5498 643 5550; x_wconf 90' lang='lat' dir='ltr'>non</span> <span class='ocrx_word' id='word_1_389' title='bbox 661 5480 808 5553; x_wconf 78' lang='lat' dir='ltr'>solntur</span> <span class='ocrx_word' id='word_1_390' title='bbox 825 5482 928 5554; x_wconf 89' lang='lat' dir='ltr'>alloni</span> <span class='ocrx_word' id='word_1_391' title='bbox 945 5482 1079 5555; x_wconf 91' lang='lat' dir='ltr'>decima</span> <span class='ocrx_word' id='word_1_392' title='bbox 1095 5485 1339 5576; x_wconf 89' lang='lat' dir='ltr'>manipularis,</span> <span class='ocrx_word' id='word_1_393' title='bbox 1366 5484 1429 5557; x_wconf 91' lang='lat' dir='ltr'>sed</span> <span class='ocrx_word' id='word_1_394' title='bbox 1445 5486 1541 5559; x_wconf 90' lang='lat' dir='ltr'>illam</span> <span class='ocrx_word' id='word_1_395' title='bbox 1567 5487 1676 5560; x_wconf 89' lang='lat' dir='ltr'>abbas</span> <span class='ocrx_word' id='word_1_396' title='bbox 1702 5493 1739 5559; x_wconf 92' lang='lat' dir='ltr'>et</span> <span class='ocrx_word' id='word_1_397' title='bbox 1755 5488 2000 5560; x_wconf 87' lang='lat' dir='ltr'>monasterium</span> 
     </span>
     <span class='ocr_line' id='line_1_41' title="bbox 454 5585 2001 5700; baseline 0.012 -37"><span class='ocrx_word' id='word_1_398' title='bbox 454 5613 519 5684; x_wconf 91' lang='lat' dir='ltr'>pro</span> <span class='ocrx_word' id='word_1_399' title='bbox 546 5616 584 5666; x_wconf 92' lang='lat' dir='ltr'>se</span> <span class='ocrx_word' id='word_1_400' title='bbox 609 5600 720 5694; x_wconf 87' lang='lat' dir='ltr'>tollit,</span> <span class='ocrx_word' id='word_1_401' title='bbox 753 5607 790 5674; x_wconf 91' lang='lat' dir='ltr'>et</span> <span class='ocrx_word' id='word_1_402' title='bbox 815 5603 852 5674; x_wconf 93' lang='lat' dir='ltr'>in</span> <span class='ocrx_word' id='word_1_403' title='bbox 877 5585 1050 5678; x_wconf 86' lang='lat' dir='ltr'>horreum</span> <span class='ocrx_word' id='word_1_404' title='bbox 1068 5610 1168 5678; x_wconf 89' lang='lat' dir='ltr'>suum</span> <span class='ocrx_word' id='word_1_405' title='bbox 1194 5605 1334 5679; x_wconf 89' lang='lat' dir='ltr'>inducit</span> <span class='ocrx_word' id='word_1_406' title='bbox 1373 5606 1463 5682; x_wconf 86' lang='lat' dir='ltr'>Item</span> <span class='ocrx_word' id='word_1_407' title='bbox 1488 5607 1622 5680; x_wconf 87' lang='lat' dir='ltr'>decima</span> <span class='ocrx_word' id='word_1_408' title='bbox 1648 5607 1875 5700; x_wconf 87' lang='lat' dir='ltr'>manipularis</span> <span class='ocrx_word' id='word_1_409' title='bbox 1901 5607 2001 5682; x_wconf 83' lang='lat' dir='ltr'>solvi-</span> 
     </span>
    </p>
   </div>
   <div class='ocr_carea' id='block_1_10' title="bbox 0 0 2250 6592">
    <p class='ocr_par' dir='ltr' id='par_1_11' title="bbox 0 0 2250 6592">
     <span class='ocr_line' id='line_1_42' title="bbox 0 0 2250 6592; baseline 0 0"><span class='ocrx_word' id='word_1_410' title='bbox 0 0 2250 6592; x_wconf 95' lang='lat' dir='ltr'> </span> 
     </span>
    </p>
   </div>
  </div>
 </body>
</html>
