4492 6592
509 748 582 823 176

610 958 795 1046 Bracara,
822 957 1002 1046 praedium
1030 957 1230 1028 coenobiale
1256 956 1459 1028 monasterii
1484 956 1528 1029 de
1554 955 1791 1028 Krasznilr
1816 962 1853 1027 et
1877 957 1944 1028 sub
1961 963 2052 1046 puio

476 1131 481 1140 .
509 1078 586 1149 chia
613 1077 766 1150 eiusdem
794 1077 907 1148 situm.
934 1077 975 1148 In
1003 1099 1070 1168 quo
1098 1083 1181 1149 sunt
1208 1083 1356 1166 quatuor
1383 1078 1485 1167 lanei,
1512 1079 1571 1167 qui
1589 1089 1714 1149 omnes·
1726 1055 1891 1150 coluntur
1908 1083 1946 1148 et
1964 1098 2054 1150 aran

506 1205 565 1269 tur
591 1219 654 1288 per
680 1199 819 1271 colonos
838 1199 1039 1270 monasterii
1058 1198 1101 1269 de
1120 1196 1362 1288 Orasznik,
1380 1198 1424 1269 de
1442 1198 1567 1289 quibus
1585 1199 1672 1270 nulli
1689 1200 1941 1270 monasterium
1960 1199 2056 1271 soluit

426 1331 433 1344 ‘
508 1319 674 1390 decimam
700 1321 950 1410 manipularem
977 1326 1037 1392 aut
1063 1320 1288 1410 pecunialem,
1314 1320 1376 1391 sed
1403 1341 1479 1390 eam
1506 1340 1571 1409 pro
1597 1341 1636 1391 se
1662 1321 1756 1391 tollit
1782 1325 1818 1418 ct
1842 1320 1881 1391 in
1900 1320 2055 1392 horreum

507 1463 606 1512 suum
642 1441 782 1512 inducit.
819 1441 905 1512 Item
943 1441 978 1512 in
1015 1441 1136 1512 eodem
1171 1441 1315 1530 praedio
1350 1440 1541 1512 coenobiali
1577 1446 1632 1512 est
1658 1441 1765 1531 curia,
1792 1441 1930 1512 habeus
1956 1441 2057 1514 multa

506 1581 633 1651 pecora
659 1567 697 1633 et
723 1562 881 1652 pecudes.
908 1562 996 1633 Item
1023 1585 1092 1633 non
1120 1569 1202 1634 sunt
1220 1559 1364 1652 aliquae
1390 1561 1619 1634 hortulaniae.

612 1681 910 1772 Gahmnrnuruzn,
940 1683 1023 1754 villa
1050 1683 1113 1754 sub
1141 1684 1307 1773 parochia
1333 1683 1500 1754 ecclcsiae
1526 1682 1570 1754 de
1596 1681 1827 1754 Grasznik
1853 1684 1940 1772 sita,
1967 1684 2055 1756 cuins

509 1806 632 1876 haeres
658 1804 837 1875 Iohannes
872 1803 1202 1894 Rapsthinsky
1237 1804 1281 1875 de
1308 1804 1572 1895 Thanczyn,
1600 1805 1727 1875 nobilis
1753 1803 1798 1875 de
1824 1806 1937 1875 armis
1964 1805 2056 1894 Bip

450 2007 458 2018 ,
507 1926 733 2016 pannium.
760 1925 801 1995 In
828 1945 897 2014 qua
923 1930 1004 1996 sunt
1029 1926 1105 2015 agri
1121 1925 1377 2015 ,emethonalea
1405 1925 1465 2016 qui
1482 1926 1688 2015 incipientes
1704 1946 1727 1995 a
1744 1925 1945 1996 molendino
1962 1926 2055 1996 advo
2139 1926 2140 1929 ’

510 2047 626 2118 catiali
654 2045 771 2138 oppidi
799 2044 1038 2135 Orasznilr,
1057 2047 1246 2118 tenduntur
1264 2047 1449 2118 latitudine
1474 2065 1583 2138 usque
1601 2047 1646 2118 ad
1663 2045 1844 2136 praedium
1862 2047 2055 2120 coenobiale

263 2256 269 2268 ι
508 2167 726 2258 Byelyuy,
754 2145 948 2256 dequibus
974 2167 1081 2258 aliqui
1108 2169 1185 2258 agri
1212 2168 1352 2239 solvunt
1378 2167 1546 2239 decimam
1568 2167 1781 2257 pecunialem
1799 2188 1864 2258 per
1882 2189 1946 2238 sex
1963 2189 2052 2257 gros·

257 2336 260 2344 ·
357 2354 362 2364 ,
508 2309 565 2360 sos
593 2289 802 2359 monasterio
829 2289 864 2358 in
892 2287 1131 2378 Orasanilr,
1148 2297 1186 2360 et
1203 2289 1310 2379 aliqui
1330 2289 1556 2360 scholastriae
1574 2287 1867 2376 Sandomiriensi3
1896 2289 2054 2360 demmam

508 2416 623 2482 autem
650 2410 850 2500 canapalem
876 2431 945 2480 non
973 2410 1121 2481 solvunt.
1148 2410 1238 2481 Item
1263 2431 1382 2482 omnes
1409 2411 1487 2500 agri
1513 2411 1615 2482 villae
1633 2408 1969 2482 Grambinicza
1991 2416 2054 2480 tam

507 2532 552 2620 hi,
581 2531 639 2622 qui
667 2531 806 2602 solvunt
831 2530 998 2602 decimam
1027 2532 1241 2621 pecuniolam
1266 2532 1479 2604 monasterIo
1507 2531 1542 2601 in
1570 2530 1806 2628 Crasznih‚
1826 2552 1932 2621 quarn
1951 2536 1985 2601 et
2001 2531 2054 2618 illi,
2139 2518 2140 2521 '

509 2652 567 2743 qui
586 2673 661 2722 eam
681 2651 821 2723 solvunt
838 2651 1064 2724 scholastriae
1083 2652 1364 2741 Sandomiriensi,
1379 2656 1542 2724 tenentur
1560 2652 1605 2724 ad
1623 2651 1790 2722 decimam
1808 2652 2050 2742 manipularem
2139 2668 2140 2681 ¹

509 2774 707 2845 solvendam
726 2773 939 2844 moderatam
967 2775 1178 2846 monasterio
1197 2775 1231 2844 in
1251 2772 1493 2861 Oraszuilr3
1511 2773 1658 2864 quilibet
1671 2774 1762 2845 anim
1780 2773 1824 2844 de
1842 2773 1947 2844 laneo
1965 2778 2053 2845 tena-

508 2900 567 2966 tur
584 2895 718 2966 solvere
736 2894 947 2966 monasterio
966 2894 1121 2984 praefato
1141 2915 1245 2966 unam
1263 2895 1433 2966 cassulam
1451 2895 1570 2984 tritIci,
1584 2895 1731 2966 alteram
1746 2895 1905 2985 silig'rnis,
1920 2895 2051 2965 tertiam

509 3036 658 3104 avenae,
685 3021 722 3088 et
758 3015 890 3089 decima
924 3011 1122 3086 huiusmodi
1149 3020 1296 3087 vocatur
1320 3013 1540 3110 hoplomacho,
1567 3022 1604 3087 et
1630 3016 1828 3087 vuoradus
1855 3015 2053 3087 aestimatur

510 3137 554 3208 ad
581 3142 730 3226 quatuor
757 3157 901 3226 marcaS,
929 3143 966 3208 et
992 3143 1155 3208 tenentur
1181 3138 1332 3228 propriis
1359 3138 1520 3210 curribus
1547 3137 1747 3216 cmethones
1773 3137 1818 3208 ad
1844 3137 1924 3208 eius
1942 3137 2052 3207 ductu·
2139 3146 2140 3239 J

394 3353 398 3362 ἱ
509 3279 592 3329 ram.
620 3259 708 3328 Item
727 3258 759 3331 si
784 3258 861 3349 quis
889 3257 972 3329 colit
999 3263 1060 3330 aut
1087 3259 1174 3329 serit
1200 3279 1323 3350 agrum
1351 3259 1536 3349 desertum,
1562 3259 1599 3329 ln
1622 3262 1696 3330 uoto
1714 3258 1769 3328 rel
1787 3258 1823 3328 in
1841 3263 1956 3348 parte,
1973 3257 2052 3328 nihi·
2139 3252 2140 3257 ’

510 3380 657 3450 lominus
695 3379 739 3450 ad
775 3379 911 3469 plenam
948 3385 1020 3450 tam
1056 3379 1209 3451 decimae
1244 3381 1452 3470 pecunialis,
1479 3401 1581 3470 quam
1608 3377 1829 3474 topazum
1853 3379 2051 3451 solutionem

510 3501 692 3590 obligatur.
719 3501 805 3571 Item
833 3521 901 3570 non
929 3505 984 3572 est
1011 3500 1060 3572 ibi
1086 3501 1267 3592 praedium
1293 3501 1443 3592 aliquod,
1470 3507 1612 3572 nonest
1634 3500 1877 3590 molendinum,
1896 3503 2053 3572 nonsunt

510 3623 790 3712 tabe1·uae,non
827 3626 907 3692 suut
942 3621 1173 3694 hortulaniae.
1212 3623 1301 3694 Item
1328 3623 1364 3694 in
1392 3621 1549 3712 praelata
1584 3622 1667 3693 villa
1693 3619 2053 3712 Grambyenicza

507 3742 573 3814 luit
600 3744 771 3834 quondam
799 3743 944 3815 ecclesia
970 3743 1179 3833 parochialis
1206 3744 1331 3835 lignea,
1359 3744 1506 3814 Sanctae
1533 3742 1669 3814 Mariae
1696 3742 1834 3832 Virgini
1861 3743 1996 3831 dicata,
2020 3746 2051 3812 et

507 3866 634 3937 milltes
661 3865 861 3938 residebant
886 3866 923 3936 in
950 3885 992 3936 ea
1017 3865 1186 3938 habentes
1213 3866 1328 3938 curias
1355 3865 1533 3956 speciales,
1550 3871 1587 3936 et
1604 3885 1708 3954 agros
1726 3865 1933 3954 praediales.
1958 3863 2049 3934 Post·

359 4053 362 4062 .
508 4009 610 4078 quam
646 4009 728 4060 vero
764 3987 844 4092 inde
879 3987 1156 4059 haereditatibus
1191 3988 1359 4078 uenditis,
1385 3987 1542 4058 lecerunt
1576 3987 1784 4076 discessum,
1810 3993 1847 4059 et
1873 3987 1959 4059 uilla
1982 3986 2050 4075 ipsu

509 4109 673 4182 Gramb
684 4111 877 4200 yenicza
904 4109 1032 4200 oppido
1052 4108 1281 4180 Orasznik
1306 4108 1374 4180 fnit
1392 4109 1564 4198 adiuncta,
1581 4110 1688 4181 etiam
1706 4109 1854 4200 ecclesia
1870 4109 1908 4178 in
1927 4106 2051 4179 Grau·

508 4215 733 4322 byenicza
759 4231 924 4302 ecclesiae
952 4229 995 4302 de
1022 4231 1259 4304 llrasznik
1285 4230 1351 4302 fuit
1377 4237 1413 4302 et
1440 4237 1494 4302 est
1520 4251 1597 4305 cum
1616 4231 1689 4302 sais
1706 4230 1936 4320 proventibus
1953 4229 2049 4300 unita

576 4341 579 4356 '
613 4353 819 4443 Znuuzow,
836 4351 922 4423 villa
948 4353 1012 4424 sub
1036 4354 1203 4443 parochia
1229 4352 1394 4424 ecclesiae
1421 4353 1464 4423 de
1489 4352 1720 4424 Crasznilr
1747 4352 1830 4442 sita,
1856 4352 1955 4423 cuius
1979 4368 2049 4439 pro

508 4475 639 4564 prietes
666 4479 702 4549 et
730 4475 917 4546 dominium
946 4474 991 4545 ad
1018 4476 1178 4575 abbatem
1206 4481 1243 4546 ct
1268 4473 1518 4546 monasterium
1544 4473 1872 4565 Goprzywuiczense
1898 4465 2048 4563 pertinet

508 4597 548 4666 In
576 4617 644 4686 qua
671 4602 725 4667 est
751 4597 910 4669 scoltetia
938 4597 1069 4670 habens
1096 4603 1175 4668 octo
1202 4597 1320 4668 laneos
1347 4595 1517 4686 proprios,
1535 4595 1579 4666 de
1597 4571 1858 4685 quibusuescio
1876 4609 2048 4685 perquam

509 4717 753 4808 negligentiam
780 4725 817 4789 et
843 4719 998 4809 abusum,
1024 4718 1264 4790 tantummodo
1292 4718 1397 4789 solvit
1411 4722 1492 4788 ‘octo
1511 4722 1650 4807 scottos,
1667 4737 1754 4808 qnos
1772 4716 1831 4788 vix
1850 4715 2047 4807 congrueret
2123 4705 2126 4710 ’

508 4861 572 4930 pro
600 4861 668 4910 uno
695 4839 794 4912 laneo
822 4840 957 4913 solvere
984 4862 1047 4931 pro
1074 4840 1284 4912 monasterio
1311 4841 1348 4910 iu
1374 4839 1611 4910 drasznik.
1638 4837 1881 4910 Gmethonales
1897 4836 2047 4919 lanei...,

508 4968 544 5034 et
580 4961 727 5052 quilibet
761 4983 825 5052 pro
861 4961 996 5034 decima
1029 4962 1201 5052 pecuniali
1237 4961 1343 5032 solvit
1376 4960 1588 5032 monasterio
1623 4957 1945 5051 Ooprzywniczensi
1977 4959 2044 5027 octo

506 5105 657 5175 grossos.
697 5083 786 5156 Item
821 5084 897 5174 agri
933 5084 1157 5155 tabernarum
1193 5083 1358 5172 duarum;
1394 5081 1555 5152 similiter
1590 5079 1772 5172 praedium
1797 5080 1905 5152 etiam
1931 5083 1982 5151 est
2005 5073 2046 5146 ibi

509 5206 728 5298 monasterii,
756 5206 799 5278 de
835 5205 931 5279 cuius
958 5206 1052 5296 agris
1088 5226 1157 5278 non
1185 5205 1334 5278 solvitur
1369 5204 1487 5294 aliqua
1510 5203 1645 5276 decium
1670 5201 1731 5274 sed
1757 5203 1867 5275 abbas
1893 5222 1966 5275 eam
1990 5215 2043 5288 pro

372 5385 378 5395 ,
510 5347 546 5400 se
573 5329 675 5402 tollit.

268 5447 274 5456 “
612 5450 786 5541 Szucow',
813 5450 897 5522 villa
933 5449 997 5522 sub
1024 5449 1190 5540 parochia
1225 5448 1390 5521 ecclesiae
1416 5446 1460 5518 de
1487 5444 1714 5519 Grasznilr
1741 5447 1827 5536 siba,
1853 5446 1951 5518 cuius
1974 5461 2043 5533 pre

510 5569 641 5662 prietas
668 5577 704 5644 et
730 5572 918 5644 dominium
945 5571 989 5643 ad
1016 5571 1265 5643 monasterium
1292 5568 1620 5663 Goprzywniczense
1645 5569 1806 5672 pertinet.
1841 5567 1882 5638 In
1910 5564 2042 5658 quaest

510 5692 674 5765 scultetus
709 5693 841 5767 habens
878 5699 1027 5788 quatuor
1061 5693 1181 5766 laneos
1216 5713 1293 5765 cum
1319 5691 1451 5783 medio,
1478 5695 1514 5764 et
1541 5711 1583 5764 cx
1610 5689 1745 5765 duobus
1770 5689 1880 5763 lenem
1906 5681 2042 5777 antiquis
