4492 6592
515 787 588 859 288

516 1017 604 1067 unus
631 997 737 1067 homo
764 997 807 1067 de
835 998 943 1089 laneo,
972 1001 1165 1091 colligendo
1200 1000 1337 1071 foenum
1365 1006 1506 1071 tenetur
1531 1002 1709 1089 laborare,
1736 1002 1787 1071 ita
1811 1008 1945 1089 tamem
1972 1004 2056 1091 quod

389 1157 392 1162 ·
514 1119 680 1189 medietas
717 1119 820 1191 villae
857 1121 1011 1210 laborat,
1048 1121 1217 1192 medietas
1255 1128 1364 1192 vacat.
1405 1123 1493 1192 Item
1525 1104 1724 1212 obligantur
1760 1122 1804 1192 ad
1831 1122 1993 1214 ducturas
2017 1143 2056 1194 ex

513 1239 635 1311 ordine
663 1240 707 1310 ad
736 1241 905 1312 rationem
933 1243 1076 1313 dierum.
1105 1243 1193 1312 Item
1221 1263 1289 1313 nou
1318 1249 1372 1313 est
1399 1244 1447 1313 ibi
1474 1244 1590 1333 aliqua
1607 1244 1763 1316 taberna.
1789 1243 1877 1314 Item
1896 1264 1962 1312 non
1981 1250 2058 1314 sunt

513 1361 740 1431 hortulaniae.
767 1361 855 1432 Item
883 1364 1082 1435 emethones
1109 1368 1274 1434 tenentur
1301 1363 1344 1433 ad
1372 1359 1556 1454 utramque
1576 1361 1769 1458 pmoohom,
1797 1363 1959 1433 videlicet
1979 1365 2057 1454 hye-

514 1481 653 1551 malium
682 1489 717 1552 et
744 1483 959 1553 aestivalium
987 1483 1249 1554 humentorom.
1277 1485 1363 1554 Item
1391 1483 1434 1554 de
1461 1484 1556 1574 agris
1583 1484 1685 1554 villae
1711 1485 1891 1573 praefatae
1918 1484 2059 1554 solvitur

514 1603 646 1674 decima
674 1604 907 1693 manipularis,
935 1610 970 1675 et
996 1626 1059 1694 per
1086 1609 1234 1695 quatuor
1261 1605 1400 1694 ierugas
1428 1606 1612 1695 campalis,
1637 1604 1700 1675 sed
1717 1605 1971 1675 diversificatur
1988 1606 2057 1676 eins
2107 1645 2110 1650 ·

513 1725 709 1815 perceptIo;
746 1743 824 1794 nam
862 1725 904 1795 de
938 1726 1122 1797 medietate
1160 1747 1321 1816 agrorum
1359 1727 1451 1796 tollit
1486 1747 1561 1796 eam
1589 1726 1788 1816 praehenda
1814 1725 2058 1814 Gracoviensis,

514 1867 602 1934 quae
630 1845 827 1935 appellatur
855 1845 1159 1937 Sthanyateczsh'a,
1187 1853 1223 1917 et
1250 1847 1348 1918 valor
1373 1848 1447 1918 eius
1466 1848 1670 1918 aestimatur
1688 1842 1732 1917 ad
1752 1852 1902 1937 quatuor
1920 1867 2059 1934 mareas,
2140 1850 2141 1901 l

509 1987 575 2056 -pro
604 1967 714 2038 altera
751 1987 832 2037 vero
869 1967 1054 2038 medietate
1090 1967 1183 2039 tollit
1220 1989 1295 2038 eam
1323 1967 1704 2057 ecclesiaparochialis
1731 1968 1868 2038 eteius
1896 1967 2060 2056 plebanus

512 2089 548 2158 in
578 2089 827 2178 Brzeszye,
855 2095 891 2159 et
929 2088 1026 2158 valor
1062 2091 1136 2160 eius
1173 2089 1378 2160 aestimatur
1404 2089 1449 2159 ad
1476 2095 1549 2159 tres
1577 2109 1710 2159 marcas
1737 2109 1812 2158 cum
1841 2087 2002 2175 dimidia,
2028 2095 2061 2158 et

514 2209 680 2280 inducunt
706 2229 781 2279 earn
810 2209 1006 2309 emethoncs
1034 2215 1069 2281 et
1096 2231 1160 2300 pro
1187 2211 1334 2300 plebano
1354 2215 1390 2280 et
1407 2209 1571 2280 canonico
1589 2210 1625 2279 in
1644 2209 1771 2279 horrea
1790 2230 1853 2298 per
1870 2229 1932 2278 eos
1950 2208 2058 2279 locan-

513 2329 566 2398 da.
602 2329 688 2400 Item
725 2329 759 2400 iu
788 2329 907 2400 eadem
944 2330 1026 2400 villa
1053 2351 1121 2402 non
1150 2337 1204 2401 est
1231 2329 1411 2420 praedium
1439 2330 1655 2419 coenobiale,
1682 2350 1793 2420 neque
1821 2327 2061 2399 molendinum.

512 2450 599 2520 Item
627 2440 788 2540 praefata
815 2450 898 2523 villa
925 2451 1076 2522 eontinet
1094 2471 1171 2522 cum
1189 2451 1282 2522 villis
1309 2451 1542 2540 Zahrzow,
1560 2450 1909 2541 Zakrzowyecz,
1929 2449 2059 2538 Zago-

512 2591 596 2661 rze,
624 2571 886 2643 Bodzanow.
2140 2558 2141 2573 ³

480 2677 487 2686 ⁵
554 2714 558 2721 ·
617 2692 850 2782 Oeumnuow,
880 2691 963 2764 villa
990 2693 1054 2764 sub
1082 2693 1248 2784 parochia
1275 2693 1318 2764 de
1345 2693 1604 2764 Bodzanow
1631 2694 1716 2781 sita,
1743 2693 1841 2763 cuius
1867 2693 2059 2782 proprietas
2140 2700 2141 2723 l

512 2819 547 2883 et
574 2813 762 2884 dominium
790 2813 834 2884 ad
861 2815 1107 2885 monasterinm
1144 2815 1455 2885 sanctimonialium
1483 2815 1518 2884 in
1547 2813 1876 2904 Sthanyathky
1904 2814 2059 2902 pertinet.

512 2933 648 3024 Inque
684 2941 766 3006 sunt
801 2941 878 3007 octo
915 2935 1007 3005 lanei
1043 2935 1297 3025 cmethonales,
1324 2940 1360 3006 et
1387 2935 1532 3025 quilibet
1568 2935 1689 3005 laneus
1724 2935 1830 3006 solvit
1857 2955 1922 3023 pro
1945 2945 2059 3004 'annno

512 3077 616 3128 ceusu
645 3046 904 3148 quatuordecim
932 3061 1070 3146 scottos,
1098 3057 1182 3127 item
1210 3056 1297 3129 duos
1324 3077 1483 3146 capones,
1510 3057 1593 3126 item
1621 3055 1744 3145 viginti
1772 3076 1859 3160 ova,
1874 3057 1959 3125 item
1979 3056 2058 3125 duos
2140 3112 2141 3137 ,

506 3165 642 3268 caseos,
670 3179 753 3249 item
780 3199 843 3267 pro
872 3175 1041 3273 mpodoroe
1069 3179 1209 3271 solvunt
1246 3178 1288 3248 de
1316 3177 1471 3268 quolibet
1498 3179 1597 3249 laneo
1624 3197 1688 3267 per
1714 3177 1864 3248 medium
1891 3197 2059 3268 grossum,
2140 3240 2141 3243 ,

512 3301 594 3369 item
623 3318 783 3393 oproome
809 3299 913 3370 etiam
940 3298 1089 3370 medium
1117 3319 1295 3389 grossum
1322 3300 1407 3370 item
1435 3299 1580 3389 quilibet
1606 3299 1741 3369 emetha
1768 3303 1909 3368 tenetur
1929 3299 2059 3368 solvere
2140 3276 2141 3349 3

512 3420 598 3491 duos
635 3441 734 3491 coros
771 3439 901 3491 avenae
937 3441 1118 3492 mensurae
1153 3420 1392 3492 (traconensis
1429 3417 1623 3506 consertae3
1657 3421 1740 3489 item
1768 3421 1803 3488 in
1831 3419 1955 3488 eadem
1983 3419 2060 3488 villa

511 3547 592 3636 sunt
619 3541 706 3611 duae
734 3541 885 3630 piscinae
912 3542 1022 3612 bonae
1050 3541 1277 3612 coenobiales.
1312 3541 1398 3611 Item
1428 3541 1627 3612 cmothones
1654 3539 1697 3611 de
1724 3540 1825 3611 laneo
1851 3543 2018 3610 tenentur
2041 3559 2060 3607 a

510 3661 598 3732 lesto
626 3661 742 3732 Sancti
770 3661 961 3751 Michaelis,
989 3661 1032 3733 ad
1060 3662 1186 3733 festum
1213 3661 1332 3733 Sancti
1358 3661 1537 3750 lobannis,
1556 3667 1628 3732 tres
1648 3661 1721 3732 dies
1739 3661 1901 3732 laborare
1921 3661 2058 3750 proprio

510 3803 614 3854 curru
642 3784 702 3854 aut
730 3787 855 3871 aratro,
883 3805 904 3854 a
930 3783 1020 3854 festo
1047 3803 1131 3854 vero
1159 3783 1277 3854 Sancti
1304 3783 1484 3872 Iohannis,
1511 3783 1553 3852 ad
1582 3782 1707 3854 testum
1734 3761 1850 3852 Sancti
1870 3781 2057 3884 Michaelis,

509 3909 673 3976 tenentur
701 3905 855 3994 quolibet
882 3904 937 3975 die
965 3905 1133 3994 laborare,
1161 3912 1303 3994 praeter
1329 3905 1420 3975 diem
1449 3905 1595 3992 sabbati,
1623 3905 1746 3993 inquo
1764 3901 1880 3973 tamen
1900 3903 1946 3972 de
1964 3903 2056 3972 laneo

508 4047 596 4096 unus
623 4026 725 4096 homo
753 4032 892 4097 tenetur
928 4026 1105 4115 laborare,
1134 4021 1271 4096 foenum
1299 4026 1508 4115 colligendo,
1535 4027 1586 4095 ita
1613 4033 1746 4112 tamen,
1775 4025 1866 4114 quod
1895 4024 2055 4093 medietas

508 4147 610 4217 villae
637 4147 784 4236 laborat,
812 4147 979 4218 medietas
1007 4153 1116 4217 vacat.
1146 4148 1231 4216 Item
1259 4152 1312 4217 est
1339 4167 1408 4216 una
1434 4145 1582 4216 taberna
1608 4147 1739 4216 habeus
1757 4165 1869 4235 agros,
1889 4164 1979 4232 quae
1996 4161 2053 4231 pro

508 4289 621 4339 annuo
650 4289 754 4338 censu
783 4268 887 4340 solvit
914 4269 1123 4339 monasterio
1151 4268 1236 4338 diras
1264 4287 1406 4338 marcas.
1434 4268 1519 4337 Item
1549 4275 1629 4337 sunt
1655 4274 1728 4336 tres
1754 4257 1972 4354 hortulaniae
2000 4263 2054 4332 ba-

507 4389 627 4460 bentes
664 4411 785 4479 agros,
823 4395 859 4460 et
895 4389 1070 4478 quaelibet
1107 4389 1212 4460 solvit
1247 4410 1311 4478 pro
1348 4409 1462 4458 annuo
1490 4409 1593 4458 censu
1622 4409 1726 4458 unum
1754 4386 1941 4472 fertonem,
1978 4384 2053 4452 item

507 4509 644 4580 laborat
671 4530 775 4580 unum
804 4510 894 4580 diem
923 4508 1084 4599 pedester
1112 4510 1147 4579 in
1175 4510 1377 4600 septimana.
1404 4510 1490 4579 Item
1518 4516 1591 4578 tam
1619 4509 1828 4594 emethones,
1854 4506 2053 4575 tabernator

507 4635 543 4700 et
571 4630 754 4718 hortulani,
782 4637 946 4702 tenentur
974 4629 1017 4700 ad
1045 4637 1226 4720 utramque
1247 4629 1440 4724 pruscam,
1468 4630 1675 4719 hyemalium
1703 4628 1863 4698 videlicet
1891 4630 1928 4693 et
1955 4624 2052 4694 aesti-

507 4750 645 4822 valium.
685 4751 771 4822 Item
809 4751 956 4822 iaciunt.
975 4751 1140 4822 ducturas
1167 4752 1210 4821 ad
1238 4751 1408 4821 rationem
1435 4752 1578 4821 dicrum.
1619 4751 1705 4819 Item
1734 4755 1788 4818 est
1814 4745 2051 4835 praediumin

391 4937 393 4942 .
506 4871 588 4943 villa
614 4873 771 4962 praelata
798 4873 884 4944 satis
911 4873 1048 4960 bonum,
1077 4873 1118 4942 de
1146 4873 1243 4943 cuius
1271 4873 1365 4960 agris
1393 4871 1638 4942 monasterium
1667 4871 1701 4939 in
1729 4866 2053 4956 Sthanyathkp

505 4994 654 5085 percipit
681 4994 847 5065 decimam
876 4995 1134 5083 manipularem,
1163 5001 1199 5063 et
1226 5015 1299 5063 eam
1328 4995 1362 5062 in
1391 4995 1553 5063 horreum
1581 5013 1678 5063 sutum
1703 4989 1844 5060 inducIt.
1871 4988 1960 5057 Item
1986 4995 2050 5055 tam

505 5117 581 5205 agri
609 5115 838 5202 emethonum,
865 5116 1099 5186 tabernatoris
1122 5121 1158 5184 et
1174 5115 1438 5185 hortulanorum
1458 5115 1596 5184 solvunt
1615 5112 1778 5182 decimam
1797 5108 2052 5197 manipularem,

505 5243 541 5306 et
577 5234 639 5326 per
676 5241 825 5327 quatuor
860 5237 998 5326 ierugas
1035 5237 1251 5325 canapalem,
1279 5236 1497 5325 praebendae
1534 5232 1770 5318 cracoviensi,
1799 5249 1887 5320 quae
1915 5234 2052 5310 vocatur

505 5355 764 5446 Goszcziczsha,
793 5363 828 5428 et
855 5363 1018 5429 tenentur
1046 5377 1121 5428 eam
1149 5359 1283 5428 incolae
1311 5357 1462 5446 propriis
1481 5357 1638 5425 curribus
1657 5351 1820 5422 inducero
1838 5351 1872 5420 in
1893 5351 2050 5430 horreum

505 5480 719 5550 acanonico
747 5479 938 5566 locandum,
966 5461 1002 5549 et
1030 5479 1127 5549 valor
1154 5479 1228 5564 eius
1257 5479 1462 5548 aestimatur
1489 5477 1532 5546 ad
1559 5466 1636 5544 octo
1663 5491 1806 5543 marcas.
1843 5472 1931 5541 Item
1959 5487 2050 5559 prae
2096 5526 2099 5532 .

503 5595 576 5668 ieta
602 5598 685 5669 villa
712 5599 862 5670 confinat
890 5607 965 5670 cum
993 5597 1083 5671 villis
1111 5599 1342 5687 Zakrzoru,
1373 5599 1631 5687 Wagercze,
1659 5595 2002 5680 Zakrzowpecz.

617 5719 809 5809 Zaconzn,
847 5721 929 5790 villa
963 5721 1027 5790 sub
1063 5721 1228 5809 parochie
1263 5719 1429 5791 ecclesiae
1465 5720 1508 5789 de
1544 5716 1799 5787 Bodzanow
1836 5715 1921 5802 stta,
1957 5710 2055 5823 cuins
