4492 6592
1669 779 1741 847 411
1799 868 1804 877 ,

187 980 291 1052 solvit
317 1034 448 1068 ......
475 980 557 1061 item
586 1000 665 1068 ova,
692 980 775 1051 item
802 979 927 1068 gallos,
955 980 1037 1050 item
1065 999 1205 1068 caseos;
1233 980 1315 1051 itum
1344 980 1455 1069 labor,
1485 982 1565 1052 item
1587 980 1744 1075 pmuabo,
1822 1042 1827 1047 .
1948 1034 1952 1039 .
2044 1000 2051 1007 ·

186 1103 268 1173 item
288 1122 443 1198 oaszycp,
466 1102 550 1171 item
569 1101 726 1190 taberna,
754 1103 837 1172 item
856 1102 1033 1173 hortulani
1043 1134 1061 1190 ,·
1079 1102 1162 1171 item
1182 1102 1371 1192 praedium,
1398 1097 1481 1174 item
1503 1105 1746 1177 molendinum.

185 1224 271 1295 item
300 1244 422 1294 omues
449 1223 525 1313 agri
543 1222 647 1293 villae
675 1223 816 1296 solvunt
843 1229 878 1293 et
895 1222 1089 1295 conducunt
1118 1223 1284 1295 decimam
1313 1226 1560 1315 manipularem
1588 1233 1624 1298 et
1643 1248 1744 1299 caua-

186 1346 299 1437 palem
337 1366 402 1435 pro
430 1398 547 1413 .....
575 1342 733 1417 Goniiuat
771 1400 885 1416 .....
926 1345 1089 1416 Alienata
1125 1352 1177 1417 est
1207 1368 1225 1417 a
1254 1350 1475 1437 monasterio,
1503 1356 1538 1419 et
1565 1350 1745 1439 ignoratur

186 1469 371 1558 quomodo.
1005 1539 1011 1549 ,
1341 1476 1344 1487 ’
1391 1494 1395 1499 ·
1472 1460 1476 1468 ”

289 1590 546 1680 Rnnonnczu,
574 1590 657 1661 villa
685 1588 751 1659 sub
768 1588 935 1678 parocbia
962 1588 1005 1659 de
1032 1588 1211 1659 Liszow
1238 1590 1323 1679 sita,
1350 1592 1447 1661 cuius
1476 1592 1672 1681 proprietas
1700 1592 1743 1663 a'd

185 1714 434 1785 monasterium
471 1715 507 1785 in
537 1710 881 1782 Waucboczslro
916 1710 1085 1800 pertinet,
1127 1732 1228 1800 quam
1266 1710 1514 1783 boleslaus
1541 1712 1743 1785 Pudicas

163 1832 353 1904 .Poloniae
389 1836 489 1925 regni
524 1834 594 1906 dux
631 1838 668 1903 et
693 1832 900 1919 monarcha,
937 1852 1013 1929 cum
1049 1832 1218 1920 genitrice
1242 1838 1321 1903 'sua
1357 1830 1681 1906 Grzimislawa
1708 1844 1742 1907 et

133 1922 155 2029 .'
188 1954 393 2027 Thornlra
420 1956 574 2029 eiusdem
601 1955 705 2026 villae
732 1952 892 2042 haerede,
919 1953 1062 2023 donavit
1090 1954 1277 2024 cumomni
1306 1955 1381 2024 iure
1400 1957 1611 2027 monasterio
1639 1956 1744 2028 Wan-

108 2153 110 2160 ,
186 2078 378 2152 chocaeusi.
417 2079 458 2149 Ia
476 2100 545 2169 qua
571 2084 652 2149 sunt
679 2097 802 2148 novem
830 2075 921 2147 lanei
947 2076 1201 2164 cmetbonaleS,
1228 2083 1264 2147 et
1283 2077 1428 2167 quilibet
1455 2078 1558 2149 solvit
1586 2100 1649 2169 per
1675 2079 1742 2151 ler-

185 2204 319 2287 toucm,
347 2222 439 2271 uuus
465 2206 601 2272 tantum
631 2198 736 2270 solvit
764 2202 927 2287 quatuor⁴
941 2196 1050 2268 decim
1076 2218 1236 2287 gnosum,
1264 2198 1347 2269 item
1375 2200 1522 2289 triginta.
1550 2222 1634 2291 ova,
1661 2203 1744 2282 item

187 2320 272 2392 daos
298 2322 433 2412 gallos,
467 2324 552 2394 item
579 2341 709 2394 caseos.
752 2319 840 2391 ltem
876 2319 1037 2390 laborant
1063 2340 1166 2391 uuam
1195 2320 1284 2391 diem
1313 2322 1348 2391 iu
1377 2322 1568 2410 septimana
1599 2322 1743 2413 quilibet

186 2442 227 2514 de
244 2441 360 2532 laneo,
387 2444 535 2535 proprio
547 2464 652 2518 curru
670 2448 732 2513 aut
751 2448 886 2529 aratro,
914 2443 995 2511 item
1014 2439 1206 2535 pmerbaaa,
1233 2442 1316 2513 item
1336 2464 1482 2538 osrayep.
1523 2443 1610 2513 item
1629 2444 1744 2516 taber-

186 2586 249 2635 nae
267 2565 362 2637 duae
382 2566 551 2637 habentes
569 2586 692 2655 agros,
720 2584 789 2635 una
806 2563 911 2650 solvit
928 2584 1031 2634 auam
1050 2569 1216 2655 marcam,
1244 2564 1355 2635 altera
1374 2572 1446 2635 tres
1466 2564 1633 2656 fertones,
1661 2566 1742 2637 item

187 2686 376 2777 bonulaai,
403 2688 486 2769 item
505 2686 684 2777 praedium
713 2686 760 2756 ibi
780 2692 834 2755 est
861 2683 1075 2774 coenobiale,
1102 2685 1146 2755 de
1164 2686 1261 2759 cuius
1289 2686 1383 2775 agris
1410 2688 1657 2759 monasterium
1686 2688 1745 2759 de-

188 2808 307 2879 cimam
337 2810 432 2880 tollit
458 2830 522 2900 pro
541 2830 588 2878 se.
614 2808 702 2879 Item
731 2806 963 2879 molendinum
990 2828 1059 2878 non
1087 2813 1142 2878 est
1159 2808 1221 2898 ibi,
1250 2808 1310 2878 sed
1330 2810 1471 2898 piscina.
1512 2810 1597 2880 Item
1626 2832 1743 2881 omnes

189 2931 260 3018 agri
289 2930 395 3001 villae
422 2931 561 3002 solvunt
597 2935 634 3001 et
660 2928 856 3000 conducunt
883 2928 1051 2999 decimam
1078 2928 1327 3019 manipularem
1366 2936 1401 3001 et
1429 2931 1647 3021 canapalem,
1679 2954 1743 3022 pro

188 3053 401 3131 monasterio
436 3054 472 3124 iu
498 3050 858 3139 Wancboczsko,
883 3056 922 3122 et
948 3050 1047 3121 valor
1078 3050 1154 3121 eins
1182 3052 1386 3123 aestimatur
1422 3051 1465 3123 ad
1494 3058 1575 3143 octo
1599 3074 1742 3125 marcas.

188 3173 270 3245 ltem
298 3174 467 3277 ducturas
492 3173 625 3246 iaciunt
652 3173 782 3265 absque
803 3172 875 3243 die.
915 3170 1075 3243 Goulinat
1101 3192 1177 3243 cnm
1206 3171 1492 3245 Morawicaa.

131 3274 164 3325 9
288 3296 440 3386 Oreas,
466 3294 645 3367 Mnuzrsz
671 3316 761 3366 nunc
780 3300 938 3385 vocatur,
964 3294 1048 3366 villa
1072 3295 1137 3365 sub
1165 3296 1327 3385 parocbia
1357 3296 1399 3366 de
1426 3295 1641 3388 Lysszon
1669 3299 1747 3386 sita,

159 3486 164 3493 .
190 3439 287 3507 quam
306 3418 584 3509 Mirogneus
611 3416 703 3489 tilius
721 3415 972 3489 Michaelis
999 3418 1212 3488 monasterio
1233 3416 1506 3489 Wanchoczensi
1525 3419 1675 3491 donavit.
1705 3420 1744 3490 In

191 3560 254 3629 qua
279 3547 364 3613 suut
392 3541 543 3631 quinque
570 3539 662 3611 lanei
689 3538 943 3627 amarlandus,
978 3545 1015 3609 et
1042 3538 1186 3629 quilibet
1216 3539 1321 3610 solvit
1352 3508 1546 3646 per⁰uqum
1573 3540 1743 3612 fertonem

191 3682 249 3749 pro
276 3683 401 3751 ceusu,
428 3663 512 3733 item
539 3658 687 3751 triginta
714 3682 797 3749 ova,
825 3661 908 3731 item
934 3660 1022 3731 duos
1047 3660 1177 3750 gallos,
1210 3662 1293 3731 item
1322 3682 1450 3733 caseos.
1492 3663 1578 3733 Item
1605 3664 1743 3734 labores

190 3803 254 3867 non
279 3784 414 3855 lacqu't
440 3784 575 3874 aliquos
602 3784 638 3853 iu
657 3783 864 3873 septimana,
893 3782 954 3851 sed
972 3780 1212 3865 tantummodo
1240 3782 1425 3871 adiutoria,
1453 3783 1536 3854 item
1549 3782 1742 3878 pensabunt,

192 3902 269 3976 item
295 3927 454 4000 oaczpep,
490 3906 573 3975 item
600 3905 772 3993 taberna,
801 3904 885 3973 item
921 3902 1116 3991 hortulani3
1152 3902 1236 3973 item
1273 3901 1452 3993 praedium
1490 3905 1537 3975 ibi
1566 3926 1633 3975 uon
1672 3910 1744 3993 est;
1840 3890 1843 3897 ⁴

190 4024 269 4097 item
294 4026 529 4099 molendinum
556 4034 613 4097 est
638 4026 688 4096 ibi
714 4024 934 4113 coenobiale,
960 4024 1052 4115 quod
1079 4023 1185 4095 solvit
1212 4044 1275 4114 pro
1294 4044 1399 4095 censu
1426 4024 1574 4096 sedecim
1602 4031 1743 4097 scottos.
1870 4088 1874 4097 .

191 4144 274 4218 Item
293 4168 414 4219 omues
442 4148 518 4238 agri
545 4147 648 4219 villae
674 4147 815 4217 solvunt
840 4152 876 4217 et
893 4144 1089 4217 conducunt
1115 4145 1283 4217 decimam
1310 4126 1625 4237 manipularemet
1643 4168 1745 4219 cana·

118 4255 122 4263 ’
189 4268 304 4355 palem
315 4290 381 4360 pro
398 4269 612 4341 monasterio
631 4267 914 4358 Wancbocaeusi,
942 4274 978 4338 et
996 4267 1096 4339 valor
1121 4268 1196 4339 eins
1215 4269 1420 4339 aestimatur
1448 4268 1491 4340 ad
1510 4288 1571 4339 sex
1591 4286 1734 4341 marcas.

108 4391 109 4395 ’
191 4386 273 4461 item
291 4390 453 4461 scultetis
478 4396 533 4461 est
558 4390 616 4479 ibi,
643 4390 775 4462 babens
802 4389 890 4460 duos
915 4389 1044 4479 laneos,
1071 4388 1259 4479 dequibus
1287 4388 1436 4461 decimat
1464 4444 1553 4461 ....
1583 4388 1742 4462 Gonliuat

195 4528 267 4581 cum
406 4566 414 4581 .
432 4518 454 4581 .“
458 4566 573 4581 .....

259 4633 262 4639 ’
289 4634 590 4721 Zariassarczn,
618 4632 701 4703 villa
718 4633 783 4706 sub
801 4631 967 4721 parochia
992 4631 1035 4702 de
1064 4629 1336 4722 Wyrzbicza
1364 4633 1441 4722 sita,
1470 4632 1566 4704 cuius
1585 4634 1743 4724 proprie-

193 4756 243 4823 tas
268 4755 312 4827 ad
332 4756 580 4826 monasterium
608 4753 888 4825 Wanchoczeuse
914 4754 1076 4844 pertinet.
1115 4752 1162 4823 In
1184 4774 1252 4843 qua
1278 4760 1357 4825 suut
1386 4772 1446 4825 sex
1473 4754 1565 4827 lanei
1593 4756 1737 4826 cmetho·

196 4874 302 4966 uales,
331 4882 366 4948 et
394 4876 541 4966 quilibet
567 4876 671 4947 solvit
699 4896 762 4965 pro
790 4895 893 4946 ceusu
920 4896 1027 4946 unum
1053 4874 1242 4963 fertonem,
1269 4875 1350 4946 item
1379 4876 1526 4965 triginta
1554 4898 1633 4966 ova,
1660 4877 1743 4947 item

196 5004 338 5082 quatuor
372 4998 502 5087 gallos,
537 4998 622 5067 item
659 5016 778 5067 caseos
814 4996 910 5067 duos.
958 4996 1047 5067 Item
1072 4996 1212 5068 laborat
1249 4997 1395 5087 quilibet
1431 4997 1474 5069 de
1501 4998 1600 5068 laneo
1638 5018 1743 5068 unum

196 5113 279 5189 diem
307 5121 343 5193 iu
371 5120 583 5210 septimana,
611 5118 753 5216 proprio
781 5137 884 5189 curru
917 5124 977 5188 aut
1004 5123 1131 5189 aratro.
1173 5119 1261 5190 Item
1281 5116 1466 5213 parandum
1494 5119 1655 5190 laborant
1682 5118 1768 5189 du-·

197 5236 324 5330 plicam,
351 5220 516 5330 provere
544 5240 677 5311 scilicet
704 5245 740 5309 et
762 5240 894 5329 hyeme.
933 5239 1021 5337 Item
1049 5250 1186 5335 ossayap
1213 5240 1366 5330 solvunt,
1394 5238 1541 5331 quilibet
1568 5240 1611 5312 de
1640 5241 1740 5311 laneo

154 5384 159 5389 ·
198 5366 269 5430 octo
299 5363 426 5433 choros
445 5382 584 5432 ‘avenae
612 5370 647 5432 ct
666 5368 816 5451 quatuor
834 5360 991 5449 siliginis.
1032 5360 1119 5431 item
1139 5362 1306 5433 tabernae
1326 5362 1416 5433 duae
1443 5364 1612 5434 babentes
1631 5384 1743 5452 agros,

199 5498 334 5567 quarum
361 5504 431 5554 una
458 5483 563 5555 solvit
589 5504 653 5572 pro
681 5503 786 5553 censu
813 5499 917 5553 uuam
944 5502 1160 5571 sexagenum,
1187 5482 1297 5553 altera
1325 5504 1427 5555 uuam
1455 5504 1615 5555 marcam.
1656 5484 1744 5555 Item
1785 5482 1789 5487 ’

200 5596 415 5676 hortulanIae
442 5612 602 5694 quatuor,
629 5604 858 5693 etquaelibet
876 5602 981 5673 solvit
999 5610 1073 5674 tres
1099 5625 1249 5694 grossos,
1277 5612 1313 5676 et
1331 5628 1436 5677 unum
1464 5606 1554 5677 diem
1582 5607 1618 5676 in
1637 5607 1744 5696 septi·
1826 5592 1829 5598 ’

199 5738 292 5796 mana
316 5727 463 5797 laborat.
502 5725 590 5795 Item
626 5726 806 5814 praedium
843 5731 896 5794 est
931 5725 981 5795 ibi
1007 5726 1177 5825 optimum
1202 5728 1420 5818 coenobiale,
1456 5728 1499 5799 de
1527 5726 1624 5799 cuius
1650 5729 1745 5819 agris
1885 5802 1890 5808 ,
