4492 6592
1774 755 1796 826 5

243 959 322 1026 octo
349 955 444 1026 lanei
471 955 714 1046 cmetbonales,
742 961 778 1028 et
805 955 951 1046 quilibet
977 957 1081 1030 solvit
1106 977 1173 1046 pro
1188 977 1295 1030 censu
1311 979 1416 1030 unam
1440 977 1603 1050 marcam,
1629 959 1713 1032 item
1731 981 1799 1035 ora
1924 1025 1927 1028 Α

240 1076 409 1166 triginta,
445 1078 529 1148 item
555 1077 667 1166 gallos
694 1082 860 1169 quatuor,
894 1079 978 1150 item
1005 1099 1129 1152 caseos
1151 1079 1256 1170 duos,
1291 1081 1376 1151 item
1401 1080 1541 1152 laborat
1579 1081 1728 1171 quilibet
1754 1082 1797 1154 de

241 1197 345 1270 laneo
381 1219 488 1270 unum
524 1199 614 1270 diem
641 1199 677 1269 in
704 1199 898 1289 septimana
931 1201 1074 1291 proprio
1106 1193 1214 1272 curru
1248 1208 1311 1273 aut
1336 1208 1473 1293 aratro,
1509 1203 1594 1274 item
1612 1201 1797 1298 powobmu

242 1324 428 1410 atramque
455 1321 636 1411 laborant,
663 1341 727 1410 pro
754 1341 836 1392 vere
862 1321 1024 1393 videlieet
1049 1329 1086 1394 et
1111 1323 1253 1413 hyeme,
1280 1324 1363 1395 item
1389 1344 1527 1419 osszyep
1552 1345 1624 1396 non
1649 1325 1797 1414 solmmt3

241 1441 329 1512 item
356 1443 505 1515 taberna
530 1463 600 1514 una
626 1443 758 1514 babens
785 1462 889 1532 agros
917 1447 953 1514 et
979 1449 1091 1533 prata,
1118 1449 1155 1514 ct
1180 1445 1287 1515 solvit
1312 1455 1376 1534 pro
1403 1465 1508 1518 censu
1535 1444 1621 1516 duas
1646 1465 1797 1534 marcas3

243 1563 329 1632 item
347 1563 533 1653 hortulani,
561 1563 843 1653 itempraedium
873 1569 929 1634 est
959 1564 1008 1635 ibi
1040 1565 1248 1654 coenobiale,
1275 1565 1405 1656 dequo
1436 1566 1522 1637 nulli
1549 1567 1796 1638 monasterium
1929 1547 1932 1554 ⁵

242 1682 308 1753 dat
335 1684 511 1769 decimam,
540 1685 695 1756 sedeam
721 1705 785 1774 pro
813 1705 850 1755 se
871 1685 977 1756 tollit
1003 1685 1092 1756 Item
1119 1707 1238 1758 omnes
1264 1687 1341 1776 agri
1367 1686 1472 1758 villae
1497 1687 1638 1760 solvunt
1660 1694 1697 1759 et
1715 1709 1797 1760 con-

242 1803 379 1876 ducunt
412 1805 579 1878 decimam
614 1807 863 1896 manipularem
890 1813 926 1878 et
952 1807 1155 1896 canapalem
1189 1827 1253 1896 pro
1280 1809 1492 1880 monasterio
1524 1808 1796 1899 Myecborieusi,

187 1996 189 2000 .
242 1932 283 1996 et
310 1927 407 1998 valor
434 1927 508 1999 eius
535 1927 740 2000 aestimatur
767 1927 812 1998 ad
838 1927 1018 2000 duodecim
1046 1947 1191 2000 marcas.
1227 1929 1317 2000 Item
1342 1928 1577 2002 molendinum
1602 1935 1659 2002 est
1682 1931 1733 2001 ibi
1758 1931 1796 2001 in

241 2046 385 2119 flumine
399 2047 610 2139 -Gzycha,
637 2055 674 2120 et
700 2048 805 2121 solvit
830 2069 895 2139 pro
922 2069 1027 2120 censu
1053 2069 1115 2121 sex
1141 2070 1285 2121 marcas.
1312 2049 1511 2122 Notandum
1537 2041 1673 2142 autem,
1707 2051 1798 2140 quod

243 2189 339 2240 anno
370 2171 468 2242 1456
506 2170 570 2240 sub
597 2169 764 2259 regimine
792 2169 944 2240 Thomas
979 2168 1258 2262 Szadowsky
1293 2170 1485 2260 praepositi
1511 2170 1799 2261 Myecboviensis,

243 2291 281 2360 in
309 2290 454 2380 praedio
490 2290 681 2362 coenobiali
708 2290 811 2362 villae
837 2289 1121 2379 Zagorzicze
1148 2297 1248 2362 tanta
1273 2296 1486 2381 provenerat
1509 2292 1620 2364 tritici
1646 2292 1799 2382 ubertas,

243 2417 382 2501 septem
408 2413 517 2482 millia
543 2411 749 2502 casularum,
776 2431 833 2482 res
860 2417 1058 2482 monstrosa
1075 2417 1112 2482 et
1129 2412 1268 2482 nonnisi
1293 2413 1338 2483 ab
1364 2412 1420 2483 his
1441 2413 1507 2502 'qui
1524 2412 1697 2504 viderunt,
1723 2433 1798 2485 cre-

241 2533 332 2604 dita.
377 2532 538 2604 Continet
574 2553 651 2604 cum
687 2533 815 2623 oppido
859 2531 1116 2622 Myechow,
1156 2531 1424 2623 Syedliaka,
1463 2531 1800 2606 Psatroszicze.

245 2654 388 2726 Donata
414 2636 625 2736 monasterio
651 2675 715 2744 per
741 2653 765 2725 J
774 2653 915 2724 aksza
941 2653 1095 2724 militem.

283 2819 286 2824 ·
352 2775 561 2866 Komoaow,
587 2775 672 2847 villa
697 2777 762 2860 sub
780 2774 946 2865 parocbia
972 2773 1015 2844 de
1043 2773 1276 2864 Myecbou
1301 2775 1380 2865 sita,
1406 2775 1504 2846 cuius
1530 2776 1728 2866 proprietas
1754 2776 1800 2848 ad

245 2899 495 2970 monasterium
522 2896 790 2988 Myachoviense
815 2896 978 2986 pertinet.
1018 2895 1058 2966 In
1086 2917 1156 2985 qua
1181 2916 1251 2966 non
1278 2901 1360 2967 sunt
1385 2897 1493 2986 aliqui
1527 2897 1619 2968 lanei
1646 2897 1799 2969 cmetbo

245 3015 361 3109 noles,
381 3019 443 3090 sed
469 3019 655 3108 hortulani,
682 3024 720 3089 et
746 3017 894 3107 quilibet
919 3016 1024 3088 solvit
1049 3016 1201 3088 sedecim
1227 3022 1358 3089 scottos
1385 3038 1449 3107 pro
1476 3038 1595 3108 censu,
1621 3019 1704 3090 item
1731 3039 1798 3091 ova

244 3141 403 3231 triginta,
430 3142 514 3212 item
540 3140 651 3230 gallos
678 3145 836 3232 quatuor,
864 3138 948 3209 item
976 3157 1096 3210 caseos
1125 3137 1221 3228 duos,
1248 3139 1332 3208 item
1359 3139 1498 3210 laborat
1523 3139 1669 3229 quilibet
1694 3139 1799 3229 pede-

246 3263 314 3334 stri
341 3262 461 3334 labore
488 3283 593 3334 unum
621 3261 712 3332 diem
733 3261 770 3332 in
790 3261 991 3350 septimana,
1018 3259 1193 3332 interdum
1216 3280 1331 3349 curru3
1356 3259 1440 3330 item
1459 3257 1645 3353 powubom
1669 3266 1802 3332 utram-

246 3403 315 3474 que
341 3383 512 3473 laborant,
540 3403 604 3473 pro
632 3401 714 3454 vere
741 3387 778 3454 et
803 3381 941 3472 hyeme;
970 3381 1056 3452 item
1083 3401 1221 3476 escapep
1247 3401 1316 3452 non
1344 3379 1502 3470 solvunt3
1527 3382 1610 3452 item
1636 3379 1829 3469 tabernae,

245 3525 317 3576 non
336 3510 427 3596 sunt,
453 3505 535 3576 item
562 3483 863 3593 hortulani,'item
882 3501 1115 3574 molendinum
1148 3509 1204 3574 est
1236 3502 1287 3572 ibi
1317 3502 1355 3572 in
1384 3502 1524 3573 flumine
1554 3501 1739 3594 Gzicba,
1765 3509 1802 3574 et

246 3626 354 3698 solvit
380 3647 443 3716 pro
470 3646 576 3718 censo
603 3645 664 3696 sex
691 3643 843 3713 marcas3
878 3624 962 3724 item
988 3623 1169 3714 praedium
1206 3624 1407 3695 coenobiale
1441 3630 1497 3696 est
1522 3625 1591 3716 ibi,
1627 3624 1672 3696 de
1702 3627 1800 3696 cuius
1906 3642 1911 3652 ·
2044 3656 2049 3663 =

246 3749 342 3837 agris
368 3749 615 3820 monasterium
642 3745 737 3817 tollit
763 3745 931 3818 decimam
957 3745 1225 3835 manipularem·
1244 3745 1333 3817 item
1359 3765 1477 3817 omnes
1504 3748 1581 3837 agri
1606 3747 1712 3819 villae·
1730 3746 1799 3818 sol·

248 3875 334 3941 runt
362 3875 399 3940 et
425 3869 623 3940 conducunt
647 3867 813 3940 decimam
840 3867 1090 3960 manipularem
1108 3873 1146 3938 et
1163 3867 1362 3956 canapalem
1388 3889 1453 3957 pro
1470 3869 1682 3940 monasterio
1700 3868 1800 3960 Mye-

248 3991 436 4082 choviensi,
463 3997 500 4064 et
525 3989 624 4063 valor
649 3991 723 4061 eiua
751 3989 956 4060 aestimatur
982 3987 1026 4060 ad
1054 3988 1141 4058 duas
1167 4008 1312 4058 marcas.
1347 3987 1508 4059 Continet
1533 4009 1612 4061 cum
1638 3991 1802 4062 Bisku·

93 4171 168 4214 =·.
249 4108 1800 4204 picae,Myechow,Lgothka.Donatamonasterioperdakszammilitem.
1883 4125 1886 4134 ·

354 4233 536 4306 Gno'rnra
562 4233 751 4323 Iunnmoa,
778 4230 862 4302 villa
879 4231 944 4302 sub
962 4231 1130 4321 parochia
1155 4229 1199 4300 de
1216 4229 1466 4319 Superiori
1492 4229 1696 4324 (lbotlya
1721 4232 1799 4322 sita,
1914 4290 1917 4296 .

248 4356 345 4427 cuius
372 4357 569 4446 proprietas
587 4353 898 4425 admonasterium
924 4351 1198 4444 Myechoviense
1220 4351 1427 4440 pertinebat.
1454 4351 1496 4422 In
1514 4372 1583 4443 qua
1600 4359 1683 4425 sunt
1708 4353 1800 4424 lanei

247 4477 492 4567 cmetbonales,
517 4481 557 4547 et
583 4475 729 4565 quilibet
756 4473 860 4546 solvit
877 4527 885 4543 .
905 4529 912 4544 .
930 4527 938 4544 .
1009 4527 1045 4563 .,
1074 4473 1158 4544 item
1185 4491 1261 4563 ova,
1300 4473 1384 4543 item
1410 4474 1532 4564 gallos,
1558 4475 1643 4546 item
1669 4495 1800 4565 caseos,
1871 4532 1877 4538 .

249 4599 332 4670 item
360 4598 469 4688 labor,
498 4599 581 4668 item
601 4593 795 4691 powabcm,
821 4596 905 4667 item
932 4616 1079 4690 osszycp,
1107 4595 1190 4666 item
1223 4595 1380 4685 taberna,
1412 4596 1494 4666 item
1513 4595 1698 4687 hortulani,
1716 4598 1801 4668 item

105 4745 108 4751 ¹
249 4719 443 4810 praedium,
474 4719 565 4791 item
589 4717 830 4789 molendinum.
858 4717 946 4788 Item
977 4733 1096 4788 omncs
1128 4716 1205 4806 agri
1234 4715 1338 4788 villae
1369 4716 1510 4789 solvunt
1541 4723 1578 4788 et
1608 4718 1802 4789 conducunt
1920 4722 1925 4731 '

249 4842 418 4913 decimam
444 4840 692 4931 manipularem
719 4845 755 4910 et
780 4839 980 4928 canapalem
1007 4859 1070 4929 pro
1097 4838 1309 4910 monasterio
1335 4837 1611 4929 Myecboviensi,
1637 4845 1675 4910 et
1701 4839 1799 4911 valor

249 4964 325 5035 eius
353 4965 557 5044 aestimatur
583 4962 627 5032 ad
647 5013 788 5032 ......
816 4979 960 5032 marcas.
986 4956 1125 5031 Donata
1150 4960 1361 5031 monasterio
1387 4969 1451 5049 per
1478 4959 1799 5031 Suantboslaum

250 5086 404 5175 militem,
436 5085 588 5154 alienata
618 5078 646 5154 a'
668 5067 892 5172 monasterio,
920 5081 987 5152 sita
1014 5081 1050 5152 in
1078 5079 1228 5174 dioecesi
1260 5079 1464 5152 Gneznensi.
1490 5080 1680 5169 Asseritur,
1708 5079 1799 5170 quod

250 5205 368 5279 villam
395 5204 587 5296 praelatam
613 5223 703 5276 nunc
728 5203 836 5276 habet
859 5203 898 5273 in
925 5223 989 5274 sua
1008 5203 1230 5294 ,proprietate
1257 5201 1449 5272 Stanislans
1476 5181 1713 5291 de'Lubin,
1740 5220 1800 5290 pa-

249 5327 380 5399 latinus
406 5326 571 5399 Podoliae
598 5325 724 5398 nobilis
752 5325 794 5398 de
821 5325 923 5396 domo
950 5323 1175 5414 Powalya
1548 5308 1550 5313 ’

356 5448 536 5521 Ouenasa
564 5467 754 5538 scansion,
780 5447 864 5518 villa
881 5446 1012 5516 habens
1039 5443 1271 5534 parochialem
1298 5442 1475 5514 ecclesiam
1493 5441 1641 5513 Sanctae
1664 5441 1799 5516 Mariae
1918 5447 1922 5456 “

249 5571 403 5642 dicatam
429 5571 464 5640 in
492 5591 539 5660 se,
566 5570 662 5640 cuius
688 5568 884 5659 proprietas
910 5565 955 5636 ad
982 5565 1229 5636 monasterium
1255 5562 1524 5653 Myecboriense
1550 5565 1713 5653 pertinet.
1757 5565 1799 5636 Iu
1913 5560 1917 5569 ’

250 5713 320 5784 qua
346 5697 427 5764 sunt
452 5693 544 5763 la‘nei
571 5690 813 5778 cmetbonalcS,
841 5694 877 5758 et
904 5687 1048 5778 quilibet
1067 5686 1178 5808 solvit¹
1190 5737 1327 5775 ......
1353 5685 1436 5755 item
1462 5705 1540 5803 ova,
1566 5685 1649 5756 item
1675 5686 1801 5777 gallos,
