<?xml version="1.0" encoding="UTF-8"?>
<!DOCTYPE html PUBLIC "-//W3C//DTD XHTML 1.0 Transitional//EN"
    "http://www.w3.org/TR/xhtml1/DTD/xhtml1-transitional.dtd">
<html xmlns="http://www.w3.org/1999/xhtml" xml:lang="en" lang="en">
 <head>
  <title>
</title>
<meta http-equiv="Content-Type" content="text/html;charset=utf-8" />
  <meta name='ocr-system' content='tesseract 3.04.00' />
  <meta name='ocr-capabilities' content='ocr_page ocr_carea ocr_par ocr_line ocrx_word'/>
</head>
<body>
  <div class='ocr_page' id='page_1' title='image "./operaomnia00paulgoog_0343.png"; bbox 0 0 4492 6592; ppageno 0'>
   <div class='ocr_carea' id='block_1_1' title="bbox 503 671 577 772">
    <p class='ocr_par' dir='ltr' id='par_1_1' title="bbox 503 671 577 772">
     <span class='ocr_line' id='line_1_1' title="bbox 503 671 577 772; baseline 0.014 -1"><span class='ocrx_word' id='word_1_1' title='bbox 503 671 577 772; x_wconf 81' lang='lat' dir='ltr'>aie</span> 
     </span>
    </p>
   </div>
   <div class='ocr_carea' id='block_1_2' title="bbox 501 899 2034 996">
    <p class='ocr_par' dir='ltr' id='par_1_2' title="bbox 501 899 2034 996">
     <span class='ocr_line' id='line_1_2' title="bbox 501 899 2034 996; baseline -0.002 -19"><span class='ocrx_word' id='word_1_2' title='bbox 501 908 543 977; x_wconf 90' lang='lat' dir='ltr'>ad</span> <span class='ocrx_word' id='word_1_3' title='bbox 572 903 800 996; x_wconf 82' lang='lat' dir='ltr'>quadraginta</span> <span class='ocrx_word' id='word_1_4' title='bbox 827 923 971 974; x_wconf 89' lang='lat' dir='ltr'>marcas.</span> <span class='ocrx_word' id='word_1_5' title='bbox 1015 902 1102 973; x_wconf 83' lang='lat' dir='ltr'><strong>Item</strong></span> <span class='ocrx_word' id='word_1_6' title='bbox 1130 907 1184 972; x_wconf 91' lang='lat' dir='ltr'>est</span> <span class='ocrx_word' id='word_1_7' title='bbox 1219 901 1268 972; x_wconf 93' lang='lat' dir='ltr'>ibi</span> <span class='ocrx_word' id='word_1_8' title='bbox 1295 901 1464 991; x_wconf 88' lang='lat' dir='ltr'>optimum</span> <span class='ocrx_word' id='word_1_9' title='bbox 1491 900 1689 989; x_wconf 78' lang='lat' dir='ltr'>praedium,</span> <span class='ocrx_word' id='word_1_10' title='bbox 1725 899 1769 970; x_wconf 89' lang='lat' dir='ltr'>de</span> <span class='ocrx_word' id='word_1_11' title='bbox 1796 921 1865 989; x_wconf 92' lang='lat' dir='ltr'>quo</span> <span class='ocrx_word' id='word_1_12' title='bbox 1892 905 1929 969; x_wconf 93' lang='lat' dir='ltr'>et</span> <span class='ocrx_word' id='word_1_13' title='bbox 1953 903 2034 990; x_wconf 78' lang='lat' dir='ltr'>agris</span> 
     </span>
    </p>
   </div>
   <div class='ocr_carea' id='block_1_3' title="bbox 501 1019 2114 1118">
    <p class='ocr_par' dir='ltr' id='par_1_3' title="bbox 501 1019 2114 1118">
     <span class='ocr_line' id='line_1_3' title="bbox 501 1019 2114 1118; baseline -0.002 -22"><span class='ocrx_word' id='word_1_14' title='bbox 501 1026 719 1096; x_wconf 86' lang='lat' dir='ltr'>emethenum</span> <span class='ocrx_word' id='word_1_15' title='bbox 739 1020 984 1117; x_wconf 71' lang='lat' dir='ltr'>przyreyurtq,</span> <span class='ocrx_word' id='word_1_16' title='bbox 1012 1023 1160 1093; x_wconf 88' lang='lat' dir='ltr'>solvitur</span> <span class='ocrx_word' id='word_1_17' title='bbox 1178 1022 1312 1092; x_wconf 87' lang='lat' dir='ltr'>decima</span> <span class='ocrx_word' id='word_1_18' title='bbox 1331 1021 1739 1118; x_wconf 83' lang='lat' dir='ltr'>manipularis-eeclesiae</span> <span class='ocrx_word' id='word_1_19' title='bbox 1765 1021 1802 1090; x_wconf 92' lang='lat' dir='ltr'>in</span> <span class='ocrx_word' id='word_1_20' title='bbox 1827 1019 2036 1093; x_wconf 87' lang='lat' dir='ltr'>Szebetb·</span> <span class='ocrx_word' id='word_1_21' title='bbox 2113 1078 2114 1081; x_wconf 63' lang='lat'>,</span> 
     </span>
    </p>
   </div>
   <div class='ocr_carea' id='block_1_4' title="bbox 499 1139 2036 1234">
    <p class='ocr_par' dir='ltr' id='par_1_4' title="bbox 499 1139 2036 1234">
     <span class='ocr_line' id='line_1_4' title="bbox 499 1139 2036 1234; baseline -0.003 -18"><span class='ocrx_word' id='word_1_22' title='bbox 499 1147 562 1216; x_wconf 85' lang='lat' dir='ltr'>ka.</span> <span class='ocrx_word' id='word_1_23' title='bbox 590 1145 676 1216; x_wconf 91' lang='lat' dir='ltr'>Item</span> <span class='ocrx_word' id='word_1_24' title='bbox 704 1143 912 1233; x_wconf 90' lang='lat' dir='ltr'>notandum,</span> <span class='ocrx_word' id='word_1_25' title='bbox 940 1144 1031 1234; x_wconf 94' lang='lat' dir='ltr'>quod</span> <span class='ocrx_word' id='word_1_26' title='bbox 1058 1143 1142 1214; x_wconf 86' lang='lat' dir='ltr'>villa</span> <span class='ocrx_word' id='word_1_27' title='bbox 1168 1142 1324 1232; x_wconf 85' lang='lat' dir='ltr'>praefata</span> <span class='ocrx_word' id='word_1_28' title='bbox 1351 1163 1414 1231; x_wconf 90' lang='lat' dir='ltr'>per</span> <span class='ocrx_word' id='word_1_29' title='bbox 1440 1163 1557 1232; x_wconf 82' lang='lat' dir='ltr'>regern</span> <span class='ocrx_word' id='word_1_30' title='bbox 1585 1140 1860 1212; x_wconf 82' lang='lat' dir='ltr'>Casimirum</span> <span class='ocrx_word' id='word_1_31' title='bbox 1889 1139 2036 1212; x_wconf 89' lang='lat' dir='ltr'>Secun-</span> 
     </span>
    </p>
   </div>
   <div class='ocr_carea' id='block_1_5' title="bbox 451 1261 2114 1353">
    <p class='ocr_par' dir='ltr' id='par_1_5' title="bbox 451 1261 2114 1353">
     <span class='ocr_line' id='line_1_5' title="bbox 451 1261 2114 1353; baseline -0.002 -17"><span class='ocrx_word' id='word_1_32' title='bbox 451 1262 455 1268; x_wconf 78' lang='grc'><strong>“</strong></span> <span class='ocrx_word' id='word_1_33' title='bbox 499 1266 596 1336; x_wconf 93' lang='lat' dir='ltr'>dum</span> <span class='ocrx_word' id='word_1_34' title='bbox 625 1266 802 1336; x_wconf 87' lang='lat' dir='ltr'>abstracta</span> <span class='ocrx_word' id='word_1_35' title='bbox 828 1269 882 1334; x_wconf 91' lang='lat' dir='ltr'>est</span> <span class='ocrx_word' id='word_1_36' title='bbox 909 1284 930 1333; x_wconf 88' lang='lat' dir='ltr'>a</span> <span class='ocrx_word' id='word_1_37' title='bbox 956 1264 1171 1353; x_wconf 76' lang='lat' dir='ltr'>proprietate</span> <span class='ocrx_word' id='word_1_38' title='bbox 1198 1263 1399 1333; x_wconf 88' lang='lat' dir='ltr'>monasterii</span> <span class='ocrx_word' id='word_1_39' title='bbox 1427 1261 1546 1334; x_wconf 80' lang='lat' dir='ltr'>Sancti</span> <span class='ocrx_word' id='word_1_40' title='bbox 1573 1261 1753 1350; x_wconf 77' lang='lat' dir='ltr'>Andreae,</span> <span class='ocrx_word' id='word_1_41' title='bbox 1779 1267 1817 1332; x_wconf 90' lang='lat' dir='ltr'>et</span> <span class='ocrx_word' id='word_1_42' title='bbox 1843 1267 1961 1331; x_wconf 89' lang='lat' dir='ltr'>castro</span> <span class='ocrx_word' id='word_1_43' title='bbox 1987 1262 2036 1333; x_wconf 90' lang='lat' dir='ltr'>ad·</span> <span class='ocrx_word' id='word_1_44' title='bbox 2113 1262 2114 1283; x_wconf 65' lang='lat'>¹</span> 
     </span>
    </p>
   </div>
   <div class='ocr_carea' id='block_1_6' title="bbox 498 1372 2114 1496">
    <p class='ocr_par' dir='ltr' id='par_1_6' title="bbox 498 1372 2114 1496">
     <span class='ocr_line' id='line_1_6' title="bbox 498 1372 2114 1496; baseline -0.002 -40"><span class='ocrx_word' id='word_1_45' title='bbox 498 1388 618 1456; x_wconf 88' lang='lat' dir='ltr'>iuncta</span> <span class='ocrx_word' id='word_1_46' title='bbox 643 1385 740 1474; x_wconf 79' lang='lat' dir='ltr'>regio</span> <span class='ocrx_word' id='word_1_47' title='bbox 768 1383 1084 1470; x_wconf 87' lang='lat' dir='ltr'>Zawiobosth,</span> <span class='ocrx_word' id='word_1_48' title='bbox 1120 1384 1318 1496; x_wconf 80' lang='lat' dir='ltr'>pertinebat</span> <span class='ocrx_word' id='word_1_49' title='bbox 1344 1383 1435 1453; x_wconf 92' lang='lat' dir='ltr'>enim</span> <span class='ocrx_word' id='word_1_50' title='bbox 1462 1383 1546 1453; x_wconf 87' lang='lat' dir='ltr'>villa</span> <span class='ocrx_word' id='word_1_51' title='bbox 1572 1381 1729 1471; x_wconf 82' lang='lat' dir='ltr'>praelata</span> <span class='ocrx_word' id='word_1_52' title='bbox 1755 1381 1799 1452; x_wconf 90' lang='lat' dir='ltr'>ad</span> <span class='ocrx_word' id='word_1_53' title='bbox 1828 1381 2035 1452; x_wconf 74' lang='lat' dir='ltr'>advocatiam</span> <span class='ocrx_word' id='word_1_54' title='bbox 2113 1372 2114 1375; x_wconf 49' lang='lat'>&#39;</span> 
     </span>
    </p>
   </div>
   <div class='ocr_carea' id='block_1_7' title="bbox 2112 1450 2114 1495">
    <p class='ocr_par' dir='ltr' id='par_1_7' title="bbox 2112 1450 2114 1495">
     <span class='ocr_line' id='line_1_7' title="bbox 2112 1450 2114 1495; baseline 0 0"><span class='ocrx_word' id='word_1_55' title='bbox 2112 1450 2114 1495; x_wconf 90' lang='lat' dir='ltr'>l</span> 
     </span>
    </p>
   </div>
   <div class='ocr_carea' id='block_1_8' title="bbox 500 1501 2114 1834">
    <p class='ocr_par' dir='ltr' id='par_1_8' title="bbox 500 1501 2114 1834">
     <span class='ocr_line' id='line_1_8' title="bbox 500 1501 2036 1594; baseline -0.002 -18"><span class='ocrx_word' id='word_1_56' title='bbox 500 1505 822 1593; x_wconf 87' lang='lat' dir='ltr'>Zawichestensem,</span> <span class='ocrx_word' id='word_1_57' title='bbox 850 1505 952 1594; x_wconf 88' lang='lat' dir='ltr'>plene</span> <span class='ocrx_word' id='word_1_58' title='bbox 979 1506 1063 1591; x_wconf 89' lang='lat' dir='ltr'>iure,</span> <span class='ocrx_word' id='word_1_59' title='bbox 1091 1511 1128 1574; x_wconf 93' lang='lat' dir='ltr'>et</span> <span class='ocrx_word' id='word_1_60' title='bbox 1154 1503 1416 1574; x_wconf 84' lang='lat' dir='ltr'>Gasimirus</span> <span class='ocrx_word' id='word_1_61' title='bbox 1445 1502 1608 1574; x_wconf 75' lang='lat' dir='ltr'>Pelopiae</span> <span class='ocrx_word' id='word_1_62' title='bbox 1630 1523 1692 1572; x_wconf 90' lang='lat' dir='ltr'>rex</span> <span class='ocrx_word' id='word_1_63' title='bbox 1719 1501 1963 1572; x_wconf 80' lang='lat' dir='ltr'>Secundus</span> <span class='ocrx_word' id='word_1_64' title='bbox 1987 1503 2036 1572; x_wconf 89' lang='lat' dir='ltr'>ad·</span> 
     </span>
     <span class='ocr_line' id='line_1_9' title="bbox 500 1619 2114 1734; baseline -0.004 -37"><span class='ocrx_word' id='word_1_65' title='bbox 500 1626 669 1697; x_wconf 87' lang='lat' dir='ltr'>vocatiam</span> <span class='ocrx_word' id='word_1_66' title='bbox 689 1624 1011 1734; x_wconf 72' lang='lat' dir='ltr'>Zawichesteuqem,</span> <span class='ocrx_word' id='word_1_67' title='bbox 1039 1625 1093 1694; x_wconf 91' lang='lat' dir='ltr'>cui</span> <span class='ocrx_word' id='word_1_68' title='bbox 1113 1623 1194 1694; x_wconf 91' lang='lat' dir='ltr'>villa</span> <span class='ocrx_word' id='word_1_69' title='bbox 1213 1623 1454 1694; x_wconf 82' lang='lat' dir='ltr'>Sebetblra</span> <span class='ocrx_word' id='word_1_70' title='bbox 1480 1641 1614 1693; x_wconf 84' lang='lat' dir='ltr'>annexa</span> <span class='ocrx_word' id='word_1_71' title='bbox 1639 1627 1726 1711; x_wconf 78' lang='lat' dir='ltr'>erat,</span> <span class='ocrx_word' id='word_1_72' title='bbox 1752 1621 1846 1711; x_wconf 89' lang='lat' dir='ltr'>apud</span> <span class='ocrx_word' id='word_1_73' title='bbox 1866 1619 2036 1691; x_wconf 89' lang='lat' dir='ltr'>Petrum</span> <span class='ocrx_word' id='word_1_74' title='bbox 2113 1638 2114 1657; x_wconf 63' lang='lat'><em>³</em></span> 
     </span>
     <span class='ocr_line' id='line_1_10' title="bbox 501 1734 2114 1834; baseline -0.004 -18"><span class='ocrx_word' id='word_1_75' title='bbox 501 1748 574 1818; x_wconf 87' lang='lat' dir='ltr'>eius</span> <span class='ocrx_word' id='word_1_76' title='bbox 601 1745 835 1816; x_wconf 88' lang='lat' dir='ltr'>immediatum</span> <span class='ocrx_word' id='word_1_77' title='bbox 864 1744 1067 1814; x_wconf 90' lang='lat' dir='ltr'>advocatum</span> <span class='ocrx_word' id='word_1_78' title='bbox 1096 1749 1269 1834; x_wconf 88' lang='lat' dir='ltr'>coempta,</span> <span class='ocrx_word' id='word_1_79' title='bbox 1310 1744 1414 1814; x_wconf 90' lang='lat' dir='ltr'>etiam</span> <span class='ocrx_word' id='word_1_80' title='bbox 1440 1743 1557 1813; x_wconf 88' lang='lat' dir='ltr'>villam</span> <span class='ocrx_word' id='word_1_81' title='bbox 1584 1741 1775 1832; x_wconf 82' lang='lat' dir='ltr'>praefatam</span> <span class='ocrx_word' id='word_1_82' title='bbox 1802 1741 1925 1812; x_wconf 88' lang='lat' dir='ltr'>Sobe</span> <span class='ocrx_word' id='word_1_83' title='bbox 1938 1743 2037 1811; x_wconf 80' lang='lat' dir='ltr'>thira</span> <span class='ocrx_word' id='word_1_84' title='bbox 2113 1734 2114 1771; x_wconf 81' lang='lat'>³</span> 
     </span>
    </p>
   </div>
   <div class='ocr_carea' id='block_1_9' title="bbox 500 1853 2114 1964">
    <p class='ocr_par' dir='ltr' id='par_1_9' title="bbox 500 1853 2114 1964">
     <span class='ocr_line' id='line_1_11' title="bbox 500 1853 2114 1964; baseline -0.002 -28"><span class='ocrx_word' id='word_1_85' title='bbox 500 1868 535 1938; x_wconf 93' lang='lat' dir='ltr'>in</span> <span class='ocrx_word' id='word_1_86' title='bbox 563 1868 617 1936; x_wconf 91' lang='lat' dir='ltr'>ius</span> <span class='ocrx_word' id='word_1_87' title='bbox 644 1887 743 1939; x_wconf 89' lang='lat' dir='ltr'>snum</span> <span class='ocrx_word' id='word_1_88' title='bbox 772 1867 904 1954; x_wconf 81' lang='lat' dir='ltr'>regium</span> <span class='ocrx_word' id='word_1_89' title='bbox 931 1870 967 1935; x_wconf 91' lang='lat' dir='ltr'>et</span> <span class='ocrx_word' id='word_1_90' title='bbox 994 1865 1240 1954; x_wconf 86' lang='lat' dir='ltr'>proprietatem</span> <span class='ocrx_word' id='word_1_91' title='bbox 1267 1865 1387 1952; x_wconf 85' lang='lat' dir='ltr'>traxit,</span> <span class='ocrx_word' id='word_1_92' title='bbox 1414 1870 1449 1935; x_wconf 91' lang='lat' dir='ltr'>et</span> <span class='ocrx_word' id='word_1_93' title='bbox 1476 1883 1518 1934; x_wconf 85' lang='lat' dir='ltr'>ex</span> <span class='ocrx_word' id='word_1_94' title='bbox 1538 1884 1591 1964; x_wconf 32' lang='lat' dir='ltr'>eo·</span> <span class='ocrx_word' id='word_1_95' title='bbox 1605 1869 1760 1953; x_wconf 89' lang='lat' dir='ltr'>tempore</span> <span class='ocrx_word' id='word_1_96' title='bbox 1787 1868 1826 1932; x_wconf 90' lang='lat' dir='ltr'>et</span> <span class='ocrx_word' id='word_1_97' title='bbox 1853 1853 2037 1934; x_wconf 80' lang='lat' dir='ltr'>molendina</span> <span class='ocrx_word' id='word_1_98' title='bbox 2113 1854 2114 1901; x_wconf 62' lang='lat' dir='ltr'>l</span> 
     </span>
    </p>
   </div>
   <div class='ocr_carea' id='block_1_10' title="bbox 501 1983 2114 2687">
    <p class='ocr_par' dir='ltr' id='par_1_10' title="bbox 501 1983 2114 2323">
     <span class='ocr_line' id='line_1_12' title="bbox 501 1983 2114 2077; baseline -0.002 -20"><span class='ocrx_word' id='word_1_99' title='bbox 501 1993 537 2057; x_wconf 90' lang='lat' dir='ltr'>et</span> <span class='ocrx_word' id='word_1_100' title='bbox 561 1987 705 2056; x_wconf 85' lang='lat' dir='ltr'>macella</span> <span class='ocrx_word' id='word_1_101' title='bbox 731 1985 1034 2074; x_wconf 85' lang='lat' dir='ltr'>Zawiohostensia,</span> <span class='ocrx_word' id='word_1_102' title='bbox 1060 1991 1095 2056; x_wconf 92' lang='lat' dir='ltr'>et</span> <span class='ocrx_word' id='word_1_103' title='bbox 1121 1985 1238 2056; x_wconf 88' lang='lat' dir='ltr'>villam</span> <span class='ocrx_word' id='word_1_104' title='bbox 1266 1984 1569 2074; x_wconf 88' lang='lat' dir='ltr'>Sebethkam,</span> <span class='ocrx_word' id='word_1_105' title='bbox 1610 1990 1646 2055; x_wconf 92' lang='lat' dir='ltr'>et</span> <span class='ocrx_word' id='word_1_106' title='bbox 1672 1985 1742 2055; x_wconf 89' lang='lat' dir='ltr'>alia</span> <span class='ocrx_word' id='word_1_107' title='bbox 1767 1985 1846 2054; x_wconf 89' lang='lat' dir='ltr'>iura</span> <span class='ocrx_word' id='word_1_108' title='bbox 1874 1983 1919 2053; x_wconf 91' lang='lat' dir='ltr'>ad</span> <span class='ocrx_word' id='word_1_109' title='bbox 1945 1983 2037 2054; x_wconf 84' lang='lat' dir='ltr'>adro</span> <span class='ocrx_word' id='word_1_110' title='bbox 2113 1994 2114 2077; x_wconf 68' lang='lat' dir='ltr'><strong>j</strong></span> 
     </span>
     <span class='ocr_line' id='line_1_13' title="bbox 503 2102 2036 2195; baseline -0.002 -18"><span class='ocrx_word' id='word_1_111' title='bbox 503 2113 615 2177; x_wconf 80' lang='lat' dir='ltr'>catum</span> <span class='ocrx_word' id='word_1_112' title='bbox 643 2106 953 2178; x_wconf 88' lang='lat' dir='ltr'>Zawiohostensem</span> <span class='ocrx_word' id='word_1_113' title='bbox 981 2106 1212 2195; x_wconf 84' lang='lat' dir='ltr'>pertinentia,</span> <span class='ocrx_word' id='word_1_114' title='bbox 1239 2107 1354 2195; x_wconf 90' lang='lat' dir='ltr'>coepit</span> <span class='ocrx_word' id='word_1_115' title='bbox 1380 2126 1441 2176; x_wconf 85' lang='lat' dir='ltr'>rex</span> <span class='ocrx_word' id='word_1_116' title='bbox 1468 2105 1634 2176; x_wconf 90' lang='lat' dir='ltr'>Poloniae</span> <span class='ocrx_word' id='word_1_117' title='bbox 1661 2104 1852 2195; x_wconf 89' lang='lat' dir='ltr'>possidere.</span> <span class='ocrx_word' id='word_1_118' title='bbox 1892 2102 2036 2174; x_wconf 80' lang='lat' dir='ltr'>Confluat</span> 
     </span>
     <span class='ocr_line' id='line_1_14' title="bbox 502 2225 2009 2316; baseline -0.002 -18"><span class='ocrx_word' id='word_1_119' title='bbox 502 2247 578 2298; x_wconf 90' lang='lat' dir='ltr'>cum</span> <span class='ocrx_word' id='word_1_120' title='bbox 607 2227 698 2298; x_wconf 87' lang='lat' dir='ltr'>villis</span> <span class='ocrx_word' id='word_1_121' title='bbox 724 2226 898 2316; x_wconf 90' lang='lat' dir='ltr'>Pisari,</span> <span class='ocrx_word' id='word_1_122' title='bbox 930 2227 1145 2315; x_wconf 80' lang='lat' dir='ltr'>Lulrawa,</span> <span class='ocrx_word' id='word_1_123' title='bbox 1173 2225 1386 2316; x_wconf 83' lang='lat' dir='ltr'>Garbow,</span> <span class='ocrx_word' id='word_1_124' title='bbox 1413 2225 1637 2316; x_wconf 82' lang='lat' dir='ltr'>Oziszow,</span> <span class='ocrx_word' id='word_1_125' title='bbox 1663 2225 2009 2311; x_wconf 77' lang='lat' dir='ltr'>Zawichosth..</span> 
     </span>
    </p>

    <p class='ocr_par' dir='ltr' id='par_1_11' title="bbox 501 2345 2114 2687">
     <span class='ocr_line' id='line_1_15' title="bbox 605 2345 2114 2437; baseline -0.001 -21"><span class='ocrx_word' id='word_1_126' title='bbox 605 2345 905 2436; x_wconf 79' lang='lat' dir='ltr'>Wrnzewruozn,</span> <span class='ocrx_word' id='word_1_127' title='bbox 932 2348 1015 2418; x_wconf 86' lang='lat' dir='ltr'>villa</span> <span class='ocrx_word' id='word_1_128' title='bbox 1033 2348 1164 2432; x_wconf 83' lang='lat' dir='ltr'>habens</span> <span class='ocrx_word' id='word_1_129' title='bbox 1182 2349 1217 2418; x_wconf 91' lang='lat' dir='ltr'>in</span> <span class='ocrx_word' id='word_1_130' title='bbox 1238 2369 1275 2418; x_wconf 90' lang='lat' dir='ltr'>se</span> <span class='ocrx_word' id='word_1_131' title='bbox 1293 2348 1472 2418; x_wconf 88' lang='lat' dir='ltr'>ecclesiam</span> <span class='ocrx_word' id='word_1_132' title='bbox 1490 2346 1723 2437; x_wconf 78' lang='lat' dir='ltr'>parochialem</span> <span class='ocrx_word' id='word_1_133' title='bbox 1750 2345 1914 2435; x_wconf 77' lang='lat' dir='ltr'>ligneam,</span> <span class='ocrx_word' id='word_1_134' title='bbox 1940 2365 2033 2435; x_wconf 86' lang='lat' dir='ltr'>prope</span> <span class='ocrx_word' id='word_1_135' title='bbox 2113 2362 2114 2373; x_wconf 58' lang='lat'>¹</span> 
     </span>
     <span class='ocr_line' id='line_1_16' title="bbox 501 2466 2114 2563; baseline -0.002 -25"><span class='ocrx_word' id='word_1_136' title='bbox 501 2467 907 2558; x_wconf 85' lang='lat' dir='ltr'>Keprzywniczam</span> <span class='ocrx_word' id='word_1_137' title='bbox 934 2475 970 2539; x_wconf 91' lang='lat' dir='ltr'>et</span> <span class='ocrx_word' id='word_1_138' title='bbox 996 2467 1174 2558; x_wconf 88' lang='lat' dir='ltr'>Ossyek</span> <span class='ocrx_word' id='word_1_139' title='bbox 1202 2469 1288 2557; x_wconf 87' lang='lat' dir='ltr'>sita,</span> <span class='ocrx_word' id='word_1_140' title='bbox 1325 2487 1425 2558; x_wconf 90' lang='lat' dir='ltr'>quam</span> <span class='ocrx_word' id='word_1_141' title='bbox 1452 2468 1488 2537; x_wconf 89' lang='lat' dir='ltr'>iu</span> <span class='ocrx_word' id='word_1_142' title='bbox 1515 2467 1717 2538; x_wconf 75' lang='lat' dir='ltr'>fundatione</span> <span class='ocrx_word' id='word_1_143' title='bbox 1754 2466 1906 2536; x_wconf 82' lang='lat' dir='ltr'>contulit</span> <span class='ocrx_word' id='word_1_144' title='bbox 1932 2487 2034 2535; x_wconf 90' lang='lat' dir='ltr'>mom-</span> <span class='ocrx_word' id='word_1_145' title='bbox 2113 2494 2114 2563; x_wconf 49' lang='lat'><em>3</em></span> 
     </span>
     <span class='ocr_line' id='line_1_17' title="bbox 501 2587 2035 2687; baseline -0.001 -29"><span class='ocrx_word' id='word_1_146' title='bbox 501 2589 609 2659; x_wconf 86' lang='lat' dir='ltr'>sterio</span> <span class='ocrx_word' id='word_1_147' title='bbox 636 2587 908 2687; x_wconf 80' lang='lat' dir='ltr'>Zawichostensi</span> <span class='ocrx_word' id='word_1_148' title='bbox 936 2588 1184 2659; x_wconf 89' lang='lat' dir='ltr'>Belcslaus</span> <span class='ocrx_word' id='word_1_149' title='bbox 1211 2588 1414 2660; x_wconf 87' lang='lat' dir='ltr'>Pudicus</span> <span class='ocrx_word' id='word_1_150' title='bbox 1442 2589 1512 2659; x_wconf 84' lang='lat' dir='ltr'>dux</span> <span class='ocrx_word' id='word_1_151' title='bbox 1539 2587 1600 2660; x_wconf 89' lang='lat' dir='ltr'>sed</span> <span class='ocrx_word' id='word_1_152' title='bbox 1619 2587 1745 2674; x_wconf 72' lang='lat' dir='ltr'>nosue,</span> <span class='ocrx_word' id='word_1_153' title='bbox 1772 2607 1843 2676; x_wconf 87' lang='lat' dir='ltr'>qua</span> <span class='ocrx_word' id='word_1_154' title='bbox 1871 2587 2035 2656; x_wconf 80' lang='lat' dir='ltr'>occasione</span> 
     </span>
    </p>
   </div>
   <div class='ocr_carea' id='block_1_11' title="bbox 501 2701 2036 2919">
    <p class='ocr_par' dir='ltr' id='par_1_12' title="bbox 501 2701 2036 2919">
     <span class='ocr_line' id='line_1_18' title="bbox 501 2701 2036 2799; baseline -0.003 -19"><span class='ocrx_word' id='word_1_155' title='bbox 501 2710 679 2780; x_wconf 89' lang='lat' dir='ltr'>abstracta</span> <span class='ocrx_word' id='word_1_156' title='bbox 705 2716 760 2780; x_wconf 90' lang='lat' dir='ltr'>est</span> <span class='ocrx_word' id='word_1_157' title='bbox 786 2730 807 2779; x_wconf 87' lang='lat' dir='ltr'>a</span> <span class='ocrx_word' id='word_1_158' title='bbox 834 2709 1049 2798; x_wconf 85' lang='lat' dir='ltr'>proprietate</span> <span class='ocrx_word' id='word_1_159' title='bbox 1075 2710 1296 2798; x_wconf 88' lang='lat' dir='ltr'>monasterii,</span> <span class='ocrx_word' id='word_1_160' title='bbox 1322 2715 1359 2780; x_wconf 93' lang='lat' dir='ltr'>et</span> <span class='ocrx_word' id='word_1_161' title='bbox 1384 2709 1538 2799; x_wconf 87' lang='lat' dir='ltr'>pertinet</span> <span class='ocrx_word' id='word_1_162' title='bbox 1563 2727 1653 2778; x_wconf 78' lang='lat' dir='ltr'>manc</span> <span class='ocrx_word' id='word_1_163' title='bbox 1679 2701 1755 2777; x_wconf 86' lang='lat' dir='ltr'>eius</span> <span class='ocrx_word' id='word_1_164' title='bbox 1780 2707 1976 2796; x_wconf 78' lang='lat' dir='ltr'>proprietas</span> <span class='ocrx_word' id='word_1_165' title='bbox 1999 2707 2036 2776; x_wconf 86' lang='lat' dir='ltr'>ad</span> 
     </span>
     <span class='ocr_line' id='line_1_19' title="bbox 502 2827 1105 2919; baseline 0 -21"><span class='ocrx_word' id='word_1_166' title='bbox 502 2829 758 2900; x_wconf 89' lang='lat' dir='ltr'>serenissimum</span> <span class='ocrx_word' id='word_1_167' title='bbox 787 2827 951 2900; x_wconf 85' lang='lat' dir='ltr'>Poloniae</span> <span class='ocrx_word' id='word_1_168' title='bbox 978 2844 1105 2919; x_wconf 79' lang='lat' dir='ltr'>regem.</span> 
     </span>
    </p>
   </div>
   <div class='ocr_carea' id='block_1_12' title="bbox 437 2947 2114 3280">
    <p class='ocr_par' dir='ltr' id='par_1_13' title="bbox 437 2947 2114 3280">
     <span class='ocr_line' id='line_1_20' title="bbox 437 2947 2114 3048; baseline -0.004 -27"><span class='ocrx_word' id='word_1_169' title='bbox 437 3042 441 3048; x_wconf 27' lang='grc' dir='ltr'>Ι</span> <span class='ocrx_word' id='word_1_170' title='bbox 605 2947 891 3038; x_wconf 82' lang='lat' dir='ltr'>Ononrnwrezn,</span> <span class='ocrx_word' id='word_1_171' title='bbox 927 2949 1011 3020; x_wconf 85' lang='lat' dir='ltr'>villa</span> <span class='ocrx_word' id='word_1_172' title='bbox 1034 2950 1098 3021; x_wconf 88' lang='lat' dir='ltr'>sub</span> <span class='ocrx_word' id='word_1_173' title='bbox 1125 2949 1291 3040; x_wconf 88' lang='lat' dir='ltr'>parochia</span> <span class='ocrx_word' id='word_1_174' title='bbox 1317 2948 1360 3019; x_wconf 92' lang='lat' dir='ltr'>de</span> <span class='ocrx_word' id='word_1_175' title='bbox 1387 2947 1433 3018; x_wconf 83' lang='lat' dir='ltr'><strong>W</strong></span> <span class='ocrx_word' id='word_1_176' title='bbox 1442 2948 1794 3039; x_wconf 86' lang='lat' dir='ltr'>yanszownicza</span> <span class='ocrx_word' id='word_1_177' title='bbox 1830 2947 1918 3033; x_wconf 90' lang='lat' dir='ltr'>sita,</span> <span class='ocrx_word' id='word_1_178' title='bbox 1952 2947 2034 3018; x_wconf 90' lang='lat' dir='ltr'>cuins</span> <span class='ocrx_word' id='word_1_179' title='bbox 2113 3040 2114 3043; x_wconf 4' lang='grc' dir='ltr'><strong>Ἴ</strong></span> 
     </span>
     <span class='ocr_line' id='line_1_21' title="bbox 500 3067 2114 3181; baseline -0.004 -40"><span class='ocrx_word' id='word_1_180' title='bbox 500 3070 697 3159; x_wconf 83' lang='lat' dir='ltr'>proprietas</span> <span class='ocrx_word' id='word_1_181' title='bbox 725 3069 767 3139; x_wconf 90' lang='lat' dir='ltr'>ad</span> <span class='ocrx_word' id='word_1_182' title='bbox 795 3069 1041 3142; x_wconf 88' lang='lat' dir='ltr'>monasterium</span> <span class='ocrx_word' id='word_1_183' title='bbox 1067 3069 1375 3168; x_wconf 85' lang='lat' dir='ltr'>sanctimonialium</span> <span class='ocrx_word' id='word_1_184' title='bbox 1403 3068 1521 3140; x_wconf 88' lang='lat' dir='ltr'>Sancti</span> <span class='ocrx_word' id='word_1_185' title='bbox 1548 3068 1711 3139; x_wconf 86' lang='lat' dir='ltr'>Andreae</span> <span class='ocrx_word' id='word_1_186' title='bbox 1736 3069 1900 3176; x_wconf 82' lang='lat' dir='ltr'>pertinet.</span> <span class='ocrx_word' id='word_1_187' title='bbox 1927 3067 1963 3137; x_wconf 93' lang='lat' dir='ltr'>lu</span> <span class='ocrx_word' id='word_1_188' title='bbox 1980 3087 2034 3155; x_wconf 89' lang='lat' dir='ltr'>qua</span> <span class='ocrx_word' id='word_1_189' title='bbox 2113 3120 2114 3181; x_wconf 78' lang='lat'>3</span> 
     </span>
     <span class='ocr_line' id='line_1_22' title="bbox 501 3187 2114 3280; baseline -0.002 -20"><span class='ocrx_word' id='word_1_190' title='bbox 501 3211 569 3260; x_wconf 89' lang='lat' dir='ltr'>nen</span> <span class='ocrx_word' id='word_1_191' title='bbox 597 3196 678 3260; x_wconf 90' lang='lat' dir='ltr'>sunt</span> <span class='ocrx_word' id='word_1_192' title='bbox 705 3190 809 3279; x_wconf 87' lang='lat' dir='ltr'>aliqui</span> <span class='ocrx_word' id='word_1_193' title='bbox 836 3191 926 3261; x_wconf 90' lang='lat' dir='ltr'>lanei</span> <span class='ocrx_word' id='word_1_194' title='bbox 955 3191 1207 3280; x_wconf 88' lang='lat' dir='ltr'>emetheuales,</span> <span class='ocrx_word' id='word_1_195' title='bbox 1234 3190 1295 3261; x_wconf 91' lang='lat' dir='ltr'>sed</span> <span class='ocrx_word' id='word_1_196' title='bbox 1321 3189 1560 3262; x_wconf 88' lang='lat' dir='ltr'>tantummodo</span> <span class='ocrx_word' id='word_1_197' title='bbox 1587 3209 1648 3260; x_wconf 82' lang='lat' dir='ltr'>ser</span> <span class='ocrx_word' id='word_1_198' title='bbox 1675 3187 1895 3260; x_wconf 89' lang='lat' dir='ltr'>hortulaniae</span> <span class='ocrx_word' id='word_1_199' title='bbox 1922 3189 2033 3258; x_wconf 88' lang='lat' dir='ltr'>haben-</span> <span class='ocrx_word' id='word_1_200' title='bbox 2113 3194 2114 3201; x_wconf 78' lang='grc'>’</span> 
     </span>
    </p>
   </div>
   <div class='ocr_carea' id='block_1_13' title="bbox 499 3307 2034 3895">
    <p class='ocr_par' dir='ltr' id='par_1_14' title="bbox 499 3307 2034 3895">
     <span class='ocr_line' id='line_1_23' title="bbox 501 3307 2034 3400; baseline -0.002 -21"><span class='ocrx_word' id='word_1_201' title='bbox 501 3315 555 3379; x_wconf 88' lang='lat' dir='ltr'>tes</span> <span class='ocrx_word' id='word_1_202' title='bbox 583 3329 695 3398; x_wconf 87' lang='lat' dir='ltr'>agros,</span> <span class='ocrx_word' id='word_1_203' title='bbox 722 3316 758 3381; x_wconf 93' lang='lat' dir='ltr'>et</span> <span class='ocrx_word' id='word_1_204' title='bbox 786 3311 959 3400; x_wconf 87' lang='lat' dir='ltr'>quaelibet</span> <span class='ocrx_word' id='word_1_205' title='bbox 987 3311 1091 3381; x_wconf 86' lang='lat' dir='ltr'>solvit</span> <span class='ocrx_word' id='word_1_206' title='bbox 1117 3332 1176 3381; x_wconf 89' lang='lat' dir='ltr'>sex</span> <span class='ocrx_word' id='word_1_207' title='bbox 1205 3332 1346 3400; x_wconf 83' lang='lat' dir='ltr'>grossos</span> <span class='ocrx_word' id='word_1_208' title='bbox 1373 3331 1437 3400; x_wconf 86' lang='lat' dir='ltr'>pro</span> <span class='ocrx_word' id='word_1_209' title='bbox 1465 3331 1577 3382; x_wconf 90' lang='lat' dir='ltr'>censu.</span> <span class='ocrx_word' id='word_1_210' title='bbox 1617 3310 1705 3380; x_wconf 90' lang='lat' dir='ltr'>Item</span> <span class='ocrx_word' id='word_1_211' title='bbox 1732 3329 1801 3380; x_wconf 89' lang='lat' dir='ltr'>non</span> <span class='ocrx_word' id='word_1_212' title='bbox 1827 3307 1959 3380; x_wconf 85' lang='lat' dir='ltr'>iaciunt</span> <span class='ocrx_word' id='word_1_213' title='bbox 1982 3308 2034 3377; x_wconf 91' lang='lat' dir='ltr'>ali-</span> 
     </span>
     <span class='ocr_line' id='line_1_24' title="bbox 502 3429 2033 3521; baseline -0.001 -22"><span class='ocrx_word' id='word_1_214' title='bbox 502 3449 588 3519; x_wconf 90' lang='lat' dir='ltr'>quos</span> <span class='ocrx_word' id='word_1_215' title='bbox 616 3429 753 3500; x_wconf 87' lang='lat' dir='ltr'>labores</span> <span class='ocrx_word' id='word_1_216' title='bbox 780 3431 814 3500; x_wconf 92' lang='lat' dir='ltr'>in</span> <span class='ocrx_word' id='word_1_217' title='bbox 843 3451 942 3521; x_wconf 89' lang='lat' dir='ltr'>anno,</span> <span class='ocrx_word' id='word_1_218' title='bbox 970 3437 1030 3502; x_wconf 91' lang='lat' dir='ltr'>aut</span> <span class='ocrx_word' id='word_1_219' title='bbox 1057 3431 1259 3520; x_wconf 87' lang='lat' dir='ltr'>septimana.</span> <span class='ocrx_word' id='word_1_220' title='bbox 1305 3431 1390 3502; x_wconf 91' lang='lat' dir='ltr'>Item</span> <span class='ocrx_word' id='word_1_221' title='bbox 1419 3430 1725 3502; x_wconf 84' lang='lat' dir='ltr'>omueslaberaut</span> <span class='ocrx_word' id='word_1_222' title='bbox 1751 3438 1825 3499; x_wconf 92' lang='lat' dir='ltr'>tres</span> <span class='ocrx_word' id='word_1_223' title='bbox 1854 3431 1890 3498; x_wconf 92' lang='lat' dir='ltr'>in</span> <span class='ocrx_word' id='word_1_224' title='bbox 1917 3435 2033 3500; x_wconf 79' lang='lat' dir='ltr'>aestate</span> 
     </span>
     <span class='ocr_line' id='line_1_25' title="bbox 501 3547 2033 3639; baseline -0.001 -22"><span class='ocrx_word' id='word_1_225' title='bbox 501 3547 637 3618; x_wconf 91' lang='lat' dir='ltr'>diesin</span> <span class='ocrx_word' id='word_1_226' title='bbox 665 3547 775 3618; x_wconf 86' lang='lat' dir='ltr'>foeno.</span> <span class='ocrx_word' id='word_1_227' title='bbox 803 3547 889 3619; x_wconf 87' lang='lat' dir='ltr'>Item</span> <span class='ocrx_word' id='word_1_228' title='bbox 917 3555 970 3620; x_wconf 88' lang='lat' dir='ltr'>est</span> <span class='ocrx_word' id='word_1_229' title='bbox 998 3569 1066 3620; x_wconf 93' lang='lat' dir='ltr'>una</span> <span class='ocrx_word' id='word_1_230' title='bbox 1091 3551 1238 3621; x_wconf 88' lang='lat' dir='ltr'>taberna</span> <span class='ocrx_word' id='word_1_231' title='bbox 1264 3550 1396 3620; x_wconf 90' lang='lat' dir='ltr'>habens</span> <span class='ocrx_word' id='word_1_232' title='bbox 1424 3569 1545 3639; x_wconf 86' lang='lat' dir='ltr'>agros,</span> <span class='ocrx_word' id='word_1_233' title='bbox 1574 3569 1661 3639; x_wconf 90' lang='lat' dir='ltr'>quae</span> <span class='ocrx_word' id='word_1_234' title='bbox 1688 3548 1925 3621; x_wconf 79' lang='lat' dir='ltr'>solviturum</span> <span class='ocrx_word' id='word_1_235' title='bbox 1950 3567 2033 3617; x_wconf 85' lang='lat' dir='ltr'>sexa·</span> 
     </span>
     <span class='ocr_line' id='line_1_26' title="bbox 499 3665 2031 3759; baseline -0.001 -21"><span class='ocrx_word' id='word_1_236' title='bbox 499 3686 623 3758; x_wconf 75' lang='lat' dir='ltr'>genam</span> <span class='ocrx_word' id='word_1_237' title='bbox 651 3669 861 3740; x_wconf 86' lang='lat' dir='ltr'>monasterio</span> <span class='ocrx_word' id='word_1_238' title='bbox 889 3691 952 3759; x_wconf 94' lang='lat' dir='ltr'>pro</span> <span class='ocrx_word' id='word_1_239' title='bbox 980 3691 1094 3741; x_wconf 90' lang='lat' dir='ltr'>ceusu.</span> <span class='ocrx_word' id='word_1_240' title='bbox 1120 3670 1208 3741; x_wconf 91' lang='lat' dir='ltr'>ltem</span> <span class='ocrx_word' id='word_1_241' title='bbox 1237 3691 1341 3741; x_wconf 86' lang='lat' dir='ltr'>unum</span> <span class='ocrx_word' id='word_1_242' title='bbox 1359 3669 1593 3741; x_wconf 87' lang='lat' dir='ltr'>molendinum</span> <span class='ocrx_word' id='word_1_243' title='bbox 1621 3671 1656 3740; x_wconf 90' lang='lat' dir='ltr'>iu</span> <span class='ocrx_word' id='word_1_244' title='bbox 1683 3669 1822 3740; x_wconf 85' lang='lat' dir='ltr'>flumine</span> <span class='ocrx_word' id='word_1_245' title='bbox 1842 3725 1850 3738; x_wconf 92' lang='lat'>.</span> <span class='ocrx_word' id='word_1_246' title='bbox 1870 3725 1877 3737; x_wconf 95' lang='lat'><em>.</em></span> <span class='ocrx_word' id='word_1_247' title='bbox 1897 3725 1929 3757; x_wconf 92' lang='lat'>.,</span> <span class='ocrx_word' id='word_1_248' title='bbox 1954 3665 2031 3757; x_wconf 89' lang='lat' dir='ltr'>qood</span> 
     </span>
     <span class='ocr_line' id='line_1_27' title="bbox 499 3789 2026 3895; baseline -0.001 -37"><span class='ocrx_word' id='word_1_249' title='bbox 499 3789 604 3860; x_wconf 89' lang='lat' dir='ltr'>solvit</span> <span class='ocrx_word' id='word_1_250' title='bbox 639 3809 703 3878; x_wconf 89' lang='lat' dir='ltr'>pre</span> <span class='ocrx_word' id='word_1_251' title='bbox 730 3809 835 3861; x_wconf 90' lang='lat' dir='ltr'>censu</span> <span class='ocrx_word' id='word_1_252' title='bbox 862 3791 1074 3895; x_wconf 79' lang='lat' dir='ltr'>monasterio</span> <span class='ocrx_word' id='word_1_253' title='bbox 1102 3809 1204 3862; x_wconf 89' lang='lat' dir='ltr'>unam</span> <span class='ocrx_word' id='word_1_254' title='bbox 1232 3811 1457 3882; x_wconf 79' lang='lat' dir='ltr'>sexagenum,</span> <span class='ocrx_word' id='word_1_255' title='bbox 1485 3791 1590 3861; x_wconf 89' lang='lat' dir='ltr'>babet</span> <span class='ocrx_word' id='word_1_256' title='bbox 1616 3789 1708 3860; x_wconf 87' lang='lat' dir='ltr'>enim</span> <span class='ocrx_word' id='word_1_257' title='bbox 1736 3809 1843 3878; x_wconf 79' lang='lat' dir='ltr'>agros</span> <span class='ocrx_word' id='word_1_258' title='bbox 1871 3795 1906 3860; x_wconf 91' lang='lat' dir='ltr'>et</span> <span class='ocrx_word' id='word_1_259' title='bbox 1928 3794 2026 3878; x_wconf 86' lang='lat' dir='ltr'>prata</span> 
     </span>
    </p>
   </div>
   <div class='ocr_carea' id='block_1_14' title="bbox 500 3907 2114 4004">
    <p class='ocr_par' dir='ltr' id='par_1_15' title="bbox 500 3907 2114 4004">
     <span class='ocr_line' id='line_1_28' title="bbox 500 3907 2114 4004; baseline -0.002 -24"><span class='ocrx_word' id='word_1_260' title='bbox 500 3909 587 3980; x_wconf 90' lang='lat' dir='ltr'>Item</span> <span class='ocrx_word' id='word_1_261' title='bbox 615 3930 683 3979; x_wconf 92' lang='lat' dir='ltr'>nen</span> <span class='ocrx_word' id='word_1_262' title='bbox 710 3917 764 3982; x_wconf 91' lang='lat' dir='ltr'>est</span> <span class='ocrx_word' id='word_1_263' title='bbox 790 3911 838 3981; x_wconf 94' lang='lat' dir='ltr'>ibi</span> <span class='ocrx_word' id='word_1_264' title='bbox 866 3911 1004 4004; x_wconf 88' lang='lat' dir='ltr'>aliquod</span> <span class='ocrx_word' id='word_1_265' title='bbox 1033 3912 1212 4002; x_wconf 92' lang='lat' dir='ltr'>praedium</span> <span class='ocrx_word' id='word_1_266' title='bbox 1240 3911 1447 3982; x_wconf 88' lang='lat' dir='ltr'>coenobiale.</span> <span class='ocrx_word' id='word_1_267' title='bbox 1482 3909 1570 3981; x_wconf 90' lang='lat' dir='ltr'>Item</span> <span class='ocrx_word' id='word_1_268' title='bbox 1598 3930 1716 3981; x_wconf 88' lang='lat' dir='ltr'>omues</span> <span class='ocrx_word' id='word_1_269' title='bbox 1743 3911 1819 3999; x_wconf 79' lang='lat' dir='ltr'>agri</span> <span class='ocrx_word' id='word_1_270' title='bbox 1849 3910 1949 3981; x_wconf 83' lang='lat' dir='ltr'>villae</span> <span class='ocrx_word' id='word_1_271' title='bbox 1972 3907 2028 3978; x_wconf 91' lang='lat' dir='ltr'>sel·</span> <span class='ocrx_word' id='word_1_272' title='bbox 2107 3955 2114 3966; x_wconf 82' lang='lat'>.</span> 
     </span>
    </p>
   </div>
   <div class='ocr_carea' id='block_1_15' title="bbox 391 4028 2029 5448">
    <p class='ocr_par' dir='ltr' id='par_1_16' title="bbox 500 4028 2029 4222">
     <span class='ocr_line' id='line_1_29' title="bbox 500 4028 2029 4122; baseline -0.001 -23"><span class='ocrx_word' id='word_1_273' title='bbox 500 4036 588 4100; x_wconf 85' lang='lat' dir='ltr'>runt</span> <span class='ocrx_word' id='word_1_274' title='bbox 614 4028 790 4101; x_wconf 88' lang='lat' dir='ltr'>decimam.</span> <span class='ocrx_word' id='word_1_275' title='bbox 826 4030 987 4103; x_wconf 85' lang='lat' dir='ltr'>Oonflnat</span> <span class='ocrx_word' id='word_1_276' title='bbox 1014 4051 1090 4102; x_wconf 93' lang='lat' dir='ltr'>cum</span> <span class='ocrx_word' id='word_1_277' title='bbox 1133 4031 1556 4122; x_wconf 87' lang='lat' dir='ltr'>Wyanszownicza,</span> <span class='ocrx_word' id='word_1_278' title='bbox 1597 4029 2029 4120; x_wconf 87' lang='lat' dir='ltr'>Weyczecbewicze,</span> 
     </span>
     <span class='ocr_line' id='line_1_30' title="bbox 501 4147 1887 4222; baseline 0.004 -3"><span class='ocrx_word' id='word_1_279' title='bbox 501 4147 812 4222; x_wconf 86' lang='lat' dir='ltr'>Nawodaicze.</span> <span class='ocrx_word' id='word_1_280' title='bbox 1884 4169 1887 4173; x_wconf 79' lang='grc'>’</span> 
     </span>
    </p>

    <p class='ocr_par' dir='ltr' id='par_1_17' title="bbox 391 4261 2029 5448">
     <span class='ocr_line' id='line_1_31' title="bbox 493 4261 2029 4376; baseline 0 -40"><span class='ocrx_word' id='word_1_281' title='bbox 493 4321 500 4334; x_wconf 73' lang='grc'>,</span> <span class='ocrx_word' id='word_1_282' title='bbox 605 4270 889 4362; x_wconf 84' lang='lat' dir='ltr'>Pnznszworrn,</span> <span class='ocrx_word' id='word_1_283' title='bbox 930 4273 1012 4356; x_wconf 86' lang='lat' dir='ltr'>villa</span> <span class='ocrx_word' id='word_1_284' title='bbox 1039 4273 1103 4344; x_wconf 91' lang='lat' dir='ltr'>sub</span> <span class='ocrx_word' id='word_1_285' title='bbox 1131 4273 1297 4376; x_wconf 81' lang='lat' dir='ltr'>parocbia</span> <span class='ocrx_word' id='word_1_286' title='bbox 1323 4273 1488 4344; x_wconf 89' lang='lat' dir='ltr'>ecclesiae</span> <span class='ocrx_word' id='word_1_287' title='bbox 1515 4273 1559 4344; x_wconf 94' lang='lat' dir='ltr'>de</span> <span class='ocrx_word' id='word_1_288' title='bbox 1585 4272 1609 4343; x_wconf 86' lang='lat' dir='ltr'>J</span> <span class='ocrx_word' id='word_1_289' title='bbox 1617 4273 1885 4343; x_wconf 82' lang='lat' dir='ltr'>anlrowicze</span> <span class='ocrx_word' id='word_1_290' title='bbox 1918 4261 2029 4341; x_wconf 79' lang='lat' dir='ltr'>sitast</span> 
     </span>
     <span class='ocr_line' id='line_1_32' title="bbox 500 4383 2028 4484; baseline -0.001 -25"><span class='ocrx_word' id='word_1_291' title='bbox 500 4411 564 4479; x_wconf 89' lang='lat' dir='ltr'>per</span> <span class='ocrx_word' id='word_1_292' title='bbox 590 4383 853 4464; x_wconf 87' lang='lat' dir='ltr'>Boleslaum</span> <span class='ocrx_word' id='word_1_293' title='bbox 881 4393 1099 4466; x_wconf 87' lang='lat' dir='ltr'>Pudicam</span> <span class='ocrx_word' id='word_1_294' title='bbox 1128 4392 1248 4465; x_wconf 88' lang='lat' dir='ltr'>ducem</span> <span class='ocrx_word' id='word_1_295' title='bbox 1276 4400 1314 4465; x_wconf 91' lang='lat' dir='ltr'>et</span> <span class='ocrx_word' id='word_1_296' title='bbox 1340 4395 1561 4464; x_wconf 86' lang='lat' dir='ltr'>monarcham</span> <span class='ocrx_word' id='word_1_297' title='bbox 1593 4395 1692 4484; x_wconf 87' lang='lat' dir='ltr'>regni</span> <span class='ocrx_word' id='word_1_298' title='bbox 1719 4386 1885 4464; x_wconf 84' lang='lat' dir='ltr'>Poloniae</span> <span class='ocrx_word' id='word_1_299' title='bbox 1910 4393 1942 4461; x_wconf 88' lang='lat' dir='ltr'>in</span> <span class='ocrx_word' id='word_1_300' title='bbox 1965 4387 2028 4458; x_wconf 86' lang='lat' dir='ltr'>fun·</span> 
     </span>
     <span class='ocr_line' id='line_1_33' title="bbox 501 4481 2027 4604; baseline -0.003 -24"><span class='ocrx_word' id='word_1_301' title='bbox 501 4510 642 4581; x_wconf 88' lang='lat' dir='ltr'>datione</span> <span class='ocrx_word' id='word_1_302' title='bbox 670 4481 890 4584; x_wconf 72' lang='lat' dir='ltr'>&#39;monasterie</span> <span class='ocrx_word' id='word_1_303' title='bbox 930 4513 1227 4586; x_wconf 84' lang='lat' dir='ltr'>Zawichestheusi</span> <span class='ocrx_word' id='word_1_304' title='bbox 1267 4515 1406 4585; x_wconf 87' lang='lat' dir='ltr'>donata.</span> <span class='ocrx_word' id='word_1_305' title='bbox 1460 4515 1500 4584; x_wconf 93' lang='lat' dir='ltr'>In</span> <span class='ocrx_word' id='word_1_306' title='bbox 1542 4535 1610 4604; x_wconf 90' lang='lat' dir='ltr'>qua</span> <span class='ocrx_word' id='word_1_307' title='bbox 1649 4518 1731 4585; x_wconf 89' lang='lat' dir='ltr'>sunt</span> <span class='ocrx_word' id='word_1_308' title='bbox 1769 4513 1917 4584; x_wconf 91' lang='lat' dir='ltr'>sedecim</span> <span class='ocrx_word' id='word_1_309' title='bbox 1954 4507 2027 4579; x_wconf 90' lang='lat' dir='ltr'>lanei</span> 
     </span>
     <span class='ocr_line' id='line_1_34' title="bbox 502 4621 2028 4724; baseline -0.001 -24"><span class='ocrx_word' id='word_1_310' title='bbox 502 4629 753 4722; x_wconf 86' lang='lat' dir='ltr'>emethonales,</span> <span class='ocrx_word' id='word_1_311' title='bbox 790 4640 826 4703; x_wconf 90' lang='lat' dir='ltr'>et</span> <span class='ocrx_word' id='word_1_312' title='bbox 853 4634 998 4724; x_wconf 89' lang='lat' dir='ltr'>quilibet</span> <span class='ocrx_word' id='word_1_313' title='bbox 1033 4635 1138 4706; x_wconf 87' lang='lat' dir='ltr'>solvit</span> <span class='ocrx_word' id='word_1_314' title='bbox 1172 4654 1238 4724; x_wconf 93' lang='lat' dir='ltr'>pre</span> <span class='ocrx_word' id='word_1_315' title='bbox 1265 4655 1369 4706; x_wconf 88' lang='lat' dir='ltr'>censu</span> <span class='ocrx_word' id='word_1_316' title='bbox 1396 4635 1544 4705; x_wconf 88' lang='lat' dir='ltr'>mediam</span> <span class='ocrx_word' id='word_1_317' title='bbox 1576 4654 1747 4724; x_wconf 87' lang='lat' dir='ltr'>maroam,</span> <span class='ocrx_word' id='word_1_318' title='bbox 1784 4635 1868 4704; x_wconf 85' lang='lat' dir='ltr'>item</span> <span class='ocrx_word' id='word_1_319' title='bbox 1891 4651 1956 4702; x_wconf 83' lang='lat' dir='ltr'>ora</span> <span class='ocrx_word' id='word_1_320' title='bbox 1978 4621 2028 4698; x_wconf 69' lang='lat' dir='ltr'>hi&#39;·</span> 
     </span>
     <span class='ocr_line' id='line_1_35' title="bbox 475 4741 2026 4844; baseline -0.001 -24"><span class='ocrx_word' id='word_1_321' title='bbox 475 4741 618 4840; x_wconf 83' lang='lat' dir='ltr'>&#39;ginta,</span> <span class='ocrx_word' id='word_1_322' title='bbox 654 4750 737 4820; x_wconf 91' lang='lat' dir='ltr'>item</span> <span class='ocrx_word' id='word_1_323' title='bbox 764 4753 851 4823; x_wconf 89' lang='lat' dir='ltr'>dnos</span> <span class='ocrx_word' id='word_1_324' title='bbox 877 4754 1008 4844; x_wconf 81' lang='lat' dir='ltr'>galles3</span> <span class='ocrx_word' id='word_1_325' title='bbox 1048 4755 1132 4825; x_wconf 89' lang='lat' dir='ltr'>item</span> <span class='ocrx_word' id='word_1_326' title='bbox 1169 4775 1289 4826; x_wconf 90' lang='lat' dir='ltr'>caseos</span> <span class='ocrx_word' id='word_1_327' title='bbox 1323 4775 1392 4826; x_wconf 91' lang='lat' dir='ltr'>nen</span> <span class='ocrx_word' id='word_1_328' title='bbox 1430 4755 1588 4843; x_wconf 86' lang='lat' dir='ltr'>solvunt3</span> <span class='ocrx_word' id='word_1_329' title='bbox 1628 4755 1711 4825; x_wconf 89' lang='lat' dir='ltr'>item</span> <span class='ocrx_word' id='word_1_330' title='bbox 1747 4743 1908 4824; x_wconf 83' lang='lat' dir='ltr'>laborant</span> <span class='ocrx_word' id='word_1_331' title='bbox 1940 4765 2026 4820; x_wconf 86' lang='lat' dir='ltr'>nunu</span> 
     </span>
     <span class='ocr_line' id='line_1_36' title="bbox 500 4851 2024 4970; baseline -0.003 -29"><span class='ocrx_word' id='word_1_332' title='bbox 500 4870 591 4942; x_wconf 91' lang='lat' dir='ltr'>diem</span> <span class='ocrx_word' id='word_1_333' title='bbox 619 4872 654 4942; x_wconf 94' lang='lat' dir='ltr'>in</span> <span class='ocrx_word' id='word_1_334' title='bbox 683 4873 875 4970; x_wconf 86' lang='lat' dir='ltr'>septimana</span> <span class='ocrx_word' id='word_1_335' title='bbox 902 4873 944 4945; x_wconf 92' lang='lat' dir='ltr'>de</span> <span class='ocrx_word' id='word_1_336' title='bbox 972 4876 1081 4964; x_wconf 89' lang='lat' dir='ltr'>laneo,</span> <span class='ocrx_word' id='word_1_337' title='bbox 1109 4877 1253 4966; x_wconf 86' lang='lat' dir='ltr'>proprio</span> <span class='ocrx_word' id='word_1_338' title='bbox 1279 4897 1383 4947; x_wconf 90' lang='lat' dir='ltr'>curru</span> <span class='ocrx_word' id='word_1_339' title='bbox 1412 4851 1472 4946; x_wconf 85' lang='lat' dir='ltr'>aut</span> <span class='ocrx_word' id='word_1_340' title='bbox 1498 4881 1626 4965; x_wconf 87' lang='lat' dir='ltr'>aratro,</span> <span class='ocrx_word' id='word_1_341' title='bbox 1653 4880 1690 4946; x_wconf 90' lang='lat' dir='ltr'>et</span> <span class='ocrx_word' id='word_1_342' title='bbox 1717 4882 1838 4945; x_wconf 90' lang='lat' dir='ltr'>serunt</span> <span class='ocrx_word' id='word_1_343' title='bbox 1865 4873 1955 4944; x_wconf 91' lang='lat' dir='ltr'>diem·</span> <span class='ocrx_word' id='word_1_344' title='bbox 1975 4883 2024 4957; x_wconf 85' lang='lat' dir='ltr'>pro</span> 
     </span>
     <span class='ocr_line' id='line_1_37' title="bbox 501 4982 2025 5086; baseline -0.005 -22"><span class='ocrx_word' id='word_1_345' title='bbox 501 5009 583 5064; x_wconf 85' lang='lat' dir='ltr'>vere</span> <span class='ocrx_word' id='word_1_346' title='bbox 610 4997 646 5062; x_wconf 88' lang='lat' dir='ltr'>et</span> <span class='ocrx_word' id='word_1_347' title='bbox 672 4993 813 5086; x_wconf 86' lang='lat' dir='ltr'>hyeme,</span> <span class='ocrx_word' id='word_1_348' title='bbox 850 5001 886 5066; x_wconf 88' lang='lat' dir='ltr'>et</span> <span class='ocrx_word' id='word_1_349' title='bbox 914 4995 1079 5066; x_wconf 86' lang='lat' dir='ltr'>ducturas</span> <span class='ocrx_word' id='word_1_350' title='bbox 1110 4982 1243 5067; x_wconf 84' lang='lat' dir='ltr'>faciunt</span> <span class='ocrx_word' id='word_1_351' title='bbox 1273 4997 1312 5067; x_wconf 74' lang='lat' dir='ltr'>vin</span> <span class='ocrx_word' id='word_1_352' title='bbox 1339 4995 1694 5081; x_wconf 82' lang='lat' dir='ltr'>Sardemiriam‚</span> <span class='ocrx_word' id='word_1_353' title='bbox 1734 4987 2025 5071; x_wconf 75' lang='lat' dir='ltr'>Zawietostt,</span> 
     </span>
     <span class='ocr_line' id='line_1_38' title="bbox 500 5110 2024 5205; baseline -0.002 -23"><span class='ocrx_word' id='word_1_354' title='bbox 500 5111 927 5205; x_wconf 75' lang='lat' dir='ltr'>Ko&#39;przywuiczam,</span> <span class='ocrx_word' id='word_1_355' title='bbox 963 5114 1194 5205; x_wconf 86' lang='lat' dir='ltr'>Opathow.</span> <span class='ocrx_word' id='word_1_356' title='bbox 1238 5116 1325 5188; x_wconf 89' lang='lat' dir='ltr'>Item</span> <span class='ocrx_word' id='word_1_357' title='bbox 1352 5119 1520 5188; x_wconf 88' lang='lat' dir='ltr'>tabernae</span> <span class='ocrx_word' id='word_1_358' title='bbox 1554 5115 1643 5187; x_wconf 89' lang='lat' dir='ltr'>duae</span> <span class='ocrx_word' id='word_1_359' title='bbox 1668 5116 1837 5187; x_wconf 85' lang='lat' dir='ltr'>habentes</span> <span class='ocrx_word' id='word_1_360' title='bbox 1864 5110 2024 5203; x_wconf 70' lang='lat' dir='ltr'>agresti</span> 
     </span>
     <span class='ocr_line' id='line_1_39' title="bbox 500 5231 2022 5329; baseline 0.005 -26"><span class='ocrx_word' id='word_1_361' title='bbox 500 5233 675 5323; x_wconf 86' lang='lat' dir='ltr'>quaelibet</span> <span class='ocrx_word' id='word_1_362' title='bbox 702 5235 806 5306; x_wconf 89' lang='lat' dir='ltr'>solvit</span> <span class='ocrx_word' id='word_1_363' title='bbox 833 5257 896 5328; x_wconf 92' lang='lat' dir='ltr'>pro</span> <span class='ocrx_word' id='word_1_364' title='bbox 925 5255 1027 5307; x_wconf 87' lang='lat' dir='ltr'>censu</span> <span class='ocrx_word' id='word_1_365' title='bbox 1057 5257 1159 5329; x_wconf 82' lang='lat' dir='ltr'>unam</span> <span class='ocrx_word' id='word_1_366' title='bbox 1178 5258 1255 5308; x_wconf 91' lang='lat' dir='ltr'>cum</span> <span class='ocrx_word' id='word_1_367' title='bbox 1274 5238 1417 5308; x_wconf 89' lang='lat' dir='ltr'>dimidia</span> <span class='ocrx_word' id='word_1_368' title='bbox 1435 5254 1580 5307; x_wconf 90' lang='lat' dir='ltr'>marcas.</span> <span class='ocrx_word' id='word_1_369' title='bbox 1606 5237 1695 5306; x_wconf 92' lang='lat' dir='ltr'>ltem</span> <span class='ocrx_word' id='word_1_370' title='bbox 1713 5233 1929 5307; x_wconf 89' lang='lat' dir='ltr'>hortulaniae</span> <span class='ocrx_word' id='word_1_371' title='bbox 1945 5231 2022 5310; x_wconf 75' lang='lat' dir='ltr'>dure</span> 
     </span>
     <span class='ocr_line' id='line_1_40' title="bbox 391 5346 2023 5448; baseline -0.002 -26"><span class='ocrx_word' id='word_1_372' title='bbox 391 5439 395 5446; x_wconf 21' lang='grc' dir='ltr'>ι</span> <span class='ocrx_word' id='word_1_373' title='bbox 500 5359 536 5423; x_wconf 87' lang='lat' dir='ltr'>et</span> <span class='ocrx_word' id='word_1_374' title='bbox 563 5354 724 5425; x_wconf 89' lang='lat' dir='ltr'>laborant</span> <span class='ocrx_word' id='word_1_375' title='bbox 751 5377 855 5428; x_wconf 89' lang='lat' dir='ltr'>unum</span> <span class='ocrx_word' id='word_1_376' title='bbox 884 5355 972 5427; x_wconf 94' lang='lat' dir='ltr'>diem</span> <span class='ocrx_word' id='word_1_377' title='bbox 1002 5357 1182 5446; x_wconf 88' lang='lat' dir='ltr'>pedestres</span> <span class='ocrx_word' id='word_1_378' title='bbox 1209 5359 1244 5428; x_wconf 91' lang='lat' dir='ltr'>in</span> <span class='ocrx_word' id='word_1_379' title='bbox 1273 5358 1475 5448; x_wconf 90' lang='lat' dir='ltr'>septimana.</span> <span class='ocrx_word' id='word_1_380' title='bbox 1506 5357 1593 5426; x_wconf 83' lang='lat' dir='ltr'>Item</span> <span class='ocrx_word' id='word_1_381' title='bbox 1620 5356 1764 5446; x_wconf 87' lang='lat' dir='ltr'>praedia</span> <span class='ocrx_word' id='word_1_382' title='bbox 1790 5356 1839 5427; x_wconf 94' lang='lat' dir='ltr'>ibi</span> <span class='ocrx_word' id='word_1_383' title='bbox 1864 5354 1929 5426; x_wconf 84' lang='lat' dir='ltr'>tria</span> <span class='ocrx_word' id='word_1_384' title='bbox 1952 5346 2023 5419; x_wconf 91' lang='lat' dir='ltr'>mili·</span> 
     </span>
    </p>
   </div>
   <div class='ocr_carea' id='block_1_16' title="bbox 304 5443 2114 5689">
    <p class='ocr_par' dir='ltr' id='par_1_18' title="bbox 304 5443 2114 5705">
     <span class='ocr_line' id='line_1_41' title="bbox 304 5443 2114 5581; baseline -0.006 -34"><span class='ocrx_word' id='word_1_385' title='bbox 304 5443 334 5566; x_wconf 24' lang='lat'>¹.</span> <span class='ocrx_word' id='word_1_386' title='bbox 408 5553 417 5560; x_wconf 58' lang='grc'><em>,</em></span> <span class='ocrx_word' id='word_1_387' title='bbox 499 5475 609 5562; x_wconf 82' lang='lat' dir='ltr'>taric,</span> <span class='ocrx_word' id='word_1_388' title='bbox 645 5476 839 5576; x_wconf 77' lang='lat' dir='ltr'>dequibus</span> <span class='ocrx_word' id='word_1_389' title='bbox 867 5477 1014 5549; x_wconf 88' lang='lat' dir='ltr'>solvitur</span> <span class='ocrx_word' id='word_1_390' title='bbox 1049 5477 1184 5550; x_wconf 87' lang='lat' dir='ltr'>decima</span> <span class='ocrx_word' id='word_1_391' title='bbox 1214 5479 1439 5568; x_wconf 89' lang='lat' dir='ltr'>manipularis</span> <span class='ocrx_word' id='word_1_392' title='bbox 1474 5478 1639 5549; x_wconf 90' lang='lat' dir='ltr'>ecclesiae</span> <span class='ocrx_word' id='word_1_393' title='bbox 1674 5479 1711 5548; x_wconf 94' lang='lat' dir='ltr'>in</span> <span class='ocrx_word' id='word_1_394' title='bbox 1737 5476 1760 5548; x_wconf 87' lang='lat' dir='ltr'>J</span> <span class='ocrx_word' id='word_1_395' title='bbox 1770 5473 2022 5547; x_wconf 76' lang='lat' dir='ltr'>anteriore.</span> <span class='ocrx_word' id='word_1_396' title='bbox 2113 5578 2114 5581; x_wconf 8' lang='grc' dir='ltr'><strong>Ἴ</strong></span> 
     </span>
     <span class='ocr_line' id='line_1_42' title="bbox 499 5589 2114 5689; baseline -0.003 -26"><span class='ocrx_word' id='word_1_397' title='bbox 499 5591 587 5664; x_wconf 84' lang='lat' dir='ltr'>Item</span> <span class='ocrx_word' id='word_1_398' title='bbox 614 5594 657 5665; x_wconf 90' lang='lat' dir='ltr'>de</span> <span class='ocrx_word' id='word_1_399' title='bbox 683 5597 785 5667; x_wconf 86' lang='lat' dir='ltr'>laneo</span> <span class='ocrx_word' id='word_1_400' title='bbox 812 5597 958 5669; x_wconf 81' lang='lat' dir='ltr'>solvitur</span> <span class='ocrx_word' id='word_1_401' title='bbox 985 5619 1075 5670; x_wconf 89' lang='lat' dir='ltr'>unus</span> <span class='ocrx_word' id='word_1_402' title='bbox 1101 5619 1203 5671; x_wconf 90' lang='lat' dir='ltr'>corus</span> <span class='ocrx_word' id='word_1_403' title='bbox 1229 5600 1348 5689; x_wconf 88' lang='lat' dir='ltr'>tritici,</span> <span class='ocrx_word' id='word_1_404' title='bbox 1375 5599 1443 5671; x_wconf 90' lang='lat' dir='ltr'>duo</span> <span class='ocrx_word' id='word_1_405' title='bbox 1461 5599 1620 5689; x_wconf 81' lang='lat' dir='ltr'>siliginis,</span> <span class='ocrx_word' id='word_1_406' title='bbox 1646 5604 1684 5669; x_wconf 89' lang='lat' dir='ltr'>et</span> <span class='ocrx_word' id='word_1_407' title='bbox 1709 5617 1771 5669; x_wconf 83' lang='lat' dir='ltr'>sex</span> <span class='ocrx_word' id='word_1_408' title='bbox 1796 5615 1930 5670; x_wconf 81' lang='lat' dir='ltr'>arenae</span> <span class='ocrx_word' id='word_1_409' title='bbox 1952 5591 2023 5662; x_wconf 82' lang='lat' dir='ltr'>lon</span> <span class='ocrx_word' id='word_1_410' title='bbox 2109 5589 2114 5611; x_wconf 64' lang='lat'>³</span> 
     </span>
    </p>
   </div>
   <div class='ocr_carea' id='block_1_17' title="bbox 0 0 2250 6592">
    <p class='ocr_par' dir='ltr' id='par_1_19' title="bbox 0 0 2250 6592">
     <span class='ocr_line' id='line_1_43' title="bbox 0 0 2250 6592; baseline 0 1"><span class='ocrx_word' id='word_1_411' title='bbox 0 0 2250 6592; x_wconf 95' lang='lat' dir='ltr'> </span> 
     </span>
    </p>
   </div>
  </div>
 </body>
</html>
