4492 6592
1724 801 1772 874 59

207 990 470 1086 incorporavit,
505 1001 542 1068 et
568 999 784 1090 incorporari
811 999 979 1092 obtinuit,
1015 1007 1118 1093 atoue
1145 959 1258 1092 uniri3
1293 1003 1339 1076 ab
1364 1002 1425 1076 ilio
1439 1025 1589 1114 ‘quoque
1614 1011 1772 1100 tempore

80 1169 82 1180 ,
205 1115 463 1188 monasterinm
483 1116 752 1210 Swyerzyuense
770 1121 873 1192 etiarn
892 1123 1124 1212 parochialem
1147 1129 1244 1197 tenet
1269 1131 1306 1196 et
1323 1121 1465 1198 exercet
1489 1125 1638 1215 ioniam,
1665 1136 1772 1222 atque

206 1251 341 1304 curam.
386 1233 452 1307 Gni
471 1238 575 1308 etiam
602 1241 814 1312 monasterio
841 1239 1076 1332 Swerzyuensi
1104 1242 1281 1332 praefatus
1307 1243 1473 1318 Gedeon
1499 1247 1586 1320 alias
1608 1246 1772 1341 Getbga

205 1353 397 1462 episcopus
415 1356 672 1449 cracoviensis,
700 1359 850 1432 decimas
868 1361 1101 1452 manipulares
1120 1383 1204 1433 suae
1221 1384 1362 1436 mensae
1379 1351 1587 1457 episcopalis
1614 1370 1650 1441 in
1669 1391 1772 1460 prae-

203 1472 292 1545 fatis
319 1478 436 1550 tribus
454 1479 560 1550 villis:
587 1479 972 1573 Zwyerzynyecz‚
999 1481 1281 1574 Zabyerzow
1315 1492 1353 1556 et
1379 1486 1572 1560 Bibicze
1604 1489 1770 1579 donarit3
1866 1571 1871 1578 ,

204 1596 361 1667 contulit
392 1605 429 1669 et
457 1601 581 1691 e'xpost
606 1599 865 1674 (iasimirns
892 1599 1103 1673 Boleslai
1129 1601 1416 1677 Krziwoosti
1443 1609 1771 1700 monarcbaeregoi

206 1713 381 1789 Poloniae
407 1719 513 1810 iilius,
540 1721 610 1792 dux
629 1719 937 1811 Sandomlm'ensis,
968 1721 1126 1812 praefato
1152 1726 1364 1798 monasterio
1391 1731 1428 1798 et
1445 1727 1638 1817 virginibus
1664 1729 1709 1801 in
1727 1751 1770 1802 eo
1872 1744 1877 1750 ·

205 1835 439 1931 degentibus,
469 1841 507 1916 in
534 1843 749 1934 pinguiorem
777 1843 893 1914 dotem
921 1843 1022 1915 villan
1049 1863 1131 1915 suas
1157 1844 1296 1917 ducales
1322 1846 1420 1918 iuxta
1445 1847 1680 1922 vistulam
1706 1851 1771 1923 ilo·

204 1958 320 2048 riom,
339 1961 490 2032 interra
508 1959 711 2034 Lublinen'si
729 1963 833 2052 sites,
861 1962 1031 2034 videlicet·
1058 1963 1345 2055 Skowysziu,
1371 1965 1622 2060 Wyctrana
1646 1991 1770 2059 pora,

79 2151 80 2158 χ
204 2075 429 2186 Krampa,
465 2079 704 2174 Woyszin,·
738 2081 1010 2174 Rneezicza,
1045 2082 1316 2182 Jaworzecz
1350 2107 1427 2157 cum
1463 2090 1770 2179 utroque-littore

205 2196 434 2274 Vistulae
461 2223 537 2274 cnm
565 2201 733 2274 clausuris
760 2203 804 2275 ad
822 2203 1039 2295 piscandum,
1067 2223 1145 2276 cum
1172 2207 1315 2296 stagnis,
1343 2207 1495 2300 lacobus,
1522 2209 1708 2300 paludibus
1734 2216 1771 2281 et

205 2321 338 2412 sylvis,
375 2322 467 2394 villis
502 2323 669 2414 praelatis
705 2325 895 2414 contiguis,
931 2325 1255 2414 circumiacentibus
1289 2331 1326 2400 et
1360 2328 1494 2399 ricinis.
1533 2329 1617 2401 Fuit
1652 2337 1770 2403 autem
1816 2321 1840 2352 ”

205 2445 462 2515 monasterium
506 2443 751 2536 Suerzynense
794 2447 830 2516 iu
867 2445 1123 2536 praedictarum
1172 2431 1332 2519 villarum
1378 2455 1415 2520 et
1450 2449 1707 2522 haereditatum
1748 2472 1770 2523 a

186 2563 446 2636 ‚casimiro
473 2565 559 2637 duce
576 2566 847 2642 Sandomiriensi
873 2567 1083 2662 monasterio
1106 2565 1369 2660 Swemmensi
1395 2568 1601 2642 donatarum
1627 2572 1771 2661 pacilica

206 2685 441 2774 possessione.
480 2687 522 2758 In
540 2687 624 2758 villa
651 2707 786 2778 qnoque
813 2687 1073 2760 Sironiszin
1098 2687 1167 2759 fnit
1183 2688 1290 2778 cella,
1316 2709 1418 2780 quam
1436 2689 1566 2762 iratres
1582 2711 1769 2781 praemon·
1813 2719 1820 2739 ¹

205 2813 404 2879 stratenses
431 2828 473 2880 ex
492 2808 856 2900 Zwyerzynyecz
883 2809 1023 2900 directi,
1050 2808 1326 2882 administrando
1343 2811 1436 2885 bona
1454 2811 1650 2884 adiacentia
1667 2813 1766 2884 iuba·
1884 2851 1887 2859 ·

205 2927 385 3017 bitabaut3
404 2947 568 3020 processo
585 2935 702 3001 tamen
720 2931 901 3020 temporis,
920 2929 1000 3003 dum
1014 2935 1111 3002 terre
1129 2929 1351 3004 Lublinensis
1368 2931 1575 3022 o'l'artaris,
1597 2933 1768 3006 Rotbenia

76 3129 77 3132 Ν
209 3055 245 3120 et
262 3047 460 3122 Litbwauis
477 3056 562 3124 tnnc
577 3050 756 3140 barbaris,
782 3049 998 3142 frequentius
1016 3049 1218 3140 devastata,
1243 3051 1281 3122 in
1299 3050 1548 3124 desolationem
1566 3053 1767 3126 diuturnam
1801 3155 1807 3165 ἱ

76 3183 77 3212 ³
209 3167 336 3242 inisset
362 3171 514 3260 redacta,
541 3171 777 3244 haereditates
795 3179 832 3243 et
849 3171 952 3244 villae
978 3169 1158 3263 possintne
1184 3171 1241 3244 rel
1259 3178 1458 3263 occupatae,
1483 3173 1539 3244 rel
1557 3173 1626 3244 leri
1653 3176 1768 3265 pretio

76 3345 77 3354 ,
207 3297 367 3382 emptae,
405 3291 459 3363 rel
497 3291 685 3382 cambitae,
722 3293 758 3364 in
785 3293 916 3382 regiam
951 3293 1171 3382 venere,'in
1199 3300 1331 3383 quaet
1356 3293 1525 3366 bactenm
1560 3295 1766 3383 mouerunt,

208 3411 397 3502 ditionem,
433 3419 467 3483 ei
494 3433 516 3483 a
541 3413 752 3485 monasterio
788 3412 1054 3504 Znyernynensi
1090 3413 1264 3488 abenatae
1298 3421 1382 3486 sunt
1416 3421 1453 3484 et
1478 3415 1696 3506 abstractae,
1722 3416 1767 3488 de

76 3535 77 3540 ’
208 3553 355 3624 quarum
383 3533 530 3624 singulis
557 3535 592 3643 in
610 3533 683 3606 suis
701 3534 788 3605 locis
806 3534 1034 3626 narrabimus.
1074 3533 1210 3624 luloco
1227 3539 1343 3606 autem
1369 3533 1636 3626 Scowpszin
1662 3538 1768 3609 mam

208 3656 242 3726 in
255 3655 355 3746 banc
382 3655 473 3726 diem
500 3661 597 3726 extet
614 3655 821 3746 oratorium,
847 3655 891 3726 ad
910 3655 1001 3746 qnod
1028 3675 1092 3746 pro
1111 3655 1168 3728 die
1194 3654 1314 3728 Βιυαί
1332 3654 1504 3727 Jobannis
1522 3661 1603 3728 ante
1629 3663 1767 3748 portam

208 3775 364 3866 latinam,
391 3775 608 3867 popularium
636 3777 676 3848 tt
694 3795 900 3866 concursus,
925 3777 1171 3848 honorantium
1195 3777 1308 3848 locum
1333 3776 1449 3866 illum,
1475 3782 1512 3846 et
1529 3777 1766 3850 babitaculum
1908 3810 1913 3821 ⁸

208 3898 437 3969 monasticum
464 3897 536 3970 illic
554 3897 727 3988 quondam
744 3894 869 3987 fuisse,
895 3897 1107 3968 testantium.
1151 3895 1191 3966 ln
1210 3897 1288 3968 vico
1314 3917 1407 3985 vero,
1435 3898 1494 3987 qui
1513 3895 1768 3987 Wyetrnna

207 4039 323 4108 gora
358 4019 530 4110 quondam
559 4015 822 4108 nominabatur,
859 4019 981 4091 subter
1007 4037 1109 4108 quem
1136 4016 1357 4088 victobus
1383 4016 1542 4107 pluribus
1567 4018 1766 4090 dominibus

207 4137 349 4212 indatus
367 4114 536 4230 decurrit,
564 4139 726 4230 oppidum
744 4138 978 4210 (lazimira
993 4137 1144 4229 regium,
1171 4143 1208 4208 et
1225 4156 1290 4209 arx
1308 4137 1341 4209 ei
1358 4136 1577 4227 impendens,
1604 4159 1626 4208 a
1644 4137 1766 4210 (lasi-

208 4262 325 4332 miro
354 4260 562 4333 Secundo
598 4259 763 4333 Poloniae
799 4279 882 4351 nege
909 4279 1008 4332 muro
1035 4257 1206 4330 fabricata
1232 4258 1301 4329 sita
1326 4241 1426 4348 sunt,
1454 4264 1491 4334 et
1516 4277 1636 4330 omnes
1661 4259 1766 4332 villae

208 4381 388 4472 praelatae
413 4383 479 4452 snb
506 4381 590 4454 dicti
618 4382 725 4453 castri
752 4387 789 4452 et
806 4379 924 4477 oppidi
951 4379 1182 4451 Kazimirz
1208 4379 1351 4452 ditione.
1390 4375 1518 4451 Omnes
1544 4399 1628 4450 vero
1654 4365 1793 4462 diota?

133 4509 137 4516 '
208 4493 283 4576 rum
321 4503 493 4575 villarum·
509 4503 663 4576 decimae
689 4501 940 4592 manipulares,
976 4519 1065 4592 qnae
1092 4501 1197 4572 etiam
1233 4500 1279 4572 ad
1303 4501 1554 4572 monasterium
1582 4500 1766 4592 Zwyeray-

208 4645 316 4698 neuse
352 4624 454 4710 simul
490 4643 566 4695 cum
602 4623 694 4695 villis
729 4623 968 4714 pertinebant,
1004 4621 1069 4694 sub
1096 4622 1262 4712 parocbia
1291 4627 1329 4693 et
1353 4621 1571 4712 proprietate
1597 4609 1766 4693 ecelesiae

207 4745 418 4836 parochialis
453 4741 768 4816 deOasimiria
796 4743 1011 4832 consistunt,
1038 4748 1181 4833 praeter
1206 4741 1324 4813 villam
1349 4741 1638 4831 Jaworzecz,
1665 4743 1764 4814 cuius
1815 4756 1819 4772 ¹

209 4867 339 4938 nullom
368 4873 467 4938 extat
502 4866 685 4956 vestigium
721 4865 776 4936 rel
812 4855 995 4952 memoria,
1031 4869 1183 4954 atquae
1217 4863 1374 4934 creditur
1405 4863 1580 4937 alluvione
1614 4863 1765 4934 dominia

209 4987 432 5060 Vistulae
459 4993 494 5058 et
520 4986 673 5058 eiusdem
700 4985 907 5058 vorticibus·
925 4984 1049 5056 deleta
1089 4983 1319 5064 Contuleruot
1355 4985 1477 5055 etalii
1503 4991 1681 5074 proderes,
1708 5002 1789 5054 sa·-

209 5117 332 5202 trapae
368 5115 405 5180 et
430 5109 558 5204 milites
593 5108 692 5198 regni
728 5106 892 5178 Poloniae
927 5107 962 5177 ln
991 5097 1198 5196 praelatum
1220 5105 1469 5176 monasterinm
1505 5104 1764 5193 Swyerzineoae

208 5251 270 5306 saa
286 5229 450 5322 praedia,
477 5227 730 5317 haereditates,
757 5232 957 5318 proventus,
974 5233 1010 5298 ct
1028 5226 1149 5315 villas,
1174 5245 1385 5316 magnopere
1412 5224 1575 5296 delectati
1601 5223 1761 5294 coenobii
1883 5220 1901 5288 .'

209 5353 302 5424 illins
328 5357 530 5440 mnam,
561 5350 719 5421 videntes
745 5347 1018 5438 consanguineas
1035 5367 1117 5418 snas
1143 5352 1181 5418 et
1197 5345 1306 5435 tiliae,
1331 5365 1422 5437 qnae
1446 5345 1502 5416 rel
1520 5344 1765 5462 renuntiarent

209 5463 365 5560 saeculo,
401 5472 455 5542 rel
484 5471 658 5542 saeculum
694 5469 773 5540 illas
808 5473 1008 5560 spenleret,
1045 5467 1184 5538 abunde
1226 5473 1265 5537 et
1290 5465 1436 5537 boneste
1470 5467 1507 5536 io
1535 5483 1701 5555 praesens
1727 5471 1765 5536 et

208 5595 242 5666 iu
276 5593 435 5666 loturum
469 5591 641 5663 dotandos
675 5591 729 5662 iri.
773 5589 839 5661 Sed
875 5595 913 5660 et
940 5587 1188 5659 Boleslaus
1222 5585 1427 5658 Podicns
1459 5584 1702 5660 (baoorieusis
1728 5591 1765 5658 et

209 5713 500 5788 Sandomiriensis
535 5710 605 5784 dux
641 5709 852 5782 dotationem
887 5707 1091 5780 monasterii
1125 5705 1274 5798 praelati
1304 5707 1397 5797 apud
1423 5705 1620 5828 Oorczin
1646 5725 1763 5798 egena
1883 5693 1892 5701 ⁸
