4492 6592
484 695 557 766 216

417 966 419 970 .
484 861 663 992 pedestres
690 902 859 974 laborant.
887 902 974 972 Item
1001 901 1203 975 molendina
1229 902 1265 972 in
1292 901 1426 972 Visla
1453 908 1620 991 quatuor,
1647 901 1691 972 de
1718 901 1844 991 qmbns
1871 920 1939 990 pro
1964 920 2027 970 me-
2115 980 2117 983 .

482 1022 584 1094 tretis
610 1009 766 1112 triginta
781 1043 927 1094 marcae.
955 1023 1041 1094 Item
1062 1024 1222 1113 superius
1249 1021 1389 1092 naulum
1416 1022 1452 1092 in
1480 1021 1615 1092 Visla
1641 1022 1746 1093 solvit
1772 1021 1929 1112 quinque
1946 1040 2030 1091 mar·
2116 1104 2119 1121 .

482 1163 559 1232 cas,
595 1142 740 1214 inierim
767 1149 883 1215 autem
911 1143 1068 1216 undecim
1097 1165 1247 1233 unarcas,
1283 1149 1319 1214 et
1344 1142 1540 1233 quodlibet,
1560 1143 1665 1214 solvit
1705 1143 1854 1214 mediam
1883 1161 2029 1212 marcam

481 1285 546 1354 pro
572 1259 729 1354 plebano.
755 1263 907 1336 lacobus
934 1265 1025 1336 Zak
1052 1265 1095 1336 de
1122 1266 1225 1337 liorto
1243 1285 1366 1335 novem
1390 1243 1530 1354 scottos,
1558 1263 1865 1334 Leonbardus
1894 1258 2031 1333 balnea·
2117 1244 2120 1285 l

481 1389 539 1456 tor
567 1384 610 1456 de
637 1385 748 1456 altero
783 1407 889 1456 unum
923 1386 1092 1457 fertonem
1129 1392 1297 1457 etenum
1332 1384 1494 1475 leporem.
1539 1385 1699 1456 Gonfiuat
1735 1406 1812 1455 cum
1849 1370 2032 1473 Rogou,

481 1505 740 1596 Kobyelya,
793 1505 1035 1595 Kanszow,
1089 1507 1236 1597 Xany,
1280 1496 2032 1604 BoguIalowicze,Graesznyou,

481 1625 703 1716 Uszczye,
731 1626 936 1717 Diml'yn,
961 1609 1236 1718 Pauszycze.

588 1745 905 1836 Pnonsnowrcza,
933 1747 1015 1818 villa
1042 1749 1105 1818 sub
1129 1747 1295 1838 parocbia
1321 1746 1365 1818 de
1392 1747 1619 1818 Besszcze
1644 1747 1725 1835 sita,
1751 1747 1851 1818 cuius
1877 1748 2034 1836 proprie·

2118 1461 2122 1529 l

2118 1583 2122 1650 l

2119 1720 2122 1769 ι

483 1855 540 1938 tas
566 1867 610 1938 ad
637 1867 883 1939 monasterium
911 1867 1136 1940 Thincziense
1163 1854 1326 1959 pertinet.
1352 1868 1392 1938 In
1411 1873 1578 1958 quaeunt
1604 1873 1737 1958 septem
1764 1868 1856 1938 lanei
1882 1868 2035 1938 cmetbo·
2120 1946 2121 1949 Ἴ

484 1988 661 2078 thonales,
689 1993 726 2060 et
752 1987 897 2080 quilibet
924 1989 1028 2061 solvit
1063 2009 1166 2060 uriam
1201 2009 1370 2079 marcam,
1406 1989 1489 2060 item
1516 2009 1583 2061 ova
1608 1989 1772 2080 triginta,
1808 1989 1892 2060 item
1924 1977 2035 2079 pallos
2120 2008 2122 2013 ·

484 2107 591 2198 duos,
627 2109 710 2180 item
738 2130 874 2213 caseum
902 2128 1026 2198 unum;
1059 2107 1144 2181 item
1172 2111 1334 2182 laborant
1368 2109 1455 2181 duos
1490 2109 1565 2181 dies
1599 2110 1642 2191 in,
1663 2109 1858 2200 septimana
1892 2111 2035 2200 proprio

485 2249 590 2300 curru
617 2233 678 2300 aut
705 2235 842 2344 apatr03
869 2231 953 2301 item
972 2229 1159 2326 pomcbom
1192 2236 1375 2321 utramque
1413 2231 1575 2302 laborare
1600 2235 1765 2302 tenentur
1790 2231 1825 2301 in
1852 2229 2034 2302 frumenta

484 2349 683 2422 vernalibus
713 2356 750 2422 et
768 2351 994 2442 hyemalibus;
1021 2351 1104 2423 item
1131 2373 1284 2447 oaazyep,·
1309 2353 1393 2423 item
1420 2353 1568 2423 taberna
1586 2373 1655 2423 una
1680 2352 1798 2424 solvit·
1812 2371 1916 2422 unam
1945 2371 2034 2422 mar-
2120 2454 2121 2457 Ἴ

484 2489 558 2542 cam
586 2471 718 2543 habens
745 2492 867 2563 agros3
903 2473 986 2544 item
1014 2473 1234 2544 hortulaniae
1266 2493 1335 2579 non
1362 2478 1453 2546 sunt.
1496 2473 1585 2543 Item
1620 2473 1800 2563 praedium
1835 2473 2034 2545 coenobiale

483 2597 547 2680 est,
574 2591 617 2663 de
645 2613 713 2683 quo
740 2593 988 2665 monasterium
1024 2593 1251 2665 Thincziense
1286 2594 1435 2684 percipit
1469 2593 1645 2665 decimam.
1689 2594 1778 2666 Item
1804 2595 1848 2665 de
1876 2594 2033 2666 omnibus
2120 2588 2121 2599 ’

483 2713 578 2802 agris
605 2713 708 2784 villae
735 2713 882 2785 solvitur
909 2714 1042 2786 decima
1069 2715 1295 2805 manipularis
1312 2721 1348 2785 et
1366 2715 1550 2805 canapalis,
1578 2721 1615 2786 et
1640 2715 1854 2806 conducitur,
1883 2721 1921 2787 et
1937 2716 2034 2786 valor

484 2833 558 2906 eius
585 2833 791 2908 aestimatur
817 2834 862 2906 ad
889 2840 1037 2925 quatuor
1064 2854 1197 2906 marcas
1223 2856 1287 2925 pro
1314 2835 1524 2907 monasterio
1543 2835 1773 2925 Thincziensi3
1800 2837 2031 2909 molendinum

484 2976 552 3027 non
580 2961 642 3027 est
670 2952 831 3028 Continet
857 2976 933 3027 cnm
960 2955 1265 3047 Viscbegrod.

589 3075 780 3167 Uaznrnr,
807 3077 890 3148 villa
909 3077 972 3148 sub
990 3077 1157 3168 parochia
1173 3077 1340 3149 ecclesiae
1362 3076 1406 3160 de
1432 3075 1805 3169 Oppathowyecz
1832 3078 1911 3167 sita,
1938 3079 2032 3150 cuins

485 3196 682 3286 proprietas
710 3197 754 3268 cd
781 3198 1024 3300 monasterium
1053 3198 1279 3275 Tbiucaiense
1305 3198 1465 3289 pertinet.
1503 3198 1545 3269 In
1572 3205 1749 3289 quaeunt
1784 3203 1916 3289 septem
1943 3200 2031 3270 lanei

485 3317 718 3390 emetbonales
745 3319 956 3414 etquilibet
983 3319 1086 3392 solvit
1112 3340 1214 3391 unam
1242 3339 1411 3409 marcam,
1444 3321 1526 3391 item
1554 3340 1619 3392 ova
1645 3321 1786 3410 viginti,
1812 3321 1897 3392 item
1923 3321 2031 3412 gallos

485 3435 590 3528 dnos,
626 3438 710 3510 item
736 3459 872 3512 caseum
900 3461 1023 3531 unum,
1058 3441 1141 3512 item
1167 3440 1329 3513 laborant
1362 3439 1449 3512 duos
1484 3441 1622 3512 diesin
1650 3441 1863 3532 septimana,
1891 3442 2029 3532 proprio

486 3579 590 3630 curru
617 3563 677 3631 aut
703 3565 830 3651 aratro,
857 3561 938 3633 item
959 3560 1144 3656 ponebam
1170 3583 1296 3651 non.....;
1324 3561 1405 3633 item
1423 3584 1576 3657 oaczyep3
1606 3561 1691 3633 item
1718 3562 1866 3633 taberna
1892 3583 1969 3652 unu,
1996 3568 2029 3632 et

485 3679 589 3752 solvit
615 3684 694 3752 octo
721 3681 892 3772 santoneo,
928 3683 1014 3755 alias
1042 3683 1129 3754 duas
1156 3702 1308 3773 marcas,
1343 3688 1379 3752 et
1405 3686 1555 3772 quatuor
1581 3703 1748 3772 capones,
1788 3684 1896 3755 babet
1922 3703 2028 3774 agros.

484 3801 571 3872 Item
597 3802 815 3876 hortulaniae
842 3826 910 3876 non
939 3810 1034 3895 sunt,
1070 3804 1152 3875 item
1179 3803 1414 3875 molendinum
1440 3808 1495 3874 est
1521 3803 1580 3893 ibi,
1608 3803 1701 3894 quod
1728 3803 1834 3875 solvit
1860 3807 2029 3892 metretas,

484 3925 567 3994 item
595 3925 773 4014 praedium
801 3925 998 3998 coenobiale
1026 3947 1093 3997 non
1121 3931 1184 3996 cst.
1210 3925 1296 3996 Item
1321 3943 1440 3995 omnes
1467 3923 1544 4013 agri
1570 3923 1674 3995 villae
1700 3924 1840 3996 solvunt
1867 3923 2028 3996 decimam

484 4045 733 4148 manipularem
761 4053 797 4118 et
824 4047 1031 4137 cauapnlem‚
1060 4052 1096 4118 et
1122 4045 1320 4118 conducunt
1345 4065 1441 4135 eam,
1469 4050 1506 4116 et
1532 4045 1631 4116 valor
1657 4046 1732 4116 eius
1759 4047 1963 4118 aestimatur
1988 4045 2029 4116 ad
2108 4068 2116 4078 ·

423 4219 425 4228 .
484 4165 663 4238 duodecim
699 4186 851 4258 marcas,
887 4167 1098 4239 monasterio
1135 4165 1362 4238 Thincziensi.
1406 4163 1568 4237 &uiuat
1601 4185 1679 4237 cum
1717 4165 2027 4257 Viscbegrod,
2112 4146 2116 4159 ¹

452 4267 786 4378 'Praemakouc
2118 4264 2119 4273 Ν

590 4463 729 4499 ......
756 4407 839 4481 uilla
866 4409 930 4482 sub
958 4408 1123 4500 parocbia
1149 4407 1194 4480 de
1220 4406 1431 4499 Antiqua
1456 4407 1692 4481 Brzeszlro
1718 4409 1805 4500 sita,
1832 4410 1929 4482 cuius
1953 4429 2024 4499 pro
2117 4387 2120 4441 ²

484 4531 617 4623 prietes
644 4549 707 4620 pro
735 4530 852 4621 aliqua
878 4536 979 4621 parte
1006 4530 1050 4602 ad
1077 4529 1325 4602 monasterium
1343 4583 1458 4599 .....

453 4801 456 4807 ,
485 4707 618 4789 Villae
641 4728 747 4810 quas
770 4653 1070 4788 monasterium
1089 4705 1401 4810 Tbinyezisnes
1425 4707 1552 4786 babet
1574 4710 1613 4786 in
1638 4706 1857 4838 privilegio
1875 4706 2024 4796 Summi

579 4844 794 4926 Pontificio
825 4845 1076 4949 docentptae,
1110 4852 1154 4924 et
1186 4867 1269 4924 non
1303 4846 1431 4926 babet
1463 4845 1554 4924 illas
1588 4846 1627 4923 in
1661 4847 1954 4947 possessione.
2116 4848 2119 4857 '

588 5013 777 5104 Wornow,
804 5013 1102 5104 Pyantbkow,
1129 5011 1448 5105 Oboranycze,
1487 5013 1868 5104 Nyeprzesznya,
1895 5009 2027 5103 Gnye·
2120 5118 2121 5127 .

483 5157 633 5229 wycze
651 5157 728 5208 cnm
746 5135 819 5208 suis
838 5135 1070 5226 pertinentiis,
1088 5133 1347 5225 Sztrelcze,
1365 5133 1756 5226 Kyeszlrowycze,
1777 5131 2030 5221 Grusszou,

486 5257 742 5350 Podolany,
769 5256 938 5329 Rudno.

590 5378 832 5469 szanrcnow,
860 5378 942 5450 villa
968 5377 1100 5450 babens
1126 5377 1360 5468 parochialem
1379 5431 1494 5448 .....
1521 5378 1608 5469 sita,
1643 5376 1740 5449 cuius
1767 5376 1966 5466 propriems
1991 5373 2030 5446 ad

487 5493 734 5573 monasterIum
753 5501 978 5573 Tbincziense
1005 5499 1048 5571 de
1075 5500 1150 5570 iure
1177 5500 1338 5590 pertinet,
1365 5519 1467 5589 quam
1495 5498 1616 5589 Spitelr
1643 5499 1686 5570 de
1713 5497 1912 5568 Melstin
1940 5497 2029 5587 pala-

486 5617 580 5691 tinus
607 5618 846 5696 Gracoriensis
882 5620 925 5692 de
956 5620 1058 5695 domo
1085 5620 1260 5694 Leliwa
1295 5641 1359 5712 per
1394 5620 1463 5692 vim
1500 5619 1662 5710 abstrdit,
1697 5623 1734 5690 et
1767 5639 1789 5689 a
1823 5617 2029 5692 monasterio
2120 5702 2121 5727 Ν
