4492 6592
1692 839 1766 910 249

227 1037 297 1106 sunt
326 1035 476 1120 quatuor
502 1031 592 1102 lanei
620 1032 870 1120 cmethonales,
907 1034 949 1105 dc
978 1035 1103 1126 quibus
1131 1037 1290 1108 omnibus
1317 1038 1465 1110 solvitur
1500 1039 1632 1112 decima
1657 1043 1768 1114 mani-

226 1151 365 1244 pularis,
402 1155 438 1220 et
465 1151 668 1222 conducitur
693 1172 757 1241 pro
784 1154 995 1224 monastario
1026 1153 1060 1224 S.
1087 1153 1226 1244 Crucis,
1262 1162 1299 1226 et
1324 1158 1423 1228 valor
1459 1159 1535 1230 eius
1562 1161 1767 1232 aestimatur

225 1271 372 1344 adduas
400 1290 553 1358 marcas,
589 1272 672 1342 item
699 1272 866 1342 tabernae
892 1294 959 1343 non
988 1278 1077 1362 sunt,
1104 1295 1217 1364 neque
1242 1277 1479 1365 hortulaniae,
1512 1279 1596 1350 item
1623 1281 1768 1369 praedia

226 1393 285 1462 dno
310 1390 484 1479 militaria,
511 1390 697 1481 dequibus
725 1391 872 1462 solvitur
898 1391 1031 1464 decima
1049 1394 1275 1483 manipularis
1293 1397 1457 1468 ecclesiae
1484 1398 1520 1468 in
1547 1397 1759 1489 Wylkow.

319 1510 568 1600 Znsczrrow‚
604 1511 687 1582 villa
714 1511 778 1582 sub
805 1512 971 1600 parocbia
996 1512 1040 1582 de
1068 1512 1272 1602 Wyllrow
1307 1498 1393 1603 sita,
1430 1517 1527 1587 cuius
1552 1519 1677 1590 haeres
1702 1519 1764 1592 Jo-

225 1635 348 1704 bannes
374 1637 412 1702 at
439 1630 602 1703 Nicolaus
629 1632 945 1722 Kapimirsczy
972 1631 1145 1714 dedomo
1172 1633 1312 1705 Rawa
1356 1635 1396 1706 In
1424 1657 1492 1725 qua
1519 1643 1601 1708 sunt
1626 1639 1703 1728 agri
1728 1648 1765 1711 et

225 1754 307 1826 lanei
333 1753 527 1824 indistincti
554 1753 804 1843 cmethonales,
832 1752 875 1824 de
903 1753 1027 1842 quibus
1054 1754 1212 1826 omnibus
1239 1755 1386 1826 solvitur
1412 1761 1448 1826 ct
1473 1757 1679 1830 conducitur
1704 1759 1764 1831 de·

226 1875 306 1944 cima
333 1872 559 1962 manipularis
586 1877 622 1944 et
648 1871 823 1962 canapslis
849 1893 913 1961 pro
940 1873 1151 1944 monasterio
1180 1872 1325 1946 Sanctae
1353 1873 1482 1964 Crucis,
1510 1882 1546 1947 et
1572 1878 1670 1949 valor
1688 1879 1763 1950 cius

215 1989 422 2066 vaestimatur
449 1991 622 2089 aduram
649 2013 808 2081 marcam,
835 1997 871 2063 et
897 1997 978 2063 sunt
1005 1993 1054 2068 ibi
1081 1993 1205 2083 viginti
1232 1995 1449 2083 cmethones3
1490 1996 1573 2067 item
1599 1996 1766 2069 tabernae

225 2135 285 2186 non
313 2117 413 2201 sunt,
449 2133 560 2202 neque
586 2113 822 2200 hortulaniae,
859 2132 970 2202 neque
997 2113 1187 2202 praedium.
1232 2112 1396 2186 Alienata
1426 2123 1481 2186 est
1507 2137 1529 2185 a
1554 2117 1766 2189 monasterio

225 2235 303 2304 baec
329 2233 364 2302 in
391 2237 467 2304 toto
495 2233 646 2320 decima,
681 2232 849 2304 incertum
876 2252 918 2302 ex
947 2253 1015 2322 qua
1042 2253 1164 2321 causa,
1200 2238 1262 2304 aut
1288 2255 1357 2323 quo
1382 2239 1540 2324 tempore
1571 2236 1626 2306 vel
1654 2235 1765 2325 modo,

225 2359 257 2422 et
280 2351 433 2442 pertinet
459 2349 560 2440 pleno
588 2352 663 2422 iure
690 2351 733 2422 ad
761 2351 994 2440 episcopatum
1023 2349 1303 2439 Gracoviensem‚
1340 2358 1375 2423 et
1405 2354 1554 2443 percipit
1591 2374 1667 2424 eam
1693 2355 1766 2444 epi·

226 2492 341 2562 scopus
378 2469 634 2558 cracoviensis,
672 2471 753 2560 quia
779 2471 869 2542 forte
897 2491 1070 2560 nunquam
1108 2471 1153 2540 ad
1178 2470 1325 2542 Sanctae
1361 2470 1482 2545 Crucis
1517 2475 1765 2546 monasterium

124 2579 126 2588 ’
225 2593 425 2683 pertinebat
733 2596 736 2603 '

323 2711 662 2798 Kruuauowrczn,
698 2711 782 2781 villa
808 2711 872 2782 sub
899 2710 1065 2800 parochia
1091 2710 1256 2781 ecclesiae
1282 2711 1326 2782 de
1352 2687 1663 2784 Waweluicza
1688 2714 1767 2802 sita,
1794 2787 1800 2798 ,

227 2833 315 2904 cuius
341 2831 511 2904 haeredes
539 2831 697 2928 Andreas
725 2837 760 2901 et
787 2829 912 2902 Petrus
940 2830 983 2900 de
1010 2829 1115 2900 armis
1142 2828 1352 2920 Prusszy.
1389 2831 1430 2902 ln
1457 2852 1526 2921 qua
1551 2837 1633 2903 sunt
1658 2831 1767 2904 unde·

216 2955 285 3022 'cim
310 2973 386 3024 cum
414 2952 529 3023 medio
556 2951 647 3022 lanei
675 2950 915 3054 cmethonales,
943 2950 985 3020 de
1013 2950 1138 3040 quibus
1164 2951 1341 3040 perceptio
1369 2950 1521 3022 decimae
1538 2952 1766 3044 manipularis

227 3073 492 3160 diversificatum
532 3091 612 3142 uam
648 3071 690 3143 de
717 3072 903 3142 medietate
939 3071 1116 3142 laneorum
1153 3071 1301 3141 solvitur
1332 3075 1369 3141 et
1394 3070 1597 3143 conducitur
1632 3071 1766 3144 decima

226 3194 446 3285 manipularis
472 3214 536 3282 pro
562 3193 770 3264 monasterio
798 3191 945 3263 Sanctae
973 3189 1102 3280 Crucis,
1130 3190 1292 3261 videlicet
1310 3190 1353 3262 de
1371 3191 1530 3262 undecim
1556 3211 1633 3264 cum
1651 3191 1765 3264 medio

227 3316 336 3403 laneis,
364 3316 407 3386 dc
436 3316 547 3386 altera
573 3335 655 3384 vero
682 3313 869 3384 medietate
893 3311 1039 3384 solvitur
1066 3317 1101 3381 et
1128 3311 1330 3384 conducitur
1348 3332 1412 3402 pro
1430 3310 1587 3401 plebano,
1605 3318 1642 3384 et
1659 3312 1768 3384 ecclc-

228 3437 274 3511 sia
308 3436 342 3506 in
370 3434 697 3521 Waweluicza;
733 3435 816 3504 item
843 3433 1009 3504 tabernae
1035 3452 1105 3504 nou
1133 3437 1231 3518 sunt,
1267 3451 1378 3521 neque
1410 3432 1648 3522 homotoniae,
1683 3432 1768 3504 item

227 3555 361 3646 praedia
389 3555 458 3626 duo
486 3555 658 3642 militaria,
685 3553 780 3624 etde
798 3558 945 3642 utroque
964 3551 1111 3624 solvitur
1138 3552 1364 3640 manipularis
1382 3551 1548 3644 ecclesiae
1574 3551 1765 3642 parochiali

229 3681 259 3748 in
283 3676 600 3748 Waweluicza.

324 3795 565 3882 Gzrnurnovr,
593 3793 675 3864 villa
694 3793 757 3865 sub
776 3793 940 3882 parocbia
968 3791 1133 3862 ecclesiae
1160 3790 1203 3860 de
1230 3788 1538 3860 Waweluicza
1565 3790 1643 3878 sita,
1670 3789 1767 3860 cuius

228 3919 342 3990 haeres
376 3915 509 3986 Paulus
545 3913 836 4002 Gboteczsky
871 3912 1042 3984 dedomo
1078 3909 1240 3982 Nabra
1284 3908 1420 3998 inqua
1455 3914 1537 3978 sunt
1570 3913 1644 3978 tres
1675 3908 1768 3978 lanei

122 4109 123 4112 ,
230 4037 455 4134 cmethonales
491 4041 526 4106 et
543 4034 783 4114 molendinum
820 4034 951 4104 habens
980 4051 1100 4120 agros,
1137 4029 1330 4118 dequibus
1367 4027 1524 4098 omnibns
1558 4028 1705 4098 solvitur
1732 4032 1768 4098 et

230 4159 426 4230 conducitur
452 4156 584 4228 decima
610 4155 834 4244 manipularis
861 4174 930 4260 pro⁸
952 4152 1163 4224 monasterio
1191 4149 1339 4221 Sanctae
1366 4147 1496 4236 Crucis,
1523 4156 1558 4218 et
1576 4148 1675 4218 valor
1693 4148 1767 4219 eius

230 4281 424 4351 resumatur
451 4277 494 4348 ad
521 4283 593 4346 tres
620 4295 763 4346 marcas.
790 4273 877 4346 Item
905 4273 1051 4344 taberna
1077 4291 1147 4341 una
1172 4271 1303 4341 babens
1331 4288 1449 4358 agros,
1477 4268 1520 4339 de
1547 4268 1672 4358 quibus
1699 4266 1767 4338 sol-

231 4401 315 4471 vitur
351 4399 485 4470 decima
519 4382 743 4486 manipularis
771 4396 806 4466 in
830 4391 1037 4489 pouitdwcm
1071 4413 1135 4482 pro
1162 4391 1392 4476 monasterio;
1432 4390 1515 4482 item
1550 4387 1768 4458 hortulaniae

231 4541 292 4592 non
318 4525 417 4608 sunt,
453 4520 534 4589 item
564 4516 742 4607 praedium
771 4521 824 4586 est
859 4514 908 4585 ibi
935 4513 1082 4602 unicum„
1100 4511 1269 4598 militare,
1305 4510 1348 4580 de
1375 4509 1471 4580 cuius
1499 4508 1593 4598 agris
1620 4507 1768 4578 solvitur

232 4640 354 4712 decima
382 4631 608 4730 manipulaiis
636 4637 800 4708 ecclesiae
827 4633 1019 4725 parochiali
1046 4634 1082 4702 in
1108 4629 1424 4701 Waweluicza.

328 4758 526 4846 Gnmnruo,
554 4757 636 4829 villa
656 4810 769 4826 .....
870 4771 872 4776 ·
1064 4849 1067 4856 Ι

328 4881 532 4966 anrrwr,
573 4878 654 4948 villa
687 4877 819 4948 habens
855 4875 890 4946 in
922 4894 958 4944 se
986 4872 1167 4944 ecclesiam
1202 4869 1456 4960 parochialem,
1495 4858 1592 4938 iuxta
1627 4865 1769 4936 fluvium

235 4999 508 5091 Wysznycza
536 5000 613 5085 sita,
641 4997 736 5068 cuius
764 4997 887 5067 haeres
914 4993 1078 5065 Nicolaus
1106 4992 1391 5080 Morawyccz
1418 4989 1460 5060 de
1488 4987 1594 5059 armis
1620 4985 1767 5056 Powa·

235 5119 309 5209 lya.
351 5121 391 5190 ln
419 5141 485 5209 qua
512 5125 590 5190 sunt
628 5139 688 5188 sex
715 5117 806 5187 lanei
842 5113 1093 5202 cmethonales,
1135 5112 1329 5202 dequibus
1365 5108 1523 5180 omnibus
1557 5106 1706 5208 ‘solvitur
1733 5109 1769 5174 et

237 5241 429 5312 conducitur
455 5239 587 5310 decima
613 5237 839 5327 manipularis
871 5241 906 5306 et
933 5229 1108 5324 canapalis
1136 5255 1201 5323 pro
1227 5229 1438 5302 monasterio
1466 5225 1613 5297 Sanctae
1640 5223 1769 5313 Crucis,

237 5367 269 5430 et
291 5360 386 5430 valor
412 5359 490 5430 eius·
521 5358 724 5428 aestimatur
752 5356 795 5426 ad
824 5361 974 5444 quatuor
1000 5373 1151 5440 marcas,
1192 5352 1275 5421 item
1304 5347 1442 5418 solvunt
1472 5344 1639 5415 decimam
1665 5361 1769 5412 caua·

237 5479 338 5568 palem
365 5500 427 5568 per
454 5485 526 5549 tres
553 5479 702 5566 irrogas,
729 5478 810 5546 item
837 5475 1003 5546 tabernae
1031 5474 1118 5543 dnae
1145 5469 1284 5561 plebani
1311 5467 1479 5537 babentes
1506 5483 1619 5553 agros,
1646 5466 1683 5532 et
1701 5460 1771 5532 sol-

239 5605 315 5670 vunt
338 5599 502 5670 decimam
519 5599 698 5688 'plebau03
736 5597 818 5666 item
845 5593 1063 5666 hortulaniae
1099 5591 1188 5662 duae
1223 5587 1391 5659 hahentes
1418 5605 1539 5674 agros,
1575 5580 1770 5691 dequibus
1909 5675 1916 5694 Ι

241 5719 418 5790 decimatur
444 5719 653 5789 monasterio
680 5717 827 5800 Sanctae
854 5713 982 5786 Crucis.
1023 5712 1107 5782 Item
1136 5709 1313 5801 praedium
1341 5713 1395 5779 est
1420 5708 1576 5792 unicum,
1603 5703 1649 5810 de
1673 5703 1770 5774 cuius

333 5885 529 5930 naamam
657 5863 659 5869 '
1568 5851 1604 5900 aa
