4492 6592
1680 775 1754 846 327

193 979 347 1068 ierngaa
374 979 549 1069 canapalia
576 980 786 1052 monasterio
814 979 934 1052 Sancti
958 977 1131 1069 Andreae,
1156 986 1194 1052 ct
1219 979 1393 1052 ducitur
1383 1001 1420 1051 m
1447 1000 1567 1052 eorum
1583 981 1757 1069 horreum,

105 1105 106 1108 ’
179 1104 229 1172 'ct
256 1098 399 1170 valor
392 1101 467 1171 cius
494 1101 697 1194 aesdmatnr
714 1100 820 1176 ad..
839 1119 1007 1173 ..marcas
1042 1101 1130 1173 Item
1156 1102 1322 1190 taberna,
1348 1102 1432 1172 utcu
1459 1101 1755 1190 perminimam

192 1219 396 1310 praedium,
421 1221 504 1292 itam
534 1221 777 1292 molendinum
813 1221 978 1294 Alienata
1004 1228 1057 1294 eat
1082 1223 1170 1294 haec
1195 1222 1330 1293 decima
1353 1242 1377 1292 a
1401 1223 1612 1294 monasterio
1638 1222 1764 1294 Sancti

193 1339 377 1412 Andreae
461 1385 466 1394 ·
522 1384 525 1392 ι

304 1460 523 1553 Pnznnnru,
550 1463 633 1534 villa
659 1462 724 1534 snb
751 1464 917 1552 parochia
952 1463 995 1534 do
1021 1462 1262 1534 Matiozow
1289 1465 1375 1553 sita,
1402 1463 1500 1534 cuius
1526 1463 1652 1534 haeres
1678 1461 1757 1534 Sta·
1797 1492 1817 1503 ’·

194 1581 334 1654 nialaus
364 1583 563 1674 Plyanza
589 1583 632 1654 de
659 1583 761 1655 domo
787 1584 1099 1674 Bippenninm.
1126 1584 1166 1654 ln
1193 1605 1262 1673 qua
1289 1591 1372 1655 sunt
1397 1591 1476 1656 octo
1494 1584 1586 1657 lanei
1604 1585 1756 1655 cmetlm·
1878 1584 1885 1590 ’

108 1715 112 1722 “
194 1701 304 1791 cales,
335 1701 421 1774 item
448 1725 519 1774 una
542 1705 690 1775 taberna
716 1705 847 1776 habens
883 1724 1005 1794 agros,
1032 1703 1075 1774 dc
1102 1704 1228 1794 quibas
1254 1705 1413 1775 omuibus
1440 1704 1587 1775 solvitur
1614 1711 1651 1775 ct
1676 1724 1757 1775 con·

195 1823 342 1895 ducitur
371 1824 505 1896 decima
530 1826 755 1916 manipularis
783 1831 819 1896 ct
845 1825 1021 1915 oanapnlis
1047 1845 1111 1914 pro
1140 1825 1350 1896 monasterio
1377 1825 1497 1898 Sancti
1523 1824 1694 1912 Andreae,
1720 1830 1759 1894 ct

105 1975 106 1982 ¹
197 1945 300 2016 valor
329 1946 408 2017 eins
434 1946 637 2018 aestimatur
665 1947 708 2018 ad
738 1968 799 2018 sex
826 1965 970 2018 marcas.
998 1947 1085 2016 ltcm
1113 1946 1334 2018 hortulaniae
1360 1965 1429 2017 non
1447 1953 1539 2035 aunt,
1556 1946 1640 2016 item
1657 1965 1757 2034 prae

196 2065 294 2136 mam
324 2087 397 2138 non
424 2073 488 2138 est.
524 2067 610 2138 Item
645 2067 689 2138 de
715 2089 785 2140 nno
811 2087 933 2158 canapo
969 2065 1117 2158 percipit
1143 2067 1311 2139 decimam
1338 2066 1588 2157 manipularem
1614 2048 1760 2136 ccclesia

113 2205 119 2216 ·
196 2186 497 2260 in-Kcsszow.

306 2305 505 2380 Monnnur
533 2363 541 2379 .
567 2363 576 2378 .
603 2363 611 2378 .

305 2429 503 2519 Koeznow,
531 2427 613 2502 ailla
639 2429 871 2520 parochialem
899 2430 1077 2510 ecelesiam
1104 2428 1237 2502 habens
1262 2430 1299 2502 in
1325 2451 1364 2502 se
1390 2430 1503 2518 sian,
1518 2429 1617 2502 emas
1633 2410 1782 2500 haeres·

200 2549 692 2641 dacobunslloszlowsky
719 2551 894 2651 decumis
921 2551 1148 2640 Vulpium.
1174 2549 1215 2622 in
1242 2556 1420 2641 qnasuut
1444 2555 1524 2622 octo
1549 2547 1758 2644 cumrmodic

200 2669 296 2742 lanei
324 2671 581 2760 cmcthonales,
607 2671 651 2742 de
678 2671 806 2762 quibas
840 2672 998 2742 omuibus
1030 2672 1179 2742 solvitur
1204 2671 1338 2742 decima
1364 2670 1609 2761 manipularis,
1632 2674 1673 2740 et
1696 2687 1760 2758 per
1906 2728 1915 2735 .

206 2795 363 2880 quatuor
389 2793 526 2880 umgas
554 2791 739 2882 canapalis,
766 2798 803 2862 et
829 2791 968 2864 ducitur
985 2793 1137 2882 prupniis
1155 2793 1314 2863 cumbas
1331 2811 1396 2882 pro
1414 2787 1761 2864 maecenati

204 2911 391 3001 Andreae,
427 2918 463 2982 et
499 2911 597 2982 valor
631 2912 706 2983 cius
742 2912 947 2984 cosmetur
972 2913 1017 2984 ad
1045 2919 1196 3003 quamor
1222 2929 1365 2985 marcas.
1405 2913 1494 2983 liam
1519 2912 1665 2982 taberna
1690 2903 1761 2980 uua
1806 2938 1816 2962 κ

202 3032 338 3103 habens
376 3051 489 3122 mnus.
529 3032 615 3104 lt'em
644 3032 863 3111 homotoniae
889 3033 978 3104 duae
1004 3033 1173 3106 habentes
1195 3047 1322 3124 agros,
1350 3032 1394 3104 de
1407 3031 1580 3107 omnibus
1605 3023 1755 3101 solvitur
1910 3110 1914 3118 ⁸

202 3151 335 3223 decima
366 3152 593 3243 manipularis
618 3173 683 3242 pro
709 3154 919 3225 monastario
946 3153 1064 3226 Sancti
1091 3153 1255 3252 Andreae
1279 3154 1315 3225 in
1340 3149 1557 3249 ροηόὥωαπι
1580 3150 1669 3222 ltcm
1687 3169 1759 3234 mo-
1827 3243 1833 3252 ι

203 3263 383 3344 landinum
410 3295 478 3344 non
507 3279 561 3343 est
587 3273 646 3344 ibi.
672 3272 759 3344 item
787 3273 966 3364 praedium
993 3266 1047 3346 es't
1073 3275 1122 3347 ibi
1149 3277 1296 3364 unicum,
1322 3271 1366 3346 de
1384 3272 1481 3344 caim
1498 3272 1594 3361 agria
1611 3269 1759 3342 solvitur

205 3393 341 3464 decima
368 3393 593 3484 manipularis
620 3391 749 3466 ibidem
776 3393 811 3464 in
837 3393 1061 3466 Koszlow.
1894 3378 1897 3383 ⁵

173 3505 174 3511 ’
309 3515 468 3586 Bosana
494 3569 502 3585 .
530 3569 573 3584 ..
1060 3501 1063 3507 ’

155 3729 160 3734 ¹
199 3695 202 3702 .
310 3635 548 3726 Pazncnonr,
575 3635 657 3708 villa
684 3637 749 3708 sub
777 3637 942 3728 parochia
968 3635 1134 3708 ecclesiae
1161 3635 1205 3707 de
1230 3634 1398 3726 Kydow
1424 3636 1502 3725 sita,
1521 3636 1618 3706 cuius
1635 3633 1760 3705 hum
1849 3629 1855 3642 ’

208 3754 388 3828 lohannes
414 3756 662 3848 Pileczslry
690 3756 900 3829 castellanus
927 3755 1167 3828 cracoviensis
1199 3756 1247 3826 de
1274 3757 1380 3827 armis
1408 3755 1588 3827 Leliwa
1624 3753 1664 3824 ln
1692 3773 1762 3847 qua

104 3928 107 3943 .
209 3881 287 3947 sunt
322 3877 415 3949 lanei
451 3877 705 3966 omethonales,
741 3877 785 3948 de
821 3877 946 3968 quibus
982 3876 1142 3951 omnibus
1177 3876 1339 3948 solvitur
1359 3883 1395 3947 et
1420 3877 1576 3979 propriis
1599 3879 1779 3949 curribus

209 3996 349 4069 ducitur
386 3996 520 4068 decima
555 3997 797 4089 manipularis,
823 4003 861 4069 et
887 4017 950 4087 pcr
986 4003 1137 4088 quatuor
1164 3997 1303 4087 ierugaa
1328 3995 1523 4087 cauapalia,
1549 4000 1761 4072 monasterio

105 4215 110 4220 Α
209 4116 324 4189 Sancti
354 4117 524 4208 Andreae,
551 4123 587 4190 et
613 4119 713 4193 valor
748 4119 823 4192 eius
850 4119 1054 4190 aestimatur
1081 4117 1180 4189 ad..
1198 4137 1366 4190 ..marcas
1401 4119 1490 4190 Itcm
1516 4119 1743 4191 taberna..

211 4237 289 4314 item
316 4239 612 4312 hortulaniac...
621 4241 741 4328 ,item
767 4239 1053 4312 molendinum..
1073 4239 1186 4312 ‚Item
1212 4237 1444 4398 praedium.
1461 4238 1670 4330 Alienata
1688 4241 1761 4331 cpi·

114 4439 116 4442 ,
211 4377 335 4448 scopus
362 4359 600 4432 cracoviensis
623 4381 701 4434 eam
728 4361 887 4452 percipit.
1165 4392 1168 4400 ¹

312 4478 567 4571 Pnznszrann,
595 4480 678 4552 villa
704 4483 768 4553 snb
795 4479 960 4572 parochia
981 4480 1030 4554 de
1056 4480 1301 4557 Msticzou
1326 4481 1403 4572 situ,
1431 4480 1528 4554 cuius
1553 4479 1678 4561 laenas
1700 4479 1762 4553 Jo-

201 4593 356 4672 'names
379 4600 511 4692 Zegota
546 4601 918 4692 Marczinowaky
937 4601 998 4680 :dc
1025 4601 1128 4673 domo
1155 4601 1491 4692 Bippennium..
1519 4601 1559 4673 In
1587 4610 1764 4699 quaeunt

215 4721 472 4807 quatuordecim
499 4723 590 4794 lanei
616 4723 858 4812 amathonales,
885 4729 921 4795 ct
948 4721 992 4795 dc
1018 4723 1178 4796 omnibus
1204 4721 1352 4796 solvitur
1377 4729 1415 4795 ct
1441 4723 1645 4796 conducitur
1670 4723 1763 4795 deci·

216 4859 268 4910 ma
293 4829 519 4933 manipularis
546 4849 582 4914 et
608 4827 784 4934 canapalis
811 4864 875 4934 pro
902 4844 1115 4916 monasterio
1152 4844 1269 4916 Sancti
1295 4843 1476 4934 Andreae,
1503 4852 1540 4916 et
1565 4844 1665 4917 valor
1689 4845 1763 4916 eius

216 4962 415 5034 annuatur
442 4961 485 5035 ad
513 4983 573 5036 scr
600 4982 744 5053 marcas,
770 4963 954 5054 adqaando
981 4963 1026 5035 ad
1053 4963 1243 5037 duodecim.
1270 4963 1358 5037 Item
1376 4970 1431 5036 est
1448 4965 1498 5036 ibi
1514 4985 1584 5038 una
1600 4963 1757 5052 tabarnc,

217 5079 295 5152 itam
321 5083 410 5154 duae
436 5083 654 5156 hortulauiac
681 5085 848 5156 habentes
875 5105 988 5175 agros.
1010 5085 1104 5157 ltcm
1131 5105 1238 5156 unum
1264 5084 1453 5175 praedium,
1481 5090 1518 5156 et
1542 5083 1586 5155 de
1604 5083 1762 5157 omnibns
1824 5151 1830 5158 .

219 5199 360 5275 solvitur
385 5203 517 5274 decima
544 5204 770 5295 manipularis
797 5207 1007 5277 monasterio
1035 5205 1155 5278 Sancti
1182 5205 1344 5277 Andreae
1371 5205 1407 5275 in
1431 5201 1647 5301 pocdlwoua
1674 5204 1762 5277 Item

218 5325 268 5391 est
293 5323 341 5396 ibi
368 5343 523 5414 campus,
547 5324 590 5395 de
616 5345 684 5415 quo
713 5324 902 5398 decimatur
929 5325 1032 5398 altari
1060 5325 1220 5437 Omnium
1248 5327 1453 5398 Sanctorum
1471 5325 1506 5396 in
1526 5325 1671 5436 ecclesia
1688 5345 1760 5395 ma·
1812 5387 1819 5398 .
1900 5355 1909 5370 ³

220 5437 281 5512 iori
307 5444 537 5518 cracoviensi.
579 5459 585 5466 '

315 5563 622 5655 Kuaoszrrnnnr,
658 5564 823 5658 oppidum
858 5567 989 5662 habens
1024 5567 1061 5638 in
1094 5587 1136 5639 sc
1170 5567 1351 5639 ecclesiam
1386 5565 1619 5658 parochialem
1632 5565 1762 5657 ’lapide

221 5676 435 5778 induculam,
471 5687 515 5760 ad
550 5687 691 5811 durium
725 5680 932 5780 Gnyarna
966 5687 1214 5778 sitammam
1244 5687 1367 5762 haema
1392 5686 1565 5760 Petrus
1591 5687 1635 5759 dc
1661 5685 1764 5761 domo
