4492 6592
1687 777 1759 854 299
1778 799 1784 808 ·

187 979 349 1055 ecclesia
380 981 482 1058 Beati
509 983 714 1075 ClementiS,
743 991 882 1058 etcum
910 984 1052 1060 decimis
1080 987 1240 1060 omnibns
1268 983 1311 1059 ad
1337 987 1448 1078 ipsam
1476 986 1656 1061 ecclesiam
1683 1011 1762 1080 per·

187 1080 427 1197 liuentibus,
455 1107 526 1178 tale
553 1113 692 1198 pactum
730 1127 844 1178 eoram
872 1109 971 1178 nobis
998 1129 1041 1179 ex
1069 1115 1216 1200 utraque
1251 1117 1355 1198 parte
1380 1109 1575 1200 firmantes,
1613 1111 1703 1200 qnod
1731 1112 1762 1181 si

187 1225 325 1315 aliquis
367 1229 523 1318 ipsarum
559 1229 709 1318 partium
746 1229 834 1300 banc
870 1229 1162 1319 permutationem
1198 1229 1421 1321 infringeret,
1455 1230 1609 1302 dominio
1641 1237 1761 1304 nostro

187 1353 370 1437 quatuor·
385 1369 519 1420 marces
546 1350 622 1420 auri
649 1350 848 1440 persolvere
874 1355 1047 1440 teneatur,
1074 1351 1234 1440 apposito
1260 1351 1344 1439 boc,
1382 1351 1473 1441 quod
1502 1351 1661 1423 dominns
1688 1353 1761 1442 epi-

188 1467 325 1558 scopus
357 1467 599 1542 cracoviensis
627 1470 860 1559 supradictam
888 1470 1027 1542 domum
1054 1470 1097 1541 de
1124 1469 1417 1562 Stbanpatlry
1453 1472 1489 1542 in
1517 1472 1675 1544 omnibus
1702 1472 1761 1543 de

188 1587 344 1660 tendere
376 1597 413 1661 et
439 1591 609 1680 inspicere
635 1591 830 1680 tenebitur,
865 1598 937 1662 mm
964 1592 1112 1662 interius
1140 1611 1242 1682 quam
1269 1585 1431 1680 exterius,
1464 1592 1516 1662 ita
1542 1613 1642 1681 sane,
1670 1592 1762 1684 qnod

190 1711 334 1800 absque
365 1711 548 1782 voluntate
575 1711 704 1782 domini
732 1712 884 1802 episcopi
903 1710 1143 1784 cracoviensis
1170 1713 1394 1802 congregatio
1421 1713 1611 1802 saepedicti
1639 1733 1762 1784 coeno

105 1871 106 1878 κ
191 1831 241 1902 bii
271 1830 371 1901 nibil
398 1830 511 1902 iacere
539 1831 705 1922 audebit„
718 1853 782 1903 neo
809 1831 1064 1904 haereditatem
1087 1832 1237 1923 aliquam
1264 1832 1425 1921 vendere,
1454 1832 1509 1902 vei
1528 1853 1651 1923 emere,
1670 1853 1762 1904 com·

191 1956 349 2040 mucre,
379 1953 433 2023 vel
462 1953 660 2042 concedere,
689 1957 749 2023 aut
776 1952 1016 2043 qualicumque
1039 1952 1142 2024 modo
1170 1972 1191 2022 a
1217 1952 1320 2024 domo
1338 1951 1502 2040 alienare,
1529 1972 1592 2023 nec
1610 1953 1762 2025 abbatis·

193 2091 271 2143 sam
301 2075 522 2145 constituere
551 2079 611 2144 aut
637 2073 838 2163 destituere,
866 2093 928 2144 nec
955 2073 1192 2164 praepositum
1221 2083 1389 2164 quemque
1416 2071 1569 2162 deicere,
1610 2093 1673 2144 nec
1699 2095 1763 2145 nu-

193 2213 337 2263 merum
369 2213 528 2264 sororum
552 2213 679 2283 angere
707 2193 761 2263 vel
788 2193 958 2282 minuere,
987 2193 1048 2264 sed
1076 2194 1167 2278 sicot
1193 2193 1362 2264 haeredes
1387 2195 1471 2265 timo
1498 2194 1763 2284 constituerunt,

196 2313 344 2404 quando
375 2321 533 2402 sumptus
561 2313 682 2384 domus
719 2319 1025 2402 computaverunt,
1061 2312 1152 2402 quod
1179 2313 1325 2404 triginta
1360 2331 1498 2385 sorores
1534 2311 1661 2384 debent
1686 2335 1762 2386 esse
1847 2331 1853 2342 ’
1897 2381 1906 2390 ,

135 2455 141 2460 ·
196 2439 233 2502 et
260 2453 337 2502 non
367 2434 560 2522 pauciores,
588 2433 655 2503 nisi
684 2433 822 2521 qnando
849 2434 1026 2502 abbatisse
1053 2433 1107 2502 vei
1136 2433 1358 2522 praepositus
1376 2433 1534 2505 viderent
1561 2433 1698 2506 domum
1717 2430 1762 2508 ab

197 2551 320 2642 aliqua
350 2557 454 2642 parte
481 2546 664 2642 prolicere,
699 2557 783 2639 tunc
810 2551 853 2622 de
880 2550 1063 2622 voluntate
1097 2553 1374 2642 supranominati
1401 2554 1555 2644 episcopi
1582 2552 1762 2626 nnmerum

198 2673 361 2762 ipsarum
390 2691 518 2761 augere
546 2678 688 2762 possent
716 2691 824 2762 usque
851 2671 895 2742 ad
923 2671 1177 2762 quadraginta,
1209 2670 1270 2743 sed
1298 2692 1366 2744 non
1393 2674 1504 2762 ultra3
1530 2693 1631 2746 soror
1656 2677 1761 2747 etiam

198 2791 298 2864 nulla
326 2793 463 2883 absque
489 2793 668 2864 voluntate
695 2791 825 2864 domini
853 2791 1005 2884 episcopi
1024 2793 1119 2864 exire
1148 2791 1337 2864 claustrum
1365 2793 1514 2884 audebit,
1541 2793 1609 2865 nisi
1626 2795 1662 2864 in
1680 2794 1765 2885 luga

199 2933 441 3002 paganorum,
478 2919 540 2985 aut
565 2919 720 3004 tempore
747 2911 866 3003 lamis,
903 2919 1044 3004 praeter
1071 2913 1304 3002 abbatissam,
1339 2931 1429 3003 quae
1463 2933 1527 3004 pro
1554 2901 1762 2987 necessitate

202 3033 329 3106 domus
359 3035 456 3106 exiro
484 3034 622 3125 poterit3
649 3035 800 3125 quinque
826 3031 953 3108 fratres
979 3033 1177 3105 sacerdotes
1204 3051 1281 3105 esse
1298 3033 1435 3124 debeut,
1463 3035 1588 3126 quibus
1614 3054 1763 3127 praepo-

202 3155 293 3226 situs
322 3156 471 3246 singolis
499 3155 599 3227 anuis
626 3155 769 3226 cuilibet
795 3175 858 3246 per
884 3174 1035 3227 marcam
1063 3155 1201 3245 argenti
1237 3175 1301 3246 pro
1327 3155 1483 3228 vestibus
1510 3155 1617 3245 dabit,
1643 3161 1680 3228 et
1706 3178 1762 3227 so-

203 3277 347 3348 roribus
377 3277 555 3367 simiiitcr,
591 3276 621 3348 si
649 3277 698 3348 ita
725 3276 846 3348 domus
873 3273 1030 3348 sufficere
1057 3276 1207 3366 poterit,
1240 3275 1270 3346 si
1297 3281 1413 3348 antem
1440 3276 1483 3347 de
1511 3275 1633 3347 ordine
1660 3275 1763 3349 Beati

131 3439 134 3448 ,
204 3396 410 3489 Benedicti,
446 3400 597 3470 transire
634 3396 807 3468 voluerint
842 3397 885 3468 de
912 3397 1093 3469 voluntate
1121 3403 1158 3468 et
1184 3395 1327 3468 consilio
1362 3395 1493 3467 domini
1519 3397 1691 3488 episcopi,
1718 3397 1763 3468 ad

206 3519 367 3591 ordinem
394 3519 675 3591 cisterciensium
703 3517 911 3590 transibunt.
951 3516 1024 3589 Nos
1052 3538 1136 3590 vero
1162 3523 1376 3589 memoratus
1403 3515 1646 3590 cunradus
1683 3517 1764 3607 dux,

207 3660 271 3727 pro
308 3633 464 3712 remedio
504 3647 725 3730 peccatorum
766 3645 983 3727 nostrornm,
1025 3637 1142 3708 domni
1182 3637 1312 3708 Beatae
1346 3635 1482 3708 Mariae
1526 3635 1684 3730 Virginis
1720 3637 1763 3708 de

207 3757 541 3851 Stbauyatblry
577 3758 817 3831 cracoviensis
854 3757 1041 3846 dioecesis,
1077 3755 1226 3846 benigne
1261 3763 1297 3826 et
1327 3755 1521 3826 liberaliter
1554 3754 1762 3826 conferimus
1785 3755 1797 3844 j

209 3879 347 3968 plenam
376 3881 573 3952 libertatem
601 3881 669 3969 ita,
705 3885 745 3950 ut
773 3897 890 3950 omnes
918 3875 1051 3948 incolae
1086 3875 1247 3946 villarum
1275 3875 1320 3946 ad
1346 3875 1457 3964 ipsam
1489 3874 1627 3945 domum
1654 3875 1763 3964 perti-

210 3992 342 4093 nentes,
371 4021 434 4072 neo
462 4021 577 4073 coram
604 4000 768 4090 palatino,
795 4014 859 4070 noc
877 4017 992 4069 coram
1011 3995 1209 4085 castellano,
1236 4013 1300 4066 nec
1318 4015 1435 4084 coram
1453 3991 1625 4066 iudicibus
1643 4013 1763 4066 eorum

211 4120 372 4213 citentnr,
399 4122 454 4193 vel
482 4121 579 4192 citati
607 4114 849 4210 respondeant,
877 4137 941 4191 nec
967 4127 1132 4188 stroszom
1158 4115 1313 4206 solvent,
1339 4133 1451 4205 neque
1477 4114 1523 4186 ad
1549 4113 1677 4186 bellum
1705 4113 1762 4184 vel

212 4242 255 4313 ad
283 4249 437 4315 castrum
466 4241 715 4314 aedificandum
743 4242 795 4312 ire
822 4239 1083 4332 compellantur,
1110 4237 1172 4310 sed
1190 4238 1219 4308 si
1238 4237 1316 4328 qnis
1333 4235 1500 4308 adversus
1526 4255 1587 4307 eos
1612 4235 1762 4326 aliquam

212 4381 348 4436 cansam
377 4365 551 4454 habuerit,
578 4363 692 4453 sigillo
720 4367 840 4434 nostro
867 4361 986 4433 littere
1013 4359 1166 4451 sigillata
1192 4359 1299 4448 citati,
1326 4377 1443 4430 coram
1470 4357 1571 4429 nobis
1598 4355 1763 4428 indicium

214 4482 330 4556 subire
357 4486 577 4557 tenebuntur.
604 4482 856 4555 Oonfimamus
883 4483 997 4572 etiam,
1038 4479 1139 4584 quod¹
1157 4478 1316 4552 dombrns
1342 4477 1555 4550 Andreas
1582 4477 1764 4568 episcopus

215 4607 450 4695 saepedictus,
485 4625 566 4676 suas
593 4604 752 4695 proprias
787 4602 1025 4675 haereditates
1060 4607 1095 4672 et
1120 4590 1168 4672 de
1193 4619 1362 4672 consensu
1398 4605 1435 4695 et
1459 4599 1552 4670 bona
1582 4597 1763 4670 voluntate

215 4719 359 4796 fratrum
386 4745 543 4814 suorum,
580 4723 697 4795 domni
723 4721 919 4813 saepefatae
942 4721 1111 4812 contulit,
1146 4719 1502 4792 Brzeszniczam
1537 4717 1699 4790 videlicet
1725 4718 1773 4820 in¹

108 4877 110 4888 =
218 4841 289 4916 inre
314 4846 542 4918 theuthonico
561 4864 637 4917 cum
655 4843 800 4916 ecclesia
828 4841 931 4914 Beati
959 4841 1065 4934 Petri,
1092 4847 1223 4914 etcum
1251 4839 1394 4912 decimis
1412 4839 1571 4911 omnibus
1589 4837 1633 4910 ad
1651 4838 1760 4928 ipsam

167 4943 170 4956 ’
219 4965 393 5038 ecclesiam
421 4965 694 5057 pertinentibus,
721 4985 797 5036 oum
824 4961 900 5036 loro
927 4961 1038 5034 libero
1065 4967 1101 5033 et
1125 4960 1294 5051 tabernis,
1320 4961 1372 5032 ita
1398 4959 1491 5050 quod
1516 4957 1632 5030 nullus
1659 4955 1764 5027 index
1799 4957 1804 4968 '

119 5170 123 5180 1
220 5091 254 5155 et
278 5089 490 5160 monetarius
517 5087 566 5159 ibi
593 5086 763 5158 dominari
791 5084 921 5176 possit,
956 5089 1096 5155 etcum
1122 5081 1327 5154 castoribus
1371 5077 1526 5151 Contulit
1560 5079 1703 5167 insuper
1728 5081 1765 5146 et
1826 5077 1831 5088 '

221 5202 435 5300 Lopyand
464 5229 539 5280 cnm
562 5207 650 5296 sale,
678 5211 713 5277 et
739 5204 992 5276 haereditatem
1020 5201 1281 5291 Vincentii,
1317 5219 1405 5291 quae
1432 5197 1654 5289 Bocbuya
1680 5195 1765 5266 dici-

221 5329 284 5418 tur,
309 5305 476 5401 Bulrov
504 5335 540 5400 et
567 5325 949 5414 Indolusobicze,
986 5323 1078 5414 quod
1104 5321 1216 5394 frater
1242 5340 1325 5393 suns
1351 5317 1667 5390 svatuoslaus
1703 5315 1765 5386 ba·
1820 5359 1823 5367 -

223 5443 302 5539 buit,
329 5449 603 5541 Wyszniczc
629 5447 803 5536 totaliter,
831 5451 867 5516 et
894 5442 1060 5535 quidquid
1088 5440 1361 5529 commutaverit,
1389 5457 1453 5530 pro
1479 5435 1766 5528 Stbanyatb-

225 5563 423 5656 kyiterum
450 5568 567 5640 reddit
593 5567 730 5655 domni;
770 5563 1134 5636 Dobranowicze
1173 5565 1210 5630 et
1250 5557 1686 5645 caedantbowicze,
1726 5576 1768 5625 ac

225 5683 303 5760 duas
330 5691 508 5780 portiones
532 5688 624 5776 salis,
653 5707 740 5777 quae
767 5706 789 5756 a
815 5683 918 5772 vulgo
940 5678 1074 5776 poesim
1093 5686 1131 5751 et
1149 5700 1261 5749 coccae
1288 5683 1459 5750 vocantur
1484 5677 1529 5749 ad
1555 5660 1769 5766 Magnum
