4492 6592
1748 792 1792 873 17

232 995 388 1074 iohanni
404 999 597 1094 'Baptistae
633 997 803 1092 dicatam,
831 998 929 1075 cuius
957 1001 1153 1094 proprietas
1181 999 1224 1075 ad
1251 1001 1499 1076 monasterium
1526 999 1795 1098 Mycchoviense

234 1124 400 1212 pertinet.
435 1125 475 1194 In
513 1146 581 1215 qua
616 1131 697 1195 sunt
734 1125 853 1195 decem
880 1125 972 1196 lanei
1000 1126 1252 1216 emethonaleS,
1279 1132 1314 1196 et
1341 1127 1487 1216 quilibet
1513 1128 1618 1199 solvit
1646 1130 1796 1200 mediam

76 1349 77 1360 ἵ
130 1271 137 1295 ’
234 1265 444 1335 sexagenum
479 1267 543 1336 pro
576 1265 699 1334 censu,
727 1247 809 1316 item
838 1265 904 1317 ova
918 1245 1093 1350 triginta,
1121 1247 1204 1317 item
1230 1247 1342 1336 gallos
1358 1254 1536 1340 quatuor,
1564 1249 1648 1320 item
1676 1271 1795 1322 caseos

232 1365 329 1436 duos.
358 1367 445 1437 Item
472 1361 609 1438 laborat
630 1365 782 1457 ‘quilibet
808 1367 895 1437 duos
922 1367 996 1438 dics
1022 1367 1059 1437 in
1087 1369 1291 1457 septimana,
1309 1369 1392 1438 item
1403 1367 1590 1462 protundum
1607 1378 1793 1462 utramque
1910 1367 1914 1379 '
1968 1362 1971 1371 ’

170 1575 173 1582 1
232 1487 404 1576 laborant,
432 1507 495 1577 pro
522 1508 605 1560 vere
632 1495 674 1559 et.
694 1488 827 1579 hyeme,
854 1488 996 1578 proprio
1024 1509 1129 1560 curru
1157 1493 1217 1559 aut
1235 1495 1363 1560 aratro.
1390 1489 1477 1560 Item
1497 1513 1633 1585 oaaayep
1652 1492 1795 1563 solvunt

234 1629 312 1696 pru,
327 1610 550 1679 monasterio.
577 1589 663 1678 item
692 1607 839 1679 taberna
866 1611 935 1679 una
962 1609 1093 1680 habens
1120 1630 1234 1699 agnda,
1253 1631 1341 1700 quae
1360 1611 1465 1681 solvit
1482 1631 1546 1700 pru
1565 1632 1670 1682 censu
1688 1633 1792 1683 unam

236 1749 313 1798 cnm
342 1729 457 1800 media
484 1749 644 1800 marcam.
671 1729 759 1800 Item
785 1729 1004 1800 hortulaniae
1033 1737 1191 1821 quatuor,
1219 1737 1256 1801 et
1282 1731 1457 1820 quaelrbet
1480 1732 1585 1803 solvit
1602 1753 1707 1803 unum
1725 1733 1793 1803 icr-

233 1857 352 1920 tonem
381 1857 417 1920 et
443 1871 550 1921 unum
577 1849 667 1920 diem
694 1851 841 1921 laborat.
868 1850 954 1922 Item
983 1851 1217 1922 molendinum
1243 1873 1312 1922 non
1327 1857 1395 1922 est
1421 1851 1479 1922 ibi.
1506 1851 1594 1922 Item
1612 1854 1794 1942 praedium

235 1979 290 2040 est
327 1971 378 2041 ibi
405 1971 622 2070 coenobiale,
650 1971 693 2042 de
731 1985 804 2062 qno·
836 1971 983 2043 soletur
1018 1971 1152 2042 decima
1178 1973 1404 2062 manipularis
1432 1973 1597 2044 ecclesiae
1624 1975 1659 2044 in
1687 1974 1795 2045 Cho·

236 2091 343 2162 don.
379 2091 467 2162 Item
505 2113 623 2164 omnes
652 2093 727 2182 agri
762 2091 866 2164 villae
894 2091 1035 2164 solvunt
1062 2101 1098 2163 et
1126 2093 1322 2164 conducunt
1348 2090 1522 2164 decimam
1543 2094 1793 2184 manipularem

236 2219 272 2282 et
299 2213 509 2304 canapalem,
537 2235 600 2303 pro
628 2214 773 2285 ecclesia
799 2213 989 2304 parochiali
1017 2215 1053 2284 in
1080 2213 1286 2304 Unyeow,
1313 2237 1405 2286 nnnc
1431 2215 1527 2285 illam
1553 2215 1647 2286 tollit
1673 2237 1794 2315 mona7

235 2335 381 2404 sterium
408 2333 686 2424 Myeehoviense,
713 2340 748 2406 et
774 2336 872 2434 palor
900 2335 973 2406 eius
1001 2335 1207 2406 aestimatur
1233 2335 1277 2406 ad
1305 2337 1423 2408 decem
1446 2354 1589 2427 marcas,
1608 2337 1794 2428 aliquando

235 2455 279 2524 ad
315 2455 506 2526 duodecim.
541 2453 703 2528 Oonlinat
738 2477 815 2528 cnm
852 2456 1190 2547 Charsznicza,
1227 2456 1536 2548 Vithowicze,
1568 2458 1788 2549 Falnyou

237 2574 578 2648 Psztroszicze.
614 2577 710 2648 Haec
747 2579 829 2649 villa
865 2585 981 2668 empta
1016 2587 1070 2649 cst
1106 2599 1171 2668 per
1205 2560 1413 2649 Michaelem
1448 2585 1531 2649 tunc
1557 2580 1793 2668 praepositum

237 2695 550 2788 Myechoviensem,
578 2719 642 2788 pro
669 2701 880 2770 munasterio
907 2698 1178 2789 Myechoviensi,
1205 2720 1227 2769 a
1251 2699 1360 2769 nobili
1387 2698 1561 2771 Dobeslao
1588 2699 1631 2770 de
1659 2697 1794 2790 Grzy-

236 2817 341 2908 bow,
370 2819 541 2890 dedomo
569 2819 715 2890 Ruszc
742 2821 861 2892 milite.
1487 2831 1491 2836 ’

341 2938 575 3031 Snnwraur,
602 2941 685 3012 villa
721 2941 785 3012 sub
821 2941 987 3031 parochIa
1022 2941 1065 3014 de
1101 2941 1259 3035 Kygye
1295 2942 1382 3030 sita,
1409 2941 1506 3012 cuins
1535 2942 1730 3031 proprietas
1758 2947 1794 3011 et
1845 2939 1854 2947 ’

238 3058 427 3130 dominium
456 3060 499 3130 ad
519 3061 766 3132 monasterinm
785 3061 1051 3152 Myechoviense
1070 3064 1232 3152 pertinet.
1259 3062 1298 3132 In
1318 3083 1387 3152 qua
1405 3069 1485 3133 sunt
1503 3063 1684 3133 duodecim
1702 3062 1793 3133 lanei

237 3180 482 3271 onetnonales,
511 3190 547 3252 et
575 3177 721 3272 quilibet
747 3183 851 3254 solvit
871 3239 878 3252 .
897 3238 904 3252 .
924 3239 950 3272 .,
976 3183 1060 3253 item
1088 3203 1155 3255 ova
1180 3184 1337 3273 triginta,
1365 3184 1448 3254 item
1466 3183 1576 3272 gallos
1596 3183 1692 3274 duos,
1710 3184 1795 3254 item

237 3321 357 3372 caseos
385 3301 481 3392 duos,
509 3303 592 3376 item
620 3303 729 3393 labor,
757 3286 838 3374 item
859 3302 1062 3399 promebam,
1090 3305 1173 3375 item
1200 3326 1337 3399 omzpcp
1365 3304 1504 3376 solvunt
1530 3325 1595 3394 pro
1621 3309 1794 3375 monaste-

236 3424 300 3493 rio.
327 3423 416 3494 Item
443 3431 525 3496 sunt
552 3425 600 3496 ibi
628 3433 779 3516 quatuor
805 3426 972 3496 tabernae
991 3425 1160 3497 babentes
1179 3446 1292 3517 agros.
1318 3425 1407 3496 Item
1424 3425 1644 3496 hortulahiae
1662 3426 1793 3497 haben-

99 3649 103 3655 ·
236 3550 291 3615 tes
319 3565 433 3636 agros,
463 3551 498 3616 et
516 3545 662 3636 quilibet
689 3547 794 3619 solvit
812 3567 916 3618 unum
934 3545 1115 3636 fertonem,
1142 3554 1179 3618 et
1203 3547 1342 3619 laborat
1367 3567 1474 3617 unum
1501 3547 1592 3617 diem
1619 3548 1656 3616 in
1683 3548 1790 3636 septi-

238 3685 351 3737 mana.
378 3665 467 3738 Item
494 3673 548 3738 est
574 3668 623 3739 ibi
649 3667 829 3759 praedium
848 3669 1058 3760 coenobiale,
1077 3669 1119 3739 de
1139 3668 1236 3740 cuius
1255 3669 1349 3758 agris
1368 3667 1500 3738 decima
1517 3668 1605 3738 nulli
1632 3667 1789 3756 solvitur,

238 3787 299 3857 sed
326 3807 402 3858 eam
429 3790 678 3860 morrasterium
704 3809 768 3880 pro
796 3811 834 3860 se
861 3787 962 3860 tollit.
989 3790 1077 3861 Item
1104 3795 1159 3860 est
1185 3791 1235 3859 ibi
1261 3787 1504 3880 molendinum,
1530 3789 1663 3860 habens
1690 3807 1794 3877 agros

237 3890 278 3977 eir
308 3909 451 3998 praedio
479 3910 547 3982 sibi
573 3909 729 4000 largitos,
757 3895 858 4002 quod'
874 3909 1021 3982 decimat
1038 3931 1102 4002 pro
1121 3911 1332 3980 monasterio
1352 3915 1388 3979 et
1406 3909 1553 3979 solvit...
1567 3908 1654 3978 ltem
1673 3928 1793 3979 omnes

236 4029 313 4117 agri
339 4029 443 4101 villae
470 4029 610 4102 solvunt
636 4037 672 4102 et
704 4031 901 4103 conducunt·
930 4031 1095 4102 decimam
1131 4030 1384 4130 manipularem
1420 4036 1456 4099 et
1482 4029 1701 4118 canapalem,
1728 4049 1793 4116 pro

237 4151 438 4241 praebenda
464 4150 676 4242 Kelcziensi,
704 4173 792 4243 quac
820 4158 965 4226 vocatur
990 4151 1200 4244 Zydonslrn,
1227 4158 1264 4221 et
1290 4150 1388 4223 valor
1414 4149 1489 4221 eius
1516 4149 1722 4222 aestimatur
1748 4148 1794 4219 ad

76 4281 77 4286 ’
120 4314 123 4319 -
237 4272 419 4350 duodecim
447 4293 590 4344 marcas.
617 4271 1637 4365 Oonfinatcumegyc,Szandziwoycwycze...

343 4391 708 4485 Gornnarnowrczn,
736 4393 819 4466 villa
846 4395 910 4466 sub
937 4395 1104 4489 parocbia
1130 4393 1173 4465 de
1198 4392 1356 4487 Kygye
1384 4393 1461 4482 sita,
1480 4392 1578 4463 cuins
1596 4391 1793 4481 proprietas

237 4515 281 4587 ad
310 4515 559 4587 monasterium
586 4514 854 4608 Myechoviense
890 4515 1052 4606 pertinet.
1091 4515 1132 4587 In
1160 4537 1229 4607 qua
1255 4521 1337 4586 suut
1363 4520 1497 4603 septem
1522 4513 1615 4584 lanei
1642 4511 1795 4583 cmathc-

237 4637 346 4726 naleS,
373 4645 409 4707 et
436 4637 582 4728 quilibet
608 4637 713 4709 solvit
731 4691 738 4707 .
758 4692 765 4708 .
785 4693 810 4728 .,
837 4639 921 4708 item
940 4659 1006 4710 ova
1031 4638 1187 4728 trIgintn,
1214 4637 1298 4709 item
1324 4635 1436 4726 gallos
1454 4635 1552 4725 duos,
1570 4635 1655 4706 item
1673 4653 1793 4705 caseos

237 4757 335 4848 dnos,
362 4759 445 4828 item
471 4757 580 4848 labor,
608 4759 690 4829 item
710 4757 904 4852 potandum,
931 4759 1016 4831 item
1043 4780 1180 4854 osaayep
1208 4757 1348 4830 solvunt
1374 4776 1438 4847 pro
1456 4756 1679 4827 monasterio.
1705 4754 1793 4825 Item

236 4879 286 4949 ibi
303 4887 384 4949 'una
410 4879 563 4969 taberna,
590 4879 721 4953 habens
749 4901 852 4970 agros
880 4901 922 4951 ex
950 4881 1094 4971 praedio
1122 4881 1190 4952 sibi
1216 4879 1374 4970 largitos,
1400 4885 1437 4949 et
1463 4877 1649 4949 solvit...
1670 4875 1793 4947 :Item

238 5007 292 5071 cst
319 5021 389 5070 una
415 4999 615 5072 hortulania
641 5001 774 5073 habens
801 5021 914 5090 agros.
940 5001 1030 5073 Item
1056 5007 1111 5073 est
1137 5023 1243 5073 unum
1270 5000 1504 5073 molendinum
1529 4999 1663 5070 habens
1681 5017 1794 5085 agros,
1889 4981 1898 4991 ”

239 5120 282 5192 de
310 5142 379 5212 quo
407 5121 555 5192 solvitur
572 5176 686 5192 .....
713 5121 801 5193 Item
815 5130 883 5194 *est
909 5123 959 5194 ibi
986 5145 1092 5194 unum
1118 5122 1299 5213 praedium
1326 5119 1535 5208 coenobiale,
1562 5118 1606 5189 de
1633 5117 1730 5229 cuius
1757 5122 1794 5186 et

239 5243 407 5314 tabernae
435 5243 539 5332 agria,
566 5243 715 5315 solvitur
741 5243 875 5315 decima
901 5245 1127 5335 manIpularis
1154 5243 1320 5316 ecclesiae
1347 5239 1537 5334 parochiali
1564 5240 1600 5308 in
1627 5237 1793 5330 Kygye.

239 5363 326 5434 Item
355 5383 473 5435 omnes
501 5365 582 5454 agri
605 5363 705 5435 villae
732 5359 872 5436 solvunt
898 5373 935 5436 et
961 5365 1159 5436 conducunt
1185 5365 1353 5435 decimam
1372 5359 1619 5451 manipularem
1639 5365 1675 5431 et
1693 5379 1793 5430 cana-

239 5485 351 5574 palem
379 5506 444 5574 pro
472 5485 669 5574 praebenda
694 5484 897 5575 Kelozicnsi,
925 5507 1013 5575 qnae
1040 5492 1185 5556 vocatur
1202 5484 1405 5576 Zydowslra,
1425 5488 1461 5552 et
1478 5480 1576 5554 raim
1594 5480 1668 5552 eius
1687 5481 1794 5551 aesti-

240 5613 355 5682 matur
382 5605 426 5682 ad
454 5612 587 5695 septem
614 5627 756 5677 marcas.
785 5605 944 5678 Continet
963 5627 1039 5676 cum
1063 5604 1229 5696 Kygye,
1256 5603 1794 5692 Szandziwoyouicze...

341 5773 391 5814 Μὴ.
400 5773 499 5814 Banaflc.
512 5771 558 5812 111.
1591 5751 1607 5798 8
