4492 6592
1653 779 1729 852 223

180 993 318 1060 tanetum
346 989 482 1060 solvere
509 1009 575 1077 pro
602 987 956 1058 mensalibus...ltem
983 985 1151 1076 plebanus
1177 985 1377 1056 etecclesia
1394 982 1605 1075 parochialia
1623 983 1731 1056 habet

179 1109 225 1184 ibi
250 1109 456 1198 praedium,
484 1109 519 1179 in
553 1114 627 1180 tres
663 1129 802 1198 campos
830 1107 976 1180 divisum
988 1095 1002 1197 ,‘
1023 1107 1066 1177 de
1093 1107 1219 1197 quibus
1245 1107 1333 1177 nulli
1358 1105 1481 1195 solvit3
1515 1106 1599 1176 item
1624 1105 1731 1177 babet

180 1229 262 1301 duos
290 1229 436 1318 hortos3
463 1229 561 1299 item·
574 1229 680 1300 habet
707 1227 919 1300 offertorium
946 1232 982 1298 et
1008 1227 1279 1302 ecclesiasticum
1306 1229 1497 1318 quaestum,

279 1348 567 1438 Szrmnarszrn,
602 1349 686 1421 villa
721 1349 785 1420 sub
821 1349 986 1439 parochia
1022 1347 1188 1420 ecclesiae
1222 1347 1266 1419 de
1301 1347 1496 1419 Tuchow
1521 1347 1606 1436 sita,
1632 1346 1729 1417 cuins

178 1471 379 1562 proprietas
399 1462 451 1542 ’11
478 1470 666 1542 dominium
702 1469 748 1540 ad
784 1469 946 1541 abbatem
982 1473 1031 1540 et.
1052 1469 1301 1540 monasterium
1328 1467 1541 1540 Tinicziense
1567 1467 1730 1557 pertinet.

179 1593 216 1662 ln
242 1611 313 1681 qna
340 1597 426 1663 sunt
452 1592 597 1681 triginta
622 1591 715 1662 lanei
742 1589 993 1678 emetbonales,
1020 1589 1063 1662 de
1090 1589 1215 1679 quibus
1240 1589 1399 1660 omnibus
1423 1588 1573 1660 solvitur
1598 1587 1731 1659 decima

178 1713 408 1802 manipularis
443 1719 479 1783 11
514 1712 708 1802 canapalis,
735 1717 771 1784 ct
797 1710 1002 1782 conducitur
1027 1729 1090 1801 per
1116 1709 1334 1799 cmethoues,
1361 1716 1467 1802 atqua
1491 1709 1639 1781 solvitur
1664 1728 1729 1799 pro

178 1833 322 1904 ecclesia
349 1833 542 1924 parochiali
568 1834 604 1903 in
633 1817 836 1922 Tuchow,
854 1837 890 1904 et
915 1831 1014 1904 valor
1040 1832 1115 1903 eius
1138 1830 1405 1902 aestimaturad
1421 1830 1569 1920 triginta
1585 1850 1748 1902 marcas..
1844 1872 1848 1883 f

180 1955 263 2026 Item
302 1960 360 2025 est
396 1954 446 2026 ibi
481 1953 642 2026 scoltetia
679 1954 811 2025 habens
842 1953 980 2043 laneos,
1006 1953 1050 2024 de
1077 1953 1204 2043 quibus
1229 1952 1388 2024 omnibns
1422 1950 1572 2024 solvitur
1597 1951 1731 2022 decima

179 2075 408 2165 manipularis
435 2075 609 2148 ecclesiae
626 2073 818 2165 parochiali
844 2074 880 2174 in
908 2073 1120 2162 Tuchow3
1147 2074 1231 2144 item
1256 2071 1447 2163 praedium,
1473 2073 1557 2143 item
1574 2072 1730 2162 taberna,

178 2196 257 2266 item
284 2197 496 2268 hortulania.
1822 2171 1826 2176 Δ

118 2295 123 2306 ’
278 2317 520 2406 Damascus,
547 2317 631 2388 villa
657 2317 722 2388 sub
748 2316 915 2407 parochia
940 2315 1104 2388 ecclesiae
1131 2315 1176 2387 de
1202 2313 1394 2386 Tucbow
1420 2315 1497 2405 sita,
1522 2313 1620 2385 cuiue
1646 2333 1727 2404 pro-

180 2438 306 2529 prietas
343 2443 382 2510 et
418 2437 604 2510 dominium
641 2437 684 2509 ad
711 2415 871 2510 abbatem
907 2443 944 2508 et
977 2437 1225 2508 monasterium
1253 2435 1466 2506 linicziense
1492 2435 1653 2524 pertinet
1687 2435 1728 2504 ln
1768 2465 1772 2472 ·

179 2579 243 2649 qua
268 2564 353 2630 snut
379 2559 417 2630 in
443 2565 543 2649 parte
570 2560 709 2650 abbatis
724 2560 816 2630 lanei
834 2557 1087 2646 emetbonales3
1112 2558 1197 2629 item
1214 2557 1259 2628 dc
1275 2555 1435 2628 omnibus
1452 2552 1546 2646 agris
1564 2561 1600 2626 et
1616 2554 1728 2626 laneis

181 2677 354 2770 praefatae
382 2680 486 2751 villae
513 2680 661 2752 solvitur
687 2686 723 2751 et
748 2678 953 2752 conducitur
979 2678 1112 2750 decima
1137 2677 1363 2767 manipularis
1389 2682 1426 2748 et
1452 2675 1637 2766 canapalis,
1662 2695 1728 2766 pro

182 2800 324 2872 molesia
351 2799 546 2890 parochiali
571 2801 606 2872 in
635 2800 838 2891 Tuchow,
865 2805 902 2872 et
928 2800 1027 2872 valor
1052 2799 1128 2870 eius
1155 2799 1359 2870 aestimatm
1385 2796 1567 2868 addacem
1585 2817 1728 2868 marcas.

116 2972 120 2980 .
183 2921 265 2992 Item
291 2921 328 2992 in
356 2921 478 2994 eadem
504 2923 588 2993 villa
614 2927 668 2994 est
694 2921 872 3012 praedium
898 2922 1026 2993 bonum
1052 2920 1220 2992 ecclesiae
1244 2924 1281 2990 et
1306 2919 1445 3009 plebani
1470 2917 1728 3007 Tucbouiensia,

184 3043 315 3133 dequo
354 3043 442 3114 nulli
476 3043 581 3115 solvit
616 3043 803 3133 decimam,
830 3049 866 3114 et
900 3042 999 3114 valor
1035 3041 1109 3113 eius
1137 3041 1342 3112 aesfimatnr
1368 3039 1413 3111 ad
1440 3038 1558 3112 decem
1584 3059 1727 3110 marcas

182 3163 263 3234 Item
291 3163 474 3254 praedium
500 3165 708 3254 coenobiale,
735 3166 816 3235 hem
843 3165 1019 3254 tabernae,
1037 3163 1120 3234 item
1137 3161 1366 3250 hortulaniae,
1383 3162 1469 3232 item
1485 3160 1728 3232 molendinum.

281 3285 638 3375 BuscuwosouoWA,
666 3283 750 3358 villa
776 3286 841 3357 snb
867 3285 1032 3375 parochia
1058 3278 1224 3356 eccleciae
1251 3282 1296 3354 de
1313 3282 1509 3353 Tnchow
1535 3283 1613 3371 sita,
1631 3282 1728 3352 cuius

184 3407 376 3496 proprietas
404 3410 441 3477 11
458 3405 672 3496 domipium.
691 3461 725 3476 ..
752 3407 791 3476 In
820 3427 889 3496 qua
914 3411 995 3477 sunt
1021 3405 1171 3477 sedecim
1197 3404 1289 3475 lanei
1314 3403 1563 3493 emetbonales,
1590 3407 1626 3474 et
1653 3403 1728 3492 qui*

185 3527 263 3598 libet
291 3528 399 3600 solvit
432 3507 568 3600 ratione
594 3528 780 3618 parochiae
807 3527 971 3600 ecclesiae
997 3526 1188 3618 parochiali
1225 3529 1262 3597 et
1286 3525 1435 3616 plebano
1461 3525 1497 3596 in
1525 3524 1728 3613 Tuchow,

186 3671 283 3719 unum
308 3670 470 3738 grossum
497 3655 533 3720 11
559 3671 664 3720 unum
691 3669 837 3720 caseum.
864 3648 952 3720 Item
980 3669 1097 3720 omnes
1115 3647 1207 3718 lanei
1225 3646 1468 3738 emetbonales,
1486 3647 1569 3718 item
1591 3645 1729 3736 praedi-

186 3789 247 3860 nm,
271 3770 356 3841 item
385 3770 560 3860 tabernae,
587 3771 671 3841 item
697 3769 916 3842 hortulaniae
935 3823 942 3839 .
961 3823 996 3839 ..

281 3891 434 3980 Bursam,
462 3890 546 3961 villa
572 3891 636 3962 sub
663 3891 828 3981 parochia
855 3890 898 3962 de
924 3889 1154 3962 Thuchow
1181 3890 1258 3960 sita
1284 3888 1325 3959 In
1352 3909 1421 3979 qna
1446 3893 1529 3959 sunt
1554 3888 1672 3959 decem
1691 3893 1729 3959 et

188 4015 311 4101 septem
338 4011 431 4082 lanei
459 4011 701 4102 emetbonales,
728 4013 810 4082 item
838 4009 926 4082 duae
947 4011 1177 4101 hortulaniae,
1196 4014 1231 4080 et
1249 4007 1394 4100 quilibet
1411 4008 1547 4080 cmetho
1565 4007 1609 4079 de
1626 4009 1727 4080 laneo

186 4131 286 4236 solvit
307 4133 475 4204 ecclesiae
501 4133 692 4222 parochiali
719 4133 755 4202 in
783 4131 975 4204 Tnchow
1002 4137 1038 4203 et
1064 4131 1139 4203 eius
1165 4131 1323 4222 plebano,
1341 4130 1486 4203 ratione
1512 4129 1598 4200 iuris
1624 4109 1727 4221 paro-

186 4237 307 4340 chialis,
335 4273 441 4324 unum
467 4267 626 4342 grossum
653 4257 689 4323 et
714 4231 819 4324 unum
843 4272 989 4343 caseum,
1015 4253 1221 4325 hortulanus
1239 4273 1322 4323 vero
1341 4249 1445 4323 solvit
1461 4249 1611 4322 medium
1628 4271 1727 4341 gros·

188 4359 253 4440 sum
279 4379 315 4443 et
340 4393 448 4444 unum
476 4393 622 4444 caseum.
649 4364 882 4445 Item'omnes
910 4374 1107 4446 emetbones
1135 4373 1238 4445 villae
1265 4373 1404 4445 solvunt
1431 4371 1616 4462 decimam,
1643 4372 1725 4443 item

189 4492 367 4584 praedium,
394 4494 476 4564 item
504 4494 680 4565 tabernae.

282 4613 479 4704 Musounn,
507 4615 589 4686 villa
616 4617 680 4686 sub
707 4615 873 4706 parochia
900 4615 1064 4688 ecclesiae
1091 4615 1134 4688 de
1162 4615 1357 4688 Tuchow
1384 4615 1462 4687 sita
1487 4615 1529 4687 In
1555 4635 1624 4707 qua
1646 4621 1727 4688 suut

190 4733 408 4826 quadraginta
434 4755 493 4806 sex
521 4735 613 4807 lanei
641 4737 883 4828 emetbonalea
909 4744 945 4810 11
972 4737 1116 4828 quilibet
1143 4737 1247 4810 solvit
1273 4737 1439 4810 ecclesiae
1473 4734 1664 4828 parochiali
1690 4739 1727 4808 iu

192 4847 389 4946 lochen,
416 4857 550 4928 ratione
581 4857 668 4928 iuris
704 4857 931 4948 parochialis,
959 4879 1064 4930 unum
1092 4879 1209 4931 corum
1237 4859 1386 4950 siliginis
1412 4866 1449 4932 et
1473 4880 1578 4931 unum
1607 4879 1724 4930 corum

193 4991 308 5046 arenae
333 4983 370 5048 et
395 4999 500 5048 unum
529 4999 674 5050 caseum.
701 4979 789 5050 Item
817 4985 871 5051 est
896 4979 946 5051 ibi
974 4971 1292 5053 scoltetia'habens
1319 4981 1406 5053 duos
1432 4981 1561 5070 laneos,
1589 4980 1632 5051 de
1651 4980 1725 5069 qni-

190 5087 247 5162 bus
279 5099 443 5170 scultetus
479 5099 613 5170 ratione
648 5099 820 5191 decimae,
856 5099 960 5174 solvit
996 5101 1161 5174 ecclesiae
1196 5102 1388 5193 parochiali
1417 5107 1494 5173 octo
1521 5121 1662 5192 grossos
1689 5105 1726 5172 et

193 5219 326 5297 quatuor
352 5239 450 5290 coros
478 5219 624 5309 duplicis
650 5223 760 5312 grani,
787 5221 933 5312 siliginis
960 5222 1122 5294 videlicet
1148 5227 1185 5294 et
1210 5243 1348 5294 avenae.
1374 5223 1463 5293 Item
1490 5240 1608 5293 omnes
1634 5221 1726 5292 lanei
1864 5248 1868 5256 ¹

194 5335 411 5410 emetbonales
438 5341 577 5412 solvunt
604 5341 780 5433 decimam,
806 5343 890 5414 item
918 5344 1107 5434 praedium,
1134 5345 1218 5415 item
1245 5345 1422 5415 tabernae.

283 5457 569 5533 Lrnsuscnown
605 5463 692 5534 alias
718 5463 840 5554 Luae,
867 5463 951 5535 villa
986 5465 1051 5536 sub
1077 5465 1244 5555 parochia
1270 5463 1436 5536 ecclesiae
1462 5461 1505 5534 de
1533 5463 1726 5535 Tuchow

197 5569 268 5664 Sita,
304 5581 398 5652 cuius
432 5581 630 5655 haereditas
666 5590 702 5657 11
732 5585 928 5676 proprietas
965 5585 1010 5655 ad
1037 5587 1283 5657 monasterium
1310 5578 1536 5657 Thincziense
1562 5586 1725 5677 pertinet.

194 5687 227 5762 ΙΙ]
251 5717 312 5792 qua
337 5707 417 5781 sunt
442 5703 533 5781 lanei
559 5705 802 5800 emetbonales,
828 5713 865 5779 et
892 5706 1038 5801 quilibet
1063 5708 1200 5782 emetho
1228 5707 1333 5784 solvit
1350 5707 1516 5782 ecclesiae
1534 5707 1725 5801 parochiali
