4492 6592
1610 736 1615 742 ⁵
1689 784 1762 854 aas

307 955 511 1076 ilonunzn,
538 987 621 1058 villa
648 989 712 1060 auh
740 939 906 1078 parochia
932 988 1097 1061 ecelesiae
1123 988 1167 1058 de
1193 987 1420 1058 Irzandze
1453 987 1531 1076 sita
1559 988 1657 1060 cuius
1683 1009 1765 1078 pro-

188 1107 341 1195 prietas
383 1108 427 1178 ad
462 1109 709 1179 monasterinm
744 1109 1011 1199 Myechoviense
1046 1110 1209 1198 pertinet.
1249 1109 1289 1178 In
1316 1129 1386 1198 qua
1415 1114 1498 1179 aunt
1523 1129 1650 1180 novem
1672 1109 1765 1180 lanei
1845 1169 1881 1198 ,.

189 1227 470 1316 emethonales,
499 1236 540 1300 et
576 1229 618 1300 de
654 1231 813 1301 omnibus
849 1229 997 1302 solvitur
1032 1229 1166 1300 decima
1191 1229 1436 1318 manipularis,
1463 1235 1500 1300 et
1526 1250 1590 1319 per
1616 1235 1765 1330 quatuor

191 1349 351 1438 ierngas
382 1349 557 1439 canapalia
585 1352 795 1422 monasterio
822 1350 939 1422 Sancti
966 1351 1139 1439 Andreae,
1166 1358 1203 1420 et
1229 1351 1368 1422 ducitur
1393 1352 1430 1421 in
1456 1353 1619 1422 horreum
1646 1371 1764 1444 mona-
1817 1446 1820 1456 Ι

189 1469 312 1556 sterii,
345 1477 387 1540 et
414 1471 512 1542 valor
538 1473 612 1540 eius
639 1473 848 1542 aestimatur
873 1472 918 1542 ad
936 1472 1086 1561 quinque
1103 1491 1248 1542 marcae.
1272 1471 1362 1546 Item
1380 1473 1528 1542 taberna
1545 1493 1614 1541 una
1631 1472 1764 1542 habena

190 1609 317 1678 agros.
365 1590 454 1660 Item
489 1591 708 1662 hortulaniae
746 1593 835 1663 duae
861 1593 1028 1663 hahentes
1055 1613 1175 1682 agros,
1203 1593 1247 1662 de
1272 1593 1431 1664 omnibns
1457 1593 1606 1665 solvitur
1631 1592 1768 1662 decima

191 1710 438 1799 manipularis
465 1731 528 1801 pro
555 1713 766 1784 monasterio
795 1712 910 1784 Sancti
938 1713 1099 1784 Andreae
1127 1715 1163 1782 in
1187 1709 1402 1807 pouitbworu.
1429 1714 1516 1784 ltem
1543 1719 1598 1784 eat
1624 1714 1674 1783 ibi
1690 1733 1764 1783 mo-

192 1830 389 1901 lendinum
425 1851 549 1921 unum,
569 1833 646 1904 ‘sed
679 1853 750 1904 non
787 1834 893 1904 hahet
928 1855 1041 1923 agros.
1075 1835 1162 1904 Item
1194 1833 1375 1923 praedium
1401 1834 1540 1903 unicum
1566 1833 1764 1904 coenobiale

194 1954 415 2022 monasterii
442 1951 730 2043 Myechovienais,
759 1956 849 2044 quod
877 1955 962 2026 nulli
990 1956 1105 2026 solvit.
1121 1954 1300 2042 decimam,
1326 1954 1388 2024 sed
1415 1975 1490 2024 eam
1518 1975 1646 2044 prose
1672 1954 1765 2024 tollit

195 2075 301 2147 etin
332 2074 501 2180 horreum
529 2097 629 2146 suum
656 2077 798 2146 inducit
858 2109 861 2119 ·

308 2193 567 2282 Bunowrezn,
592 2196 676 2267 villa
703 2199 767 2267 suh
794 2175 959 2287 parochia
985 2197 1150 2267 ecclesiae
1176 2196 1220 2266 de
1238 2196 1544 2267 Sezekoozini
1571 2197 1651 2284 aito,
1669 2197 1766 2284 cuius
1819 2285 1829 2293 ‚

196 2314 412 2386 haereditas
449 2325 484 2386 et
501 2347 512 2374 s
520 2318 716 2406 proprietas
752 2318 797 2387 ad
824 2319 1069 2388 monasterinm
1097 2315 1216 2388 Sancti
1243 2317 1404 2387 Andreae
1429 2318 1591 2405 pertinet.
1630 2317 1671 2387 ln
1698 2337 1767 2406 qua

105 2512 107 2519 ,
197 2441 286 2504 sunt
317 2437 584 2526 quatuordecim
612 2438 702 2508 lanei
731 2437 962 2508 emethonales
990 2445 1025 2507 et
1052 2438 1094 2506 de
1122 2437 1282 2508 omnibns
1308 2437 1470 2528 solvitur,
1495 2437 1629 2508 decima
1654 2438 1765 2507 mani-

198 2555 362 2645 putaris,
391 2565 427 2628 et
462 2577 526 2647 per
561 2563 709 2648 quatuor
744 2560 883 2648 ierugas
920 2557 1094 2646 canapalis
1129 2558 1340 2629 monasterio
1376 2557 1495 2630 Sancti
1521 2558 1701 2645 Andreae,
1727 2564 1765 2628 et

202 2674 351 2746 ducitur
379 2679 415 2747 in
442 2679 605 2749 horreum
632 2679 844 2768 monasterii,
872 2683 908 2748 et
934 2678 1032 2750 valor
1058 2678 1134 2748 eius
1160 2679 1366 2749 aestimatur
1391 2678 1436 2748 ad
1462 2682 1595 2766 septem
1621 2697 1765 2766 marcas,
1845 2734 1850 2745 ,

200 2803 238 2868 et
267 2797 425 2886 quilibet
451 2798 494 2868 de
521 2798 621 2870 laneo
648 2821 752 2869 unum
779 2799 950 2870 fertonem
976 2798 1089 2868 solvit.
1116 2798 1204 2868 Item
1230 2796 1388 2892 imrzyny
1405 2819 1470 2887 pro
1487 2818 1569 2869 vere
1586 2804 1623 2868 et
1642 2799 1765 2888 hyeme

202 2917 394 3008 laborant,
421 2921 504 2990 item
541 2921 722 3009 sexaginta
758 2941 842 3008 ova,
869 2922 954 2992 item
980 2919 1067 2990 duos
1094 2919 1224 3008 gallos3
1258 2921 1351 2988 item·
1371 2901 1490 2990 mseoa
1517 2940 1586 2990 non
1617 2919 1765 2990 solvunt.

204 3037 296 3109 ltem
335 3041 506 3112 tabernae
542 3062 611 3111 non
647 3047 744 3130 sunt,
779 3042 862 3112 item
899 3040 1117 3112 hortulaniae
1153 3061 1222 3109 non
1258 3046 1357 3128 sunt,
1385 3061 1496 3130 neque
1516 3034 1765 3129 molendinum,

204 3179 320 3248 neque
350 3161 540 3248 praedium.
567 3161 655 3231 Item
683 3162 843 3232 scoltetia
868 3169 924 3232 est
950 3161 1008 3250 ibi,
1035 3161 1167 3231 habena
1194 3159 1281 3248 duos
1308 3161 1436 3249 laneos,
1454 3160 1498 3231 de
1516 3163 1640 3251 quibus
1658 3161 1763 3232 solvi·

206 3286 266 3350 tur
294 3279 433 3350 decima
468 3282 694 3371 manipularis
729 3282 895 3352 ecclesiae
932 3283 968 3351 in
995 3280 1311 3374 Sezekoezini.
1351 3281 1439 3351 Item
1467 3281 1633 3351 scoltetus
1659 3281 1766 3352 habet

207 3406 348 3470 sextum
387 3401 565 3472 denarium
601 3403 644 3474 de
680 3423 802 3490 censu,
838 3408 875 3472 et
910 3401 1056 3490 quilibet
1091 3402 1135 3472 de
1170 3402 1270 3472 laneo
1304 3407 1377 3472 tres
1412 3401 1487 3472 dies
1513 3399 1672 3496 imrzyuy
1697 3401 1766 3471 sibi

207 3517 360 3608 laborat,
387 3528 424 3591 et
450 3521 596 3611 quilibet
622 3522 665 3592 de
692 3523 792 3593 laneo
815 3522 901 3593 duos
929 3543 1029 3592 coros
1056 3522 1203 3610 siliginis
1220 3527 1257 3590 et
1274 3529 1424 3611 quatuor
1441 3541 1581 3593 arenae.
1607 3519 1767 3612 Gonhnm

209 3657 287 3709 eum
315 3639 634 3732 Sezekoczini,
662 3642 973 3732 Thagoborza,
1001 3641 1263 3733 Syedliska

314 3759 622 3854 Mrsznowrozn,
649 3765 731 3834 villa
757 3765 821 3836 snb
849 3765 1013 3853 parochia
1040 3763 1205 3831 ecclesiae
1231 3763 1275 3831 de
1302 3762 1527 3832 Irzandze
1553 3763 1640 3850 sita,
1667 3763 1764 3834 cuius
1877 3759 1881 3768 '

212 3879 337 3952 haeres
366 3881 562 3974 Stephanus
589 3885 1072 3975 Swanthopelhowicz
1099 3883 1143 3954 de
1161 3882 1512 3972 armisVulpium.
1539 3883 1578 3952 In
1598 3903 1666 3972 qua
1683 3889 1765 3954 sunt
1856 3964 1862 3978 s

212 4019 272 4072 aex
308 4003 404 4076 lanei
439 4007 690 4096 emethonaleS,
717 4013 753 4076 et
780 4006 824 4076 de
851 4006 1009 4076 omnibus
1036 4005 1185 4074 soluitur
1211 4004 1344 4074 decima
1370 4004 1613 4093 manipularis,
1640 4010 1676 4074 et
1701 4023 1764 4092 per

213 4130 364 4210 quatuor
391 4127 528 4216 ieruges
555 4128 730 4217 canapalis
758 4128 969 4198 monasterio
996 4124 1113 4196 Sancti
1141 4124 1313 4213 Andreae,
1339 4132 1376 4196 et
1392 4125 1531 4203 discitur
1548 4126 1584 4194 in
1602 4125 1765 4195 horreum

215 4250 428 4338 monasterii,
454 4255 490 4319 et
516 4249 613 4322 valor
639 4249 713 4318 eius
740 4249 944 4320 aestimatur
971 4247 1015 4318 ad
1034 4301 1041 4316 .
1061 4302 1068 4316 .
1087 4301 1094 4316 .
1114 4267 1256 4316 mareas.
1282 4245 1370 4316 item
1396 4247 1563 4317 tabernae
1589 4267 1658 4316 non
1676 4252 1766 4316 sunt.

215 4365 299 4438 ltem
326 4370 547 4440 hortulaniae
574 4357 634 4440 sex
661 4370 829 4440 hahentes
857 4389 969 4458 agros,
996 4368 1039 4438 de
1066 4369 1191 4458 quibua
1217 4367 1365 4438 solvitur
1391 4367 1525 4437 decima
1541 4363 1586 4436 -in
1613 4361 1765 4438 I-ruan·

211 4485 303 4558 dze.
331 4489 420 4560 Item
449 4490 680 4562 molendinum
707 4497 772 4579 est,
799 4490 861 4560 sed
888 4511 955 4566 non
984 4491 1090 4560 habet
1108 4509 1220 4578 agros.
1247 4489 1334 4558 ltem
1352 4487 1531 4576 praedium
1550 4488 1599 4557 ibi
1616 4489 1765 4584 unicum.

219 4604 294 4678 Non
330 4610 438 4681 habet
473 4632 561 4682 nuno
586 4610 834 4684 monasterium
870 4611 905 4681 iu
933 4631 997 4682 sua
1023 4610 1241 4700 possessione
1268 4608 1464 4685 huiusmodi
1491 4608 1678 4696 decimam,
1703 4609 1766 4679 sed

220 4730 366 4820 percipit
390 4725 467 4802 eam
494 4732 639 4803 eeclesia
665 4734 700 4803 in
728 4732 963 4802 Irzandze.

320 4849 533 4941 Generum,
561 4853 649 4924 villa
670 4853 734 4924 sub
761 4853 925 4942 parochia
952 4851 994 4922 de
1022 4851 1323 4922 Sczekoozini
1350 4852 1429 4940 sita,
1455 4851 1552 4921 cuius
1570 4851 1766 4940 proprietas

224 4968 265 5038 ad
288 4974 534 5044 monasterinm
571 4973 687 5046 Sancti
723 4967 884 5044 Andreae
922 4973 1084 5062 pertinet.
1119 4972 1159 5042 In
1187 4993 1256 5062 qua
1282 4978 1364 5042 sunt
1390 4977 1522 5060 septem
1550 4991 1624 5039 cum
1652 4968 1765 5038 medio
1898 4983 1906 4996 ‘

224 5085 317 5180 hnei,
344 5073 489 5183 quilibet
508 5094 733 5166 solviturum
752 5093 920 5165 fertonem
939 5094 1088 5165 latorum
1106 5113 1317 5182 grossorum.
1344 5092 1429 5162 ltenr
1449 5092 1610 5161 laborant
1626 5086 1766 5159 ieurziui

214 5227 284 5295 -pro
310 5235 391 5286 vere
418 5221 454 5286 et
480 5215 601 5306 hyeme
629 5235 693 5305 pro
719 5216 940 5303 monasterio,
967 5215 1049 5284 item
1078 5213 1309 5304 quadraginta
1335 5233 1410 5301 ova,
1432 5212 1515 5282 item
1533 5211 1620 5281 duos
1636 5209 1765 5299 gallos;

218 5347 338 5404 caseos
365 5357 432 5406 non
460 5336 554 5406 dant.
581 5337 669 5406 Item
696 5335 855 5406 scoltetia
877 5334 1106 5409 Bunoviensis
1131 5331 1392 5421 comprehendit
1419 5330 1536 5402 villam
1555 5328 1765 5420 Grabyecz

228 5457 260 5518 et
284 5457 479 5527 emethones
505 5457 548 5528 de
571 5455 812 5546 Grabyecz
838 5456 1000 5526 laborant
1017 5475 1080 5546 pro
1099 5445 1146 5523 eo'
1158 5449 1307 5522 lunzini.
1334 5451 1422 5521 item
1439 5451 1606 5522 scoltetus
1624 5449 1668 5520 de
1686 5449 1764 5520 Bu-

230 5575 406 5648 norieze
441 5577 548 5648 habet
577 5578 627 5648 ihi
654 5597 751 5648 suam
778 5577 976 5662 tabernam,
1004 5575 1188 5644 habentem
1214 5593 1336 5663 agros,
1362 5579 1400 5642 et
1425 5571 1530 5642 solvit
1562 5578 1637 5643 tres
1671 5591 1762 5642 mar-

231 5705 299 5781 tam
331 5697 413 5768 item
450 5697 598 5768 decimat
633 5675 797 5768 ecclesiae
832 5697 869 5766 in
904 5693 1218 5767 Sozekoozini
1253 5692 1343 5764 ltem
1379 5691 1546 5763 seoltetus
1582 5692 1688 5763 habet
1713 5691 1764 5763 ihi
