4492 6592
1677 681 1748 754 149

187 881 309 956 diviua
319 885 510 975 quotannis
519 891 556 957 et
564 883 794 964 hebdomadis
807 884 1084 958 administranda
1095 886 1279 960 dioecesim
1290 885 1565 978 cracoviensem,
1578 890 1615 960 in
1629 891 1756 982 oppido

187 1001 314 1074 Mstb
328 1025 394 1076 ovv
429 1003 535 1078 fuisse
571 1011 607 1078 et
638 1026 714 1078 esse
741 1011 931 1096 testatura,
967 1005 1207 1078 fabricaretur.
1247 1009 1337 1080 Item
1374 1011 1511 1100 quoties
1544 1010 1755 1082 contributio

188 1126 437 1214 imponeretur
473 1127 677 1198 dioecesana
712 1127 891 1198 dimidiam
927 1127 1020 1199 illius
1056 1128 1197 1198 tolleret
1223 1127 1436 1200 cnesuensis
1463 1131 1753 1220 archiepiscopus,

184 1251 327 1339 partem
368 1246 515 1318 alteram
543 1247 794 1319 dimidietatem
828 1249 1008 1337 episcopus
1041 1247 1281 1320 Crotoniensis
1307 1250 1374 1320 sibi
1401 1251 1566 1340 exigeret
1606 1249 1644 1322 Si
1670 1253 1754 1323 vero

187 1385 251 1454 pro
270 1385 372 1456 papa
388 1375 452 1438 aut
469 1387 552 1458 rege
572 1368 811 1457 imponeretur
830 1374 890 1438 aut
908 1389 971 1457 pro
996 1368 1175 1458 republica
1202 1369 1414 1448 contributio
1431 1375 1508 1441 tota
1525 1391 1589 1460 pro
1608 1372 1755 1442 ecclesia

188 1483 441 1578 cracoviensi,
478 1509 543 1578 per
570 1487 815 1558 monasterium
843 1487 1083 1570 Mathoviense
1111 1488 1315 1560 solveretur.
1355 1490 1396 1560 In
1422 1491 1581 1581 huncque
1608 1492 1755 1580 modum,

190 1612 225 1676 et
242 1607 311 1678 sub
332 1607 392 1678 bis
412 1609 666 1680 conditionibus
694 1608 851 1698 partibus
878 1609 1116 1698 probantibus,
1144 1609 1188 1679 lis
1213 1611 1325 1680 omnis
1351 1611 1506 1682 extincta
1531 1618 1594 1699 est,
1621 1619 1657 1682 et
1675 1632 1755 1682 oon-

190 1727 345 1798 ditiones
375 1730 585 1806 arbitrariae
612 1729 784 1824 impletae.
824 1727 874 1800 Ut
890 1735 1006 1800 autem
1025 1729 1223 1800 dotationes
1241 1732 1442 1802 monasterii
1469 1730 1618 1820 praefati
1645 1733 1755 1802 sevies

190 1849 307 1920 notior
337 1850 405 1938 sit,
442 1849 563 1940 oppidi
596 1855 632 1921 et
659 1850 818 1924 villarum
856 1855 959 1940 atque
987 1850 1197 1922 decimarum
1233 1851 1309 1921 eius
1344 1851 1576 1922 conditionem
1603 1858 1640 1922 et
1669 1873 1752 1941 qua·

191 1967 329 2040 litatem
361 1971 399 2040 in
418 1970 575 2042 interiori
602 1970 835 2060 descriptione
863 1971 1088 2058 subiciamus,
1116 1977 1157 2042 ut
1173 1971 1304 2060 liquide
1322 1972 1564 2060 praesentibus
1590 1978 1626 2042 et
1641 1977 1757 2061 poste-

120 2147 121 2150 ,
194 2089 241 2158 ris
268 2097 463 2180 appareat,
493 2093 528 2162 in
546 2089 747 2164 fundatione
774 2091 978 2164 monasterii
1004 2090 1154 2181 praeisti
1181 2091 1313 2162 nullum
1340 2092 1456 2180 abnm,
1482 2092 1550 2162 nisi
1577 2092 1758 2162 ivonem

194 2207 464 2282 cracoviensem
483 2213 701 2303 episcopum,
729 2219 765 2284 et
782 2233 882 2284 suum
901 2212 1089 2301 capitulum
1107 2210 1337 2288 cracovieuse
1356 2213 1431 2284 loco
1448 2211 1622 2303 praefato,
1650 2212 1758 2284 veluti
1895 2230 1899 2236 ·

193 2331 227 2400 in
253 2329 413 2404 dioecesi
440 2353 504 2404 sua
531 2331 750 2408 Orscoviensi
778 2333 1011 2422 consistente,
1046 2331 1196 2421 dotalia,
1222 2352 1366 2403 munera
1392 2333 1508 2423 ampla
1534 2338 1571 2403 et
1584 2333 1756 2422 insignia,

194 2449 393 2524 liberaliter
420 2459 455 2524 et
482 2452 864 2555 munificeucontulisse.
993 2487 997 2494 ·

286 2571 471 2664 Msnow,
506 2575 754 2646 monasterium
782 2575 819 2644 in
848 2572 1055 2644 confluentia
1081 2576 1117 2642 et
1143 2572 1293 2660 compito
1319 2578 1493 2664 terrarum
1520 2570 1760 2644 cracoviensis

198 2689 444 2764 Radomiensis
481 2700 517 2765 et
542 2693 785 2786 Wyeluuensis
822 2694 856 2762 in
884 2692 960 2762 loco
987 2690 1127 2762 editiori
1161 2697 1323 2779 respectu
1351 2690 1488 2782 oppidi,
1523 2691 1617 2762 baud
1653 2691 1755 2781 longe

197 2811 347 2884 alluvio
377 2813 573 2886 Wartba
600 2815 721 2904 situm,
749 2814 881 2886 babens
908 2811 1088 2882 ecclesiam
1115 2815 1152 2881 et
1178 2811 1434 2900 monasterium,
1462 2816 1497 2881 et
1515 2811 1619 2881 cellas
1647 2811 1779 2882 offici-'

197 2955 326 3026 nosque
363 2935 566 3008 monasterii
603 2955 644 3006 ev
672 2941 772 3024 petra
807 2932 995 3021 fabricata,
1031 2951 1228 3018 amoenum,
1264 2930 1449 3002 iucundum
1481 2932 1585 3035 situm
1612 2932 1755 3020 babens,
1861 3021 1866 3030 ,

198 3063 231 3126 et
256 3056 302 3126 ad
330 3056 489 3147 singulas
517 3063 635 3146 partes
663 3043 948 3145 praeminentem,
966 3071 1077 3142 ,quem
1104 3050 1229 3122 fluvius
1256 3048 1439 3122 Vartba
1464 3051 1558 3122 inter
1583 3057 1755 3122 monaste-
1809 3069 1813 3075 ·

119 3227 120 3230 ,
199 3177 284 3248 rium
312 3176 544 3267 etoppidum
572 3195 779 3266 percurrens
805 3173 1012 3273 intersecat,
1040 3172 1172 3250 babens
1200 3173 1299 3243 iuxta
1325 3192 1362 3242 se
1389 3171 1566 3261 planitiem
1593 3191 1756 3262 agrorum

199 3297 445 3386 praedialium,
482 3318 568 3388 quos
594 3297 736 3386 proprio
764 3295 846 3367 colit
872 3299 1010 3384 aratro,
1047 3299 1083 3364 et
1110 3293 1154 3362 de
1181 3293 1306 3381 quibus
1342 3291 1428 3362 nulli
1454 3292 1560 3364 solvit
1585 3292 1752 3364 decimam

202 3418 468 3508 manipularem,
496 3417 556 3488 sed
584 3437 659 3488 eam
691 3416 911 3506 praepositus
938 3421 974 3484 et
994 3418 1186 3484 conventus
1212 3432 1276 3503 pro
1293 3432 1332 3482 se
1349 3412 1460 3501 tollit,
1487 3418 1524 3482 et
1540 3413 1576 3482 iu
1594 3413 1758 3483 horreum

201 3559 293 3610 suum
321 3538 479 3627 inducit3
514 3538 714 3610 clementius
751 3537 800 3608 ibi
827 3541 974 3626 apparet
1001 3535 1153 3622 coelum,
1188 3540 1224 3604 et
1251 3533 1472 3608 delicatiores
1497 3532 1626 3604 barbas
1651 3533 1754 3623 gleba

202 3659 350 3748 regionis
380 3660 473 3731 illius
500 3660 674 3749 producit,
701 3664 914 3748 quapropter
939 3661 975 3727 et
1001 3675 1127 3746 pecora
1153 3660 1190 3726 et
1215 3660 1385 3724 mouentu-
1401 3654 1510 3743 magis
1538 3653 1609 3723 illic
1635 3672 1756 3723 crassa

204 3787 236 3850 et
259 3786 386 3854 tenera
412 3787 501 3852 sunt
536 3780 734 3852 Bidentium
761 3799 898 3869 quoqne
924 3796 1062 3868 greges,
1090 3776 1164 3846 sive
1190 3775 1227 3846 id
1244 3771 1467 3862 favor'coeli,
1493 3775 1568 3844 sive
1594 3772 1755 3862 voluptas

183 3897 310 3974 'zabuli
339 3909 476 3992 causet,
504 3901 658 3972 tenerius
685 3899 915 3989 subtiliusque
941 3897 1061 3986 vellus,
1088 3916 1190 3985 quam
1218 3895 1254 3964 in
1272 3895 1436 3964 universo
1461 3913 1571 3982 regno
1590 3891 1755 3965 Poloniae

205 4024 308 4110 possit
335 4022 483 4112 offendi,
510 4023 723 4113 producunt,
751 4016 857 4110 adeo,
885 4026 924 4090 ut
941 4011 1015 4090 eius
1042 4036 1174 4087 merces
1202 4015 1376 4086 interdum
1405 4014 1555 4124 triplici,
1581 4013 1754 4084 interdum

207 4143 417 4234 quadruplici
445 4143 661 4234 appendatur
689 4163 778 4214 aere.

302 4264 494 4354 Meruovv,
522 4264 685 4354 oppidum
710 4264 808 4336 iuxta
825 4261 966 4334 fluvium
994 4258 1178 4328 Vartba
1203 4257 1318 4344 situm,
1344 4255 1527 4346 privilegio
1545 4259 1582 4324 et
1599 4255 1752 4326 anctori-

149 4461 151 4466 ,
207 4387 273 4453 tate
299 4385 513 4456 Boleslai
541 4385 705 4456 Pudici
724 4383 785 4454 filii
805 4380 1059 4454 Lestkonis
1087 4378 1195 4448 Albi
1214 4377 1312 4448 ducis
1331 4375 1586 4466 cracoviensis,
1612 4397 1654 4446 ex
1674 4375 1758 4456 villa

209 4501 240 4571 in
264 4505 426 4596 oppidum
453 4506 659 4578 translatum
691 4505 761 4574 127
766 4505 798 4574 9.
834 4501 1014 4574 ecclesiam
1051 4498 1283 4589 parochialem
1316 4497 1455 4568 filialem
1483 4497 1518 4567 in
1546 4496 1692 4586 oppido,
1720 4502 1756 4567 et

210 4621 345 4696 alteram
375 4627 409 4696 in
437 4631 552 4698 monte
579 4625 726 4713 babens,
753 4625 788 4694 in
816 4643 884 4712 quo
912 4627 995 4704 sunt
1019 4619 1138 4690 decem
1165 4620 1257 4690 lanei
1284 4618 1553 4708 oppidanorum,
1589 4624 1626 4688 et
1654 4617 1757 4707 quili-

211 4741 261 4813 bet
294 4767 357 4835 pro
394 4768 499 4818 censu
534 4746 804 4820 solvit
844 4743 932 4814 Item
969 4737 1115 4832 quilibet
1149 4741 1270 4810 laneus
1295 4745 1369 4809 tres
1395 4739 1471 4810 dies
1497 4739 1533 4808 in
1560 4743 1636 4809 toto
1663 4758 1755 4809 anno

211 4859 357 4960 laborat,
394 4869 535 4961 proprio
571 4887 675 4938 curru
713 4872 774 4937 aut
810 4869 938 4935 aratro.
977 4861 1065 4932 Item
1103 4861 1138 4928 in
1165 4859 1285 4930 eodem
1322 4858 1449 4948 oppido
1481 4864 1535 4928 est
1562 4857 1756 4963 advocatia,

212 4985 331 5062 babens
359 4992 445 5064 duos
471 4991 590 5061 laneos
617 4971 780 5078 agrorum
808 4991 844 5056 et
862 5004 955 5073 arva,
983 4982 1043 5054 sed
1070 4978 1289 5070 praepositus
1315 4979 1500 5049 modernus
1528 4975 1755 5049 Nicolaus

198 5090 326 5182 'menie
351 5133 437 5202 eam,
463 5117 500 5182 et
525 5098 774 5200 proprietatem
802 5127 900 5194 suam
928 5103 1040 5174 univit
1069 5101 1279 5172 monasterio
1306 5119 1378 5168 suo.
1418 5098 1474 5167 Ad
1492 5097 1590 5167 cuius
1617 5116 1756 5185 coemp

214 5227 330 5302 tionem
358 5232 504 5322 insignis
529 5231 630 5302 miles
656 5229 744 5300 Hin
758 5248 835 5298 cza
862 5226 904 5296 de
931 5224 1096 5312 Rogou
1134 5219 1343 5290 castellanus
1371 5217 1659 5287 Sandomiriensis
1685 5238 1756 5286 me·
1892 5231 1899 5240 ’

216 5347 367 5425 dualem
394 5345 633 5442 pecuniarum
646 5371 783 5422 suarum
813 5345 975 5432 contulit,
1003 5342 1223 5412 medietatem
1246 5359 1335 5408 uero
1362 5337 1630 5424 monasterium3
1658 5337 1755 5408 dedit

215 5477 316 5544 autem
342 5472 518 5564 praelatus
545 5471 720 5542 Hincza
757 5489 819 5558 pro
848 5487 915 5536 nna
943 5463 1133 5534 medietate
1166 5466 1301 5530 centum
1329 5475 1520 5546 sexagenas
1547 5463 1584 5526 et
1610 5459 1753 5547 quinde-

218 5589 271 5661 cim
296 5614 436 5666 marcas.
475 5593 562 5664 Item
589 5599 670 5662 snut
695 5591 730 5660 in
750 5589 869 5661 eodem
898 5581 1025 5674 oppido
1056 5586 1194 5650 centum
1217 5578 1369 5668 quinque
1387 5577 1526 5666 domus,
1554 5583 1590 5647 et
1608 5578 1754 5668 quilibet
