4492 6592
356 802 362 809 -
466 755 540 825 206

465 978 548 1048 ova,
575 958 658 1029 item
684 957 814 1047 gattos,
840 959 924 1029 item
951 976 1093 1047 cascos,
1120 958 1203 1029 item
1230 956 1391 1028 laborant
1418 952 1581 1051 icmzyni,
1623 956 1772 1045 arando,
1800 950 2074 1038 seminando,-

465 1077 634 1169 metendo,
661 1078 892 1168 conducendo,
919 1079 1002 1148 item
1029 1100 1206 1173 oprawcm
1234 1078 1373 1149 solvunt
1399 1098 1462 1169 per
1489 1082 1639 1167 quatuor
1665 1078 1890 1169 quadrantes,
1926 1070 2062 1179 obpe-

463 1194 530 1267 dne
552 1198 701 1271 mediam
728 1219 889 1289 marcam
916 1194 1082 1270 scoltetus
1100 1220 1207 1270 unum
1225 1198 1404 1288 Iertnrmm3
1432 1199 1513 1269 item
1541 1199 1688 1270 taberna
1705 1214 1778 1269 una·
1800 1192 2059 1281 monasterii,

463 1320 596 1391 babens
622 1340 726 1410 agros
753 1325 790 1391 et
815 1320 920 1396 solvit
939 1374 1082 1409 ......
1109 1321 1193 1391 item
1221 1320 1452 1408 hortulauiae
1480 1320 1563 1390 item
1590 1340 1658 1390 non
1686 1326 1741 1390 est
1767 1319 1816 1390 ibi
1844 1316 2057 1402 scoltetia,

464 1441 546 1510 item
573 1462 642 1512 non
670 1448 724 1513 est
750 1442 941 1532 praedium3
968 1442 1051 1511 item
1078 1442 1154 1531 agri
1182 1440 1416 1512 emethonales
1434 1446 1471 1511 et
1488 1442 1654 1512 tabernae
1681 1440 1820 1511 solvunt
1847 1438 2053 1510 decimam

464 1562 675 1652 pecuniolam
702 1562 913 1633 monasterio
941 1560 1158 1651 Thincicusi,
1195 1562 1277 1632 item
1302 1560 1414 1651 gallos
1441 1566 1517 1633 tota
1544 1561 1626 1632 villa
1660 1560 1904 1650 septemdecim
1940 1578 2049 1629 cen-

464 1682 587 1774 suales,
614 1683 761 1756 totidem
788 1682 1013 1770 statiouaIes;
1048 1701 1115 1753 ova
1141 1682 1343 1772 nonaginta,
1371 1700 1491 1753 caseos
1519 1681 1800 1772 quatuordecim
1836 1682 1919 1755 item
1957 1680 2051 1749 ista

465 1802 548 1874 villa
574 1804 783 1877 coniunctim
820 1823 897 1874 cum
933 1802 1044 1873 altem
1079 1801 1285 1893 Ugyazd,
1321 1802 1426 1874 solvit
1462 1790 1533 1893 pro
1553 1803 1705 1873 adventu
1740 1823 1832 1885 anno
1860 1801 2047 1895 quolibet

350 1910 354 1915 ’
464 1924 716 2014 decemseptem
745 1944 1014 2014 transennam
1042 1944 1185 2013 pernam
1213 1922 1312 2013 lardi,
1339 1930 1375 1994 et
1401 1944 1506 1995 unum
1534 1924 1670 1995 actuale
1697 1924 1872 1995 cervisiae.
1900 1920 2045 1994 Confi-

435 2052 527 2132 ‚nat
552 2066 628 2117 cum
656 2046 913 2140 Br‘zy'szlra,
950 2044 1265 2135 Grayowicze,
1301 2044 1589 2135 Dambrovva,
1626 2044 1862 2137 Lypnicza
1897 2042 2040 2115 Infe-

443 2167 584 2237 ‚riori
610 2172 648 2238 et
673 2165 940 2257 Superiori,
967 2173 1004 2237 et
1030 2164 1254 2238 Glodavva.

568 2286 770 2378 Lvrnrczn,
796 2288 879 2358 villa
905 2289 970 2358 sub
996 2288 1162 2377 parochia
1188 2286 1352 2359 ecclesiae
1379 2288 1422 2358 de
1450 2287 1685 2377 Brzyszua
1711 2288 1788 2377 sita,
1815 2286 1913 2357 cuius
1933 2304 2034 2375 pro-

464 2408 594 2498 prietas
633 2408 678 2479 ad
718 2409 965 2480 monasterium
1012 2407 1226 2479 Tbinciense.
1270 2408 1310 2478 In
1338 2428 1406 2499 qua
1440 2426 1509 2479 non
1550 2414 1631 2480 sunt
1670 2408 1788 2498 plures
1825 2406 1884 2477 sed
1922 2424 2030 2477 unus

438 2527 592 2620 ,laneus
632 2535 669 2600 et
695 2529 800 2601 solvit
826 2549 890 2619 pro
916 2550 1021 2600 censu
1048 2550 1163 2600 annuo
1190 2548 1293 2599 unam
1320 2526 1472 2600 marcam
1500 2546 1576 2599 cum
1603 2530 1716 2601 tribus
1742 2528 1892 2618 grossis,
1929 2528 2028 2597 item

464 2670 539 2740 ova,
566 2651 647 2721 item
675 2670 803 2740 caseos,
831 2650 915 2721 item
933 2650 1054 2741 gallon,
1081 2651 1165 2721 item
1193 2650 1330 2723 laborat
1352 2647 1508 2745 intrzym,
1536 2650 1677 2740 arando,
1704 2649 1916 2737 seminando,
1944 2668 2026 2719 me·

463 2770 578 2861 tendo,
605 2770 826 2842 conducendo
854 2790 957 2863 agrqs
985 2776 1021 2842 et
1046 2769 1221 2843 frumenta
1247 2772 1281 2841 in
1310 2770 1565 2861 Brzyszlra,
1593 2771 1676 2841 item
1704 2792 1880 2865 oprcwum
1907 2769 2025 2841 solvit

464 2897 614 2982 quatuor
640 2892 861 2982 quadrantes,
888 2889 1035 2985 obyectne
1061 2896 1195 2981 septem
1222 2897 1353 2963 scottos
1381 2892 1591 2982 cmcthoues,
1610 2890 1783 2991 scoltetus
1810 2911 1916 2961 unum
1944 2888 2023 2959 ier-

462 3018 588 3083 tonem.
615 3012 701 3082 Item
729 2998 806 3082 non
825 3018 908 3082 suut
935 3012 982 3083 ibi
1009 3012 1186 3103 tabernae,
1214 3034 1283 3085 non
1302 3018 1356 3083 est
1374 3011 1563 3102 praedium,
1591 3032 1658 3083 uon
1678 3016 1759 3083 snut
1784 3006 2021 3081 hortulauiae.

462 3133 549 3203 Item
577 3133 626 3203 ibi
653 3132 812 3204 scoltetia
838 3132 969 3205 babens
997 3133 1085 3204 duos
1111 3134 1238 3225 laneos,
1266 3140 1303 3205 et
1329 3133 1434 3205 solvit
1460 3154 1523 3224 pro
1551 3124 1685 3204 decima
1712 3154 1815 3204 unum
1843 3131 2019 3203 fertonem

463 3254 627 3324 ecclesiae
654 3256 690 3324 in
717 3253 975 3344 Brzyszkan
989 3254 1078 3325 Item
1105 3249 1149 3326 de
1176 3276 1281 3327 censu
1308 3256 1431 3345 recipit
1450 3258 1586 3326 sextum
1614 3250 1802 3326 denarium.
1829 3254 1917 3324 Item
1937 3252 2018 3343 agri

463 3375 664 3463 cmetbonis,
690 3374 829 3447 solvunt
855 3376 1022 3446 decimam
1050 3376 1264 3465 pecuniolam
1291 3376 1501 3447 monasterIo
1529 3374 1744 3464 I'hinciensi,
1771 3394 1876 3445 nuum
1904 3373 2017 3445 terto-

462 3515 539 3564 nem
565 3495 755 3566 communis
781 3496 956 3585 pecuniae.
1001 3496 1088 3566 Item
1117 3518 1180 3586 pro
1209 3497 1359 3567 statione
1395 3496 1480 3567 darrt
1508 3496 1627 3568 abbati
1667 3515 1730 3585 pro
1758 3494 1909 3566 adventu
1936 3486 2015 3585 suo,

462 3616 616 3706 quotibet
643 3636 733 3686 anno
760 3616 846 3687 duas
874 3638 1052 3688 mensuras
1080 3638 1220 3708 avenae,
1248 3638 1352 3688 uuum
1380 3616 1516 3688 actuale
1543 3616 1719 3706 cervisiae,
1747 3616 1828 3688 item
1858 3636 1917 3685 sex
1936 3614 2015 3705 pul-

461 3738 523 3826 los,
550 3738 633 3808 item
661 3756 803 3827 pernam
830 3736 1115 3809 lardi-Confluat
1142 3752 1218 3809 cum
1247 3738 1502 3829 Brzyszka,
1538 3736 1854 3827 Grayovacze‚
1890 3736 2014 3807 Dam-

461 3859 623 3929 brovva
796 3871 800 3877 “
1517 3860 1523 3867 ’

564 3979 754 4070 Bnnczm,
782 3980 864 4052 vitta
882 3981 947 4053 sub
963 3981 1129 4071 parocbia
1148 3981 1293 4051 alterius
1321 3978 1522 4050 BanczaI
1549 3978 1785 4050 MiIItaris
1813 3980 1889 4067 atta,
1910 3978 2011 4050 euius
2041 4006 2042 4009 ¹

460 4101 655 4191 proprietas
682 4101 726 4171 ad
752 4102 999 4173 monasterium
1027 4100 1233 4172 I'hinciense
1263 4100 1423 4191 pertinet.
1467 4100 1507 4171 In
1535 4118 1603 4191 qna
1629 4106 1711 4172 sunt
1737 4100 1829 4170 lanei
1856 4099 2011 4170 emethe-

460 4242 551 4312 num,
578 4228 615 4293 et
640 4222 787 4312 quilibet
814 4244 878 4312 pro
906 4242 1021 4293 annuo
1048 4242 1154 4292 censu
1182 4222 1285 4293 solvit
1312 4226 1383 4291 tres
1410 4220 1563 4293 fertones
1590 4228 1626 4292 et
1653 4242 1713 4293 sex
1740 4240 1899 4311 grossos,
1927 4220 2011 4290 item
2133 4305 2134 4309 Ἴ

460 4364 526 4413 ova
553 4344 755 4434 quindecim,
782 4345 864 4416 item
891 4342 1001 4434 gallos
1028 4350 1111 4432 trae,
1139 4343 1222 4414 item
1249 4362 1368 4414 caseos
1395 4349 1478 4433 tres,
1507 4344 1549 4413 de
1576 4348 1652 4413 tota
1678 4342 1770 4432 viIIa;
1798 4344 1880 4414 item
1907 4364 2011 4437 opra-

461 4486 551 4533 wuna
576 4484 641 4553 per
667 4472 817 4555 quatuor
850 4464 1081 4555 quadrantes,
1117 4460 1264 4557 obyedne
1300 4468 1377 4533 octo
1413 4482 1554 4561 grossos
1590 4462 1807 4553 emethoues,
1843 4462 2010 4534 scultetos

457 4585 563 4655 etiam
589 4590 667 4657 octo
693 4606 842 4675 grassem
868 4586 956 4655 Item
973 4585 1120 4655 taberna
1147 4604 1216 4654 una
1242 4582 1291 4656 ibi
1318 4590 1372 4655 est
1399 4584 1607 4674 monasterii,
1634 4584 1765 4656 babens
1792 4604 1905 4675 agros,
1933 4583 2006 4653 sol-

459 4707 511 4777 vit
528 4760 643 4776 .....
669 4706 757 4777 Item
783 4705 1001 4777 hortulauiae
1028 4726 1098 4776 non
1126 4710 1219 4795 sunt,
1247 4706 1329 4776 item
1357 4705 1537 4795 praedium
1564 4713 1714 4795 nonest,
1742 4724 1852 4796 neque
1879 4704 2011 4775 moten-

459 4828 588 4917 dinum3
615 4829 699 4900 item
716 4828 876 4899 laborant
894 4823 1052 4923 imrzyni,
1080 4827 1222 4915 arando,
1241 4826 1452 4916 seminando,
1471 4826 1638 4916 metendo,
1667 4825 1899 4915 conducendo;
1926 4826 2009 4895 item
2031 4836 2033 4839 ’

459 4956 514 5020 est
540 4949 587 5022 ibi
616 4948 776 5020 scoltetia
801 4948 934 5019 habens
961 4948 1049 5020 dnos
1085 4948 1221 5034 laneos,
1258 4954 1293 5017 et
1320 4947 1423 5027 solvit
1449 4946 1673 5037 prodecima
1708 4966 1814 5016 unum
1840 4944 2009 5017 fertonem

458 5072 495 5141 iu
521 5066 740 5159 Banczal,
776 5070 859 5141 item
886 5069 929 5140 de
956 5090 1061 5141 censu
1097 5068 1201 5141 villae
1237 5074 1372 5139 sextum
1409 5068 1590 5139 denarium
1625 5068 1760 5158 recipit.
1805 5066 1892 5138 Item
1934 5066 2010 5157 agri

459 5193 729 5287 viIIaesoIvunt
764 5191 931 5263 decimam
966 5186 1180 5281 pecuniolam
1208 5192 1243 5261 in
1271 5189 1513 5280 Thinyecz.
1556 5190 1643 5261 Item
1670 5210 1733 5279 pro
1761 5188 1914 5261 statione
1942 5190 2009 5260 sol-

458 5321 545 5385 vunt
571 5314 721 5386 medium
749 5312 885 5384 octuate
912 5313 1099 5403 cervisiae,
1139 5320 1213 5385 tres
1239 5310 1369 5401 galtoa,
1405 5311 1488 5381 item
1515 5330 1616 5381 unam
1644 5330 1841 5383 mensuram
1870 5330 2009 5396 avenae,

459 5436 542 5506 item
568 5435 716 5507 mediam
743 5453 887 5524 pernam
914 5432 1014 5505 lardi.
1059 5434 1220 5506 Confluat
1247 5454 1323 5503 cum
1351 5430 1639 5520 Dambrowa,
1677 5430 1817 5520 Brili,
1845 5428 2010 5500 Trzen·

359 5614 362 5618 ,
460 5556 611 5645 nicza,
638 5554 863 5627 Banczali
892 5554 1150 5645 Superiori.
