4492 6592
1649 869 1653 881 ,
1701 805 1774 876 353

198 991 299 1064 Item
343 993 491 1082 solvitur
525 995 575 1068 ibi
601 997 735 1098 decima
771 999 960 1089 pecunialis
987 1022 1051 1090 pro
1079 1003 1242 1096 episcopo
1269 993 1513 1112 cracoviensi,
1549 1008 1592 1080 de
1619 1011 1776 1101 quolibet

200 1113 314 1185 laneo
347 1135 410 1206 per
436 1115 605 1188 fertonem
631 1119 781 1202 latorum
809 1141 1008 1212 grossorum
1036 1123 1274 1214 Pragensinm.
1301 1124 1461 1200 Confluat
1488 1150 1566 1200 cnm

317 1237 510 1329 Kaosznn,
537 1240 621 1334 villa¹
643 1242 717 1313 snb
745 1244 910 1331 parochia
937 1245 1104 1316 ecclesiae
1132 1245 1175 1318 de
1201 1245 1541 1339 Ugyanowicze
1567 1253 1649 1341 sita,
1677 1255 1776 1326 cuius

200 1360 415 1447 proprietas
434 1361 478 1432 ad
498 1361 775 1460 sanctimoniales
794 1366 956 1475 pertinet.
1001 1365 1041 1436 In
1060 1388 1129 1456 qua
1151 1374 1232 1439 sunt
1251 1371 1402 1460 quinque
1421 1371 1514 1446 lanei
1532 1374 1776 1465 cmethonales,

201 1484 240 1548 et
261 1479 529 1553 diversificatur
548 1479 678 1555 census
706 1485 892 1556 secundum
921 1487 1151 1576 quantitatem
1181 1509 1353 1576 agrorum
1392 1491 1482 1563 Item
1509 1493 1657 1583 praelati
1685 1515 1775 1568 cmo·
1855 1584 1857 1587 ¹

200 1601 343 1673 thonas
370 1604 458 1674 nihil
486 1605 642 1694 solvunt,
680 1617 790 1696 neque
816 1607 987 1679 laborant.
1027 1610 1115 1680 Item
1153 1617 1208 1681 est
1239 1611 1288 1682 ihi
1315 1613 1482 1715 scultetus
1510 1615 1641 1687 habens
1668 1638 1774 1689 unum
1818 1600 1822 1607 ζ
1948 1671 1953 1679 .
2040 1663 2047 1670 -

200 1723 353 1796 laneum
381 1726 544 1814 libernm3
572 1727 655 1798 item
682 1728 789 1800 habet
816 1729 993 1818 praefatus
1026 1731 1193 1803 scultetus
1220 1753 1324 1804 unum
1354 1734 1585 1808 molendinum
1614 1743 1650 1808 et
1672 1760 1776 1810 unam
1806 1769 1809 1772 >

201 1845 408 1916 tabernam.
449 1847 537 1919 Item
555 1849 683 1919 estihi
702 1848 835 1920 decima
853 1851 1063 1941 pecunialiS,
1092 1873 1181 1942 quae
1199 1874 1264 1943 pro
1282 1855 1445 1946 episcopo
1464 1855 1686 1932 Oracovicnsi
1705 1860 1774 1931 sol·
1815 1910 1818 1917 ·

201 1967 325 2056 vitnr,
355 1967 399 2038 de
426 1969 582 2059 quolibet
608 1970 708 2040 laneo
731 1991 796 2059 per
820 1993 926 2042 nnum
948 1971 1119 2046 fertonem
1146 1974 1294 2045 latorum
1321 1997 1522 2065 grossorum
1540 1977 1778 2070 Progensium.
1811 1988 1821 1996 ”

205 2085 380 2160 Gonfinat
408 2145 574 2160 .......
767 2087 768 2090 '
1100 2113 1103 2119 ·
1279 2092 1283 2101 ’

316 2209 519 2300 Sannaus,
547 2212 630 2282 villa
657 2214 721 2284 sub
748 2213 914 2302 parochia
940 2214 1104 2286 acclesiae
1132 2215 1175 2287 de
1201 2216 1540 2307 Ugyanowicne
1568 2221 1651 2309 sita,
1678 2223 1775 2294 cuins

204 2315 415 2420 proprietas
451 2338 500 2403 et·
513 2333 701 2404 dominium
738 2334 782 2404 ad
815 2335 1093 2407 sanctimoniales
1129 2337 1292 2427 pertinet.
1333 2339 1373 2409 In
1401 2361 1469 2429 qua
1505 2347 1587 2412 sunt
1622 2342 1774 2433 quinque

203 2452 301 2522 lanei
333 2454 589 2544 cmcthonaleS,
625 2460 662 2526 et
689 2455 942 2526 diversificatur
977 2477 1099 2533 census
1127 2459 1314 2530 secundum
1342 2462 1575 2550 quantitatem
1602 2484 1774 2552 agrorum.
1871 2478 1877 2491 “

204 2573 298 2644 Item
329 2580 386 2646 est
405 2576 453 2647 ibi
472 2576 650 2664 molletae,
677 2577 808 2657 habens
837 2597 941 2648 unum
962 2578 1098 2650 laneum
1115 2580 1277 2669 liberum,
1295 2583 1341 2651 'et
1358 2582 1485 2672 recipit
1503 2589 1639 2654 sextum
1667 2583 1774 2656 dena·

105 2676 107 2681 ’
206 2697 300 2768 rium
322 2696 501 2769 scoltctus.
530 2697 615 2768 Item
635 2698 741 2769 hahet
759 2698 808 2768 ihi
823 2698 993 2771 scoltetns
1013 2721 1115 2771 unam
1135 2702 1331 2792 tabernam,
1349 2703 1432 2772 item
1450 2697 1558 2774 h'ahet
1574 2725 1680 2775 unum
1700 2727 1772 2776 mo·

205 2817 401 2888 leudinum.
441 2819 527 2890 Item
555 2816 640 2889 dant
667 2840 772 2890 annm
799 2819 943 2910 gallum,
971 2821 1094 2911 viginti
1113 2842 1192 2906 ova,
1220 2821 1308 2893 duos
1326 2844 1454 2894 caseos.
1494 2824 1583 2894 Item
1610 2825 1773 2898 laborant
1892 2855 1901 2875 ·

206 2959 272 3028 pro
301 2959 387 3010 vere
412 2945 450 3011 et
469 2940 592 3032 hyeme
612 2938 786 3034 pawodos.
813 2941 901 3012 Item
930 2942 1068 3013 solvunt
1094 2962 1231 3039 osszycp
1262 2965 1327 3033 pro
1353 2965 1436 3015 uere
1463 2951 1500 3015 et
1526 2945 1658 3036 hyeme:
1687 2947 1774 3018 Item

208 3059 364 3132 solvitur
391 3061 440 3132 ibi
468 3060 602 3132 decima
629 3062 868 3152 manipularis,
895 3065 931 3134 ct
957 3063 1132 3136 inducitur
1158 3065 1194 3134 in
1216 3063 1380 3136 horreum
1407 3085 1472 3178 pro
1499 3066 1660 3157 episcopo
1687 3066 1772 3139 Gra-

209 3182 388 3272 coviensi,
417 3183 514 3255 cuius
541 3182 639 3254 valor
665 3177 870 3256 aestimatur
897 3184 942 3260 ad
970 3206 1031 3256 sex
1058 3206 1202 3258 marcas.
1244 3184 1405 3258 Gonfinat
1432 3241 1602 3257 .......

315 3427 432 3500 Nova
460 3427 647 3518 Sannnoz,
683 3427 848 3518 oppidum
875 3429 1028 3518 regium,
1061 3429 1162 3500 iuxta
1196 3429 1285 3502 duos
1310 3428 1434 3508 duvios
1464 3429 1711 3522 Dunayecz
1738 3437 1775 3503 ct
1852 3529 1858 3538 .

209 3548 490 3641 Kamyenicza
516 3549 552 3620 in
575 3547 836 3654 mediositum,
868 3555 903 3620 et
921 3569 984 3639 per
1011 3549 1305 3621 Venczeslaum
1333 3549 1498 3622 Poloniae
1525 3557 1562 3622 ct
1588 3552 1776 3625 Bohemiac

190 3663 356 3760 regem,
384 3671 419 3741 in
446 3669 551 3742 fundo
579 3670 682 3741 villae
709 3671 862 3760 episcopi
889 3669 1130 3742 Oracoviensis
1155 3669 1486 3761 Kamyenicza‚
1511 3671 1712 3759 fundatum,
1737 3674 1776 3743 in

212 3813 279 3881 quo
298 3797 356 3864 est
382 3791 528 3864 ecclesia
546 3791 731 3882 collegiata
765 3791 913 3864 Sanctae
949 3791 1294 3882 Margarithae,
1322 3771 1662 3883 peerigneum
1689 3783 1774 3864 (iar-⁴
1890 3874 1898 3901 x
1951 3783 1959 3792 ”

185 3891 364 3986 'dinalem
392 3919 428 3985 et
453 3914 652 4004 episcopum
679 3912 943 3986 Gracoviansem
970 3913 1122 3986 lundata.
1605 4003 1609 4008 ’

315 4034 430 4108 Huius
466 4031 584 4126 oppidi
620 4035 777 4108 consules
813 4039 849 4105 et
876 4035 968 4105 cives
1004 4055 1047 4105 ex
1074 4055 1135 4124 eo,
1171 4033 1263 4124 quod
1299 4033 1435 4124 aliquos
1471 4054 1576 4124 agros
1607 4040 1646 4104 et
1671 4041 1773 4125 prata

105 4157 106 4162 ’
167 4167 171 4183 ·
212 4157 527 4228 sanctimonialium
562 4156 605 4228 de
633 4155 840 4246 Antiqua
876 4154 1080 4227 San-deca
1116 4155 1315 4246 possident,
1350 4162 1387 4226 et
1414 4154 1506 4245 qnod
1533 4156 1569 4226 in
1596 4156 1773 4246 praeindi-

181 4273 300 4348 ‘cinm
329 4278 465 4369 antiqui
484 4277 616 4369 oppidi,
643 4277 844 4350 Sandecz
870 4275 987 4349 Nori
1015 4277 1144 4348 erectio
1162 4276 1256 4347 lacta
1282 4282 1350 4367 est,
1379 4297 1563 4368 perquam
1591 4278 1772 4368 antiquum
1804 4303 1809 4308 ·

217 4402 270 4468 cst
295 4399 526 4490 exinanitum,
553 4405 589 4472 et
607 4401 642 4469 in
661 4419 786 4489 magna
812 4404 914 4489 parte
941 4398 1158 4488 mutilatum,
1185 4397 1325 4470 solvunt
1351 4398 1563 4468 monasterio
1590 4402 1627 4469 et
1644 4399 1772 4469 sancti-

220 4521 428 4592 monialibus
446 4520 740 4594 Sandeczensihns
758 4519 915 4610 singulis
933 4521 1051 4610 annis,
1079 4540 1143 4611 pro
1162 4519 1318 4611 quolibet
1335 4517 1425 4591 festo
1443 4517 1593 4610 Christi,
1621 4524 1771 4619 quatuor

220 4640 304 4714 ollas
322 4643 396 4714 vini
414 4641 610 4733 hungarici,
629 4643 711 4714 item
731 4647 881 4733 quatuor
899 4641 1052 4731 lepores,
1072 4641 1156 4712 item
1175 4641 1328 4732 quinque
1347 4661 1539 4731 sexagenas
1557 4641 1772 4733 simularum,

219 4761 293 4833 sive
317 4785 361 4835 ex
377 4763 626 4854 consuetudine
653 4764 723 4835 iam
742 4764 924 4854 antiquata
950 4768 986 4834 et
1003 4763 1230 4853 praescripta,
1257 4762 1331 4834 sive
1357 4783 1401 4834 ax
1416 4762 1527 4834 debiti
1553 4764 1773 4835 necessitate.
1865 4749 1875 4757 ’

324 4881 567 4970 Notandum,
586 4884 679 4976 quod
699 4885 734 4956 in
748 4903 855 4975 regno
869 4883 1035 4956 Poloniaa
1053 4883 1120 4956 fnit
1134 4883 1274 4975 qnidam
1288 4889 1432 4974 satrapa
1448 4883 1575 4958 Petrus
1593 4883 1773 4975 Wyczga

159 5011 161 5013 ’
218 5004 340 5078 nobilis
366 5005 410 5080 de
437 5007 543 5078 armis
570 5011 606 5076 et
632 5005 734 5078 domo
760 5005 784 5078 J
793 5006 949 5095 anina,
977 5007 1110 5078 habens
1136 5005 1256 5096 plnres
1283 5005 1520 5095 possessiones
1546 5009 1583 5076 et
1609 5005 1770 5076 snbstan-

216 5123 297 5196 tiam
313 5147 478 5218 magnam
495 5127 608 5217 nimis,
626 5127 759 5198 habens
777 5132 814 5200 et
832 5131 947 5198 castra
965 5125 1241 5216 Ozorsthen,
1268 5125 1771 5216 BitheretLyemyasz,

220 5247 281 5334 qni·
301 5248 337 5319 in
356 5249 463 5340 sylvis
490 5254 526 5320 et
544 5248 691 5322 saltibus
709 5248 907 5339 polonicis,¹
923 5253 959 5320 et
977 5267 1120 5338 regnum
1140 5245 1305 5319 Poloniae
1332 5267 1408 5318 cum
1426 5245 1617 5336 hungarico
1643 5245 1770 5317 dIster-
1834 5327 1838 5338 Ι
1949 5221 1959 5228 ’
2023 5209 2027 5219 ¹

217 5365 433 5460 minantibus,
460 5369 594 5442 invenit
620 5374 772 5460 montes,
800 5389 907 5441 venas
934 5389 1057 5440 aureas
1085 5375 1120 5440 et
1138 5369 1306 5440 mineram
1334 5365 1769 5458 foecunde'producentes,

141 5505 144 5512 ·
218 5504 258 5557 ex
293 5490 417 5580 quibus
456 5490 696 5582 magnificatus
732 5497 767 5562 et
803 5491 936 5562 ditatus
974 5496 1028 5560 cst
1064 5474 1308 5578 uehementer,
1345 5494 1382 5560 et
1415 5509 1468 5590 cx,
1494 5487 1620 5579 quibus
1653 5487 1772 5579 plures

219 5606 394 5685 thesauros
420 5613 456 5683 in
484 5613 592 5684 variis
618 5613 713 5702 locis,
740 5617 776 5684 et
801 5611 1007 5702 praesertim
1034 5611 1070 5682 in
1097 5615 1214 5682 castro
1251 5610 1537 5700 Lyemyansz
1568 5607 1690 5682 sabulo
1717 5609 1770 5680 in-

144 5749 147 5766 ·
216 5724 359 5805 foditat
386 5733 581 5831 occultavit.
621 5733 660 5804 In
688 5732 846 5823 praelato
875 5731 1043 5824 siquidem
1084 5736 1200 5803 castro
1232 5731 1401 5822 maximos
1426 5733 1612 5804 thesauros
1639 5730 1771 5803 dicitnr

313 5863 524 5942 nummasius
1564 5881 1601 5954 4⁵
