<?xml version="1.0" encoding="UTF-8"?>
<!DOCTYPE html PUBLIC "-//W3C//DTD XHTML 1.0 Transitional//EN"
    "http://www.w3.org/TR/xhtml1/DTD/xhtml1-transitional.dtd">
<html xmlns="http://www.w3.org/1999/xhtml" xml:lang="en" lang="en">
 <head>
  <title>
</title>
<meta http-equiv="Content-Type" content="text/html;charset=utf-8" />
  <meta name='ocr-system' content='tesseract 3.04.00' />
  <meta name='ocr-capabilities' content='ocr_page ocr_carea ocr_par ocr_line ocrx_word'/>
</head>
<body>
  <div class='ocr_page' id='page_1' title='image "./operaomnia00paulgoog_0172.png"; bbox 0 0 4492 6592; ppageno 0'>
   <div class='ocr_carea' id='block_1_1' title="bbox 1683 759 1753 830">
    <p class='ocr_par' dir='ltr' id='par_1_1' title="bbox 1683 759 1753 830">
     <span class='ocr_line' id='line_1_1' title="bbox 1683 759 1753 830; baseline 0.029 -2"><span class='ocrx_word' id='word_1_1' title='bbox 1683 759 1753 830; x_wconf 77' lang='lat' dir='ltr'><strong>lat</strong></span> 
     </span>
    </p>
   </div>
   <div class='ocr_carea' id='block_1_2' title="bbox 203 963 1760 2018">
    <p class='ocr_par' dir='ltr' id='par_1_2' title="bbox 203 963 1760 2018">
     <span class='ocr_line' id='line_1_2' title="bbox 303 963 1758 1055; baseline 0.001 -21"><span class='ocrx_word' id='word_1_2' title='bbox 303 963 474 1034; x_wconf 83' lang='lat' dir='ltr'><strong>Beneficii</strong></span> <span class='ocrx_word' id='word_1_3' title='bbox 500 969 617 1034; x_wconf 89' lang='lat' dir='ltr'><strong>autem</strong></span> <span class='ocrx_word' id='word_1_4' title='bbox 644 969 681 1034; x_wconf 91' lang='lat' dir='ltr'><strong>et</strong></span> <span class='ocrx_word' id='word_1_5' title='bbox 706 963 903 1052; x_wconf 80' lang='lat' dir='ltr'><strong>largitionis</strong></span> <span class='ocrx_word' id='word_1_6' title='bbox 930 970 1003 1034; x_wconf 89' lang='lat' dir='ltr'><strong>tam</strong></span> <span class='ocrx_word' id='word_1_7' title='bbox 1029 966 1233 1054; x_wconf 90' lang='lat' dir='ltr'><strong>praesentis,</strong></span> <span class='ocrx_word' id='word_1_8' title='bbox 1262 985 1365 1054; x_wconf 92' lang='lat' dir='ltr'><strong>qnam</strong></span> <span class='ocrx_word' id='word_1_9' title='bbox 1391 964 1547 1055; x_wconf 86' lang='lat' dir='ltr'><strong>alterius,</strong></span> <span class='ocrx_word' id='word_1_10' title='bbox 1573 985 1642 1055; x_wconf 87' lang='lat' dir='ltr'><strong>qna</strong></span> <span class='ocrx_word' id='word_1_11' title='bbox 1667 967 1758 1036; x_wconf 90' lang='lat' dir='ltr'><strong>idem</strong></span> 
     </span>
     <span class='ocr_line' id='line_1_3' title="bbox 204 1084 1757 1176; baseline 0.001 -20"><span class='ocrx_word' id='word_1_12' title='bbox 204 1085 378 1156; x_wconf 85' lang='lat' dir='ltr'><strong>llincza</strong></span> <span class='ocrx_word' id='word_1_13' title='bbox 406 1085 449 1156; x_wconf 94' lang='lat' dir='ltr'><strong>de</strong></span> <span class='ocrx_word' id='word_1_14' title='bbox 476 1084 643 1174; x_wconf 84' lang='lat' dir='ltr'><strong>Rogow</strong></span> <span class='ocrx_word' id='word_1_15' title='bbox 670 1084 760 1156; x_wconf 86' lang='lat' dir='ltr'><strong>datis</strong></span> <span class='ocrx_word' id='word_1_16' title='bbox 779 1084 824 1154; x_wconf 90' lang='lat' dir='ltr'><strong>ad</strong></span> <span class='ocrx_word' id='word_1_17' title='bbox 842 1087 1092 1174; x_wconf 83' lang='lat' dir='ltr'><strong>coemptionem</strong></span> <span class='ocrx_word' id='word_1_18' title='bbox 1112 1085 1312 1157; x_wconf 72' lang='lat' dir='ltr'><strong>advocatiae</strong></span> <span class='ocrx_word' id='word_1_19' title='bbox 1332 1085 1593 1176; x_wconf 90' lang='lat' dir='ltr'><strong>Msthoviensis,</strong></span> <span class='ocrx_word' id='word_1_20' title='bbox 1621 1092 1757 1157; x_wconf 90' lang='lat' dir='ltr'><strong>centnm</strong></span> 
     </span>
     <span class='ocr_line' id='line_1_4' title="bbox 205 1204 1757 1296; baseline 0 -20"><span class='ocrx_word' id='word_1_21' title='bbox 205 1205 386 1293; x_wconf 71' lang='lat' dir='ltr'><strong>sexagenis</strong></span> <span class='ocrx_word' id='word_1_22' title='bbox 415 1210 451 1276; x_wconf 89' lang='lat' dir='ltr'><strong>et</strong></span> <span class='ocrx_word' id='word_1_23' title='bbox 479 1204 674 1294; x_wconf 90' lang='lat' dir='ltr'><strong>quindecim</strong></span> <span class='ocrx_word' id='word_1_24' title='bbox 700 1205 835 1293; x_wconf 90' lang='lat' dir='ltr'><strong>marcis,</strong></span> <span class='ocrx_word' id='word_1_25' title='bbox 862 1206 1108 1276; x_wconf 86' lang='lat' dir='ltr'><strong>monasterinm</strong></span> <span class='ocrx_word' id='word_1_26' title='bbox 1135 1204 1373 1277; x_wconf 89' lang='lat' dir='ltr'><strong>Msthoviense</strong></span> <span class='ocrx_word' id='word_1_27' title='bbox 1400 1207 1551 1295; x_wconf 89' lang='lat' dir='ltr'><strong>iuverat,</strong></span> <span class='ocrx_word' id='word_1_28' title='bbox 1577 1207 1757 1296; x_wconf 89' lang='lat' dir='ltr'><strong>praeposi·</strong></span> 
     </span>
     <span class='ocr_line' id='line_1_5' title="bbox 203 1324 1760 1415; baseline 0.001 -19"><span class='ocrx_word' id='word_1_29' title='bbox 203 1331 255 1396; x_wconf 92' lang='lat' dir='ltr'><strong>tus</strong></span> <span class='ocrx_word' id='word_1_30' title='bbox 282 1330 318 1394; x_wconf 91' lang='lat' dir='ltr'><strong>et</strong></span> <span class='ocrx_word' id='word_1_31' title='bbox 346 1331 539 1396; x_wconf 88' lang='lat' dir='ltr'><strong>conventus</strong></span> <span class='ocrx_word' id='word_1_32' title='bbox 565 1324 817 1396; x_wconf 89' lang='lat' dir='ltr'><strong>Msthovlensis</strong></span> <span class='ocrx_word' id='word_1_33' title='bbox 842 1345 1030 1414; x_wconf 87' lang='lat' dir='ltr'><strong>memores,</strong></span> <span class='ocrx_word' id='word_1_34' title='bbox 1070 1325 1227 1415; x_wconf 84' lang='lat' dir='ltr'><strong>praelato</strong></span> <span class='ocrx_word' id='word_1_35' title='bbox 1254 1326 1462 1396; x_wconf 90' lang='lat' dir='ltr'><strong>Hinczae</strong></span> <span class='ocrx_word' id='word_1_36' title='bbox 1497 1327 1541 1397; x_wconf 92' lang='lat' dir='ltr'><strong>de</strong></span> <span class='ocrx_word' id='word_1_37' title='bbox 1570 1326 1760 1415; x_wconf 86' lang='lat' dir='ltr'><strong>Rogovv,</strong></span> 
     </span>
     <span class='ocr_line' id='line_1_6' title="bbox 203 1443 1753 1535; baseline 0 -19"><span class='ocrx_word' id='word_1_38' title='bbox 203 1444 243 1516; x_wconf 88' lang='lat' dir='ltr'><strong>ad</strong></span> <span class='ocrx_word' id='word_1_39' title='bbox 269 1443 480 1534; x_wconf 81' lang='lat' dir='ltr'><strong>explendum</strong></span> <span class='ocrx_word' id='word_1_40' title='bbox 508 1446 783 1516; x_wconf 88' lang='lat' dir='ltr'><strong>anniversarium</strong></span> <span class='ocrx_word' id='word_1_41' title='bbox 807 1451 1011 1534; x_wconf 89' lang='lat' dir='ltr'><strong>perpetuum</strong></span> <span class='ocrx_word' id='word_1_42' title='bbox 1046 1465 1110 1534; x_wconf 93' lang='lat' dir='ltr'><strong>pro</strong></span> <span class='ocrx_word' id='word_1_43' title='bbox 1138 1446 1254 1516; x_wconf 89' lang='lat' dir='ltr'><strong>anima</strong></span> <span class='ocrx_word' id='word_1_44' title='bbox 1279 1466 1352 1535; x_wconf 85' lang='lat' dir='ltr'><strong>sua,</strong></span> <span class='ocrx_word' id='word_1_45' title='bbox 1378 1445 1630 1535; x_wconf 83' lang='lat' dir='ltr'><strong>adlegandum</strong></span> <span class='ocrx_word' id='word_1_46' title='bbox 1656 1447 1753 1517; x_wconf 88' lang='lat' dir='ltr'><strong>vide·</strong></span> 
     </span>
     <span class='ocr_line' id='line_1_7' title="bbox 203 1563 1752 1655; baseline 0.001 -21"><span class='ocrx_word' id='word_1_47' title='bbox 203 1565 280 1634; x_wconf 86' lang='lat' dir='ltr'><strong>lieet</strong></span> <span class='ocrx_word' id='word_1_48' title='bbox 307 1565 458 1653; x_wconf 87' lang='lat' dir='ltr'><strong>singulis</strong></span> <span class='ocrx_word' id='word_1_49' title='bbox 485 1565 689 1654; x_wconf 89' lang='lat' dir='ltr'><strong>septimanis</strong></span> <span class='ocrx_word' id='word_1_50' title='bbox 715 1571 863 1655; x_wconf 85' lang='lat' dir='ltr'><strong>quatuor</strong></span> <span class='ocrx_word' id='word_1_51' title='bbox 889 1565 1012 1636; x_wconf 91' lang='lat' dir='ltr'><strong>missas</strong></span> <span class='ocrx_word' id='word_1_52' title='bbox 1039 1563 1287 1654; x_wconf 82' lang='lat' dir='ltr'><strong>defunctorum,</strong></span> <span class='ocrx_word' id='word_1_53' title='bbox 1305 1571 1342 1637; x_wconf 91' lang='lat' dir='ltr'><strong>et</strong></span> <span class='ocrx_word' id='word_1_54' title='bbox 1360 1565 1405 1636; x_wconf 89' lang='lat' dir='ltr'><strong>ad</strong></span> <span class='ocrx_word' id='word_1_55' title='bbox 1423 1566 1752 1636; x_wconf 86' lang='lat' dir='ltr'><strong>cantandnmunam</strong></span> 
     </span>
     <span class='ocr_line' id='line_1_8' title="bbox 204 1684 1747 1776; baseline 0.001 -22"><span class='ocrx_word' id='word_1_56' title='bbox 204 1686 341 1756; x_wconf 90' lang='lat' dir='ltr'><strong>missam</strong></span> <span class='ocrx_word' id='word_1_57' title='bbox 369 1685 415 1756; x_wconf 91' lang='lat' dir='ltr'><strong>de</strong></span> <span class='ocrx_word' id='word_1_58' title='bbox 442 1685 553 1757; x_wconf 91' lang='lat' dir='ltr'><strong>Beata</strong></span> <span class='ocrx_word' id='word_1_59' title='bbox 578 1684 695 1757; x_wconf 86' lang='lat' dir='ltr'><strong>Maria</strong></span> <span class='ocrx_word' id='word_1_60' title='bbox 721 1685 885 1776; x_wconf 83' lang='lat' dir='ltr'><strong>Virgine,</strong></span> <span class='ocrx_word' id='word_1_61' title='bbox 921 1686 1026 1756; x_wconf 90' lang='lat' dir='ltr'><strong>etiam</strong></span> <span class='ocrx_word' id='word_1_62' title='bbox 1054 1686 1200 1775; x_wconf 89' lang='lat' dir='ltr'><strong>singulis</strong></span> <span class='ocrx_word' id='word_1_63' title='bbox 1226 1687 1437 1775; x_wconf 89' lang='lat' dir='ltr'><strong>septimanis,</strong></span> <span class='ocrx_word' id='word_1_64' title='bbox 1464 1688 1640 1776; x_wconf 88' lang='lat' dir='ltr'><strong>perpetuis</strong></span> <span class='ocrx_word' id='word_1_65' title='bbox 1666 1694 1747 1756; x_wconf 91' lang='lat' dir='ltr'><strong>tem·</strong></span> 
     </span>
     <span class='ocr_line' id='line_1_9' title="bbox 203 1805 1754 1896; baseline 0.001 -21"><span class='ocrx_word' id='word_1_66' title='bbox 203 1805 344 1895; x_wconf 87' lang='lat' dir='ltr'><strong>poribus</strong></span> <span class='ocrx_word' id='word_1_67' title='bbox 373 1825 412 1876; x_wconf 92' lang='lat' dir='ltr'><strong>se</strong></span> <span class='ocrx_word' id='word_1_68' title='bbox 439 1806 683 1896; x_wconf 89' lang='lat' dir='ltr'><strong>obligaverunt</strong></span> <span class='ocrx_word' id='word_1_69' title='bbox 709 1812 746 1878; x_wconf 92' lang='lat' dir='ltr'><strong>et</strong></span> <span class='ocrx_word' id='word_1_70' title='bbox 772 1808 1042 1896; x_wconf 89' lang='lat' dir='ltr'><strong>inscripserunt;</strong></span> <span class='ocrx_word' id='word_1_71' title='bbox 1079 1826 1166 1876; x_wconf 90' lang='lat' dir='ltr'><strong>onus</strong></span> <span class='ocrx_word' id='word_1_72' title='bbox 1197 1807 1284 1876; x_wconf 90' lang='lat' dir='ltr'><strong>satis</strong></span> <span class='ocrx_word' id='word_1_73' title='bbox 1319 1806 1551 1896; x_wconf 90' lang='lat' dir='ltr'><strong>ponderosum</strong></span> <span class='ocrx_word' id='word_1_74' title='bbox 1577 1813 1614 1878; x_wconf 92' lang='lat' dir='ltr'><strong>et</strong></span> <span class='ocrx_word' id='word_1_75' title='bbox 1639 1807 1754 1895; x_wconf 87' lang='lat' dir='ltr'><strong>gravi·</strong></span> 
     </span>
     <span class='ocr_line' id='line_1_10' title="bbox 205 1925 1358 2018; baseline 0 -22"><span class='ocrx_word' id='word_1_76' title='bbox 205 1926 292 2014; x_wconf 92' lang='lat' dir='ltr'><strong>dnm,</strong></span> <span class='ocrx_word' id='word_1_77' title='bbox 320 1925 460 1998; x_wconf 90' lang='lat' dir='ltr'><strong>suiset</strong></span> <span class='ocrx_word' id='word_1_78' title='bbox 487 1947 628 1998; x_wconf 91' lang='lat' dir='ltr'><strong>snorum</strong></span> <span class='ocrx_word' id='word_1_79' title='bbox 655 1947 892 1998; x_wconf 88' lang='lat' dir='ltr'><strong>successorum</strong></span> <span class='ocrx_word' id='word_1_80' title='bbox 920 1927 1111 1999; x_wconf 89' lang='lat' dir='ltr'><strong>cervicibus</strong></span> <span class='ocrx_word' id='word_1_81' title='bbox 1138 1926 1358 2018; x_wconf 90' lang='lat' dir='ltr'><strong>imponendo.</strong></span> 
     </span>
    </p>
   </div>
   <div class='ocr_carea' id='block_1_3' title="bbox 309 2157 1752 2258">
    <p class='ocr_par' dir='ltr' id='par_1_3' title="bbox 309 2157 1752 2258">
     <span class='ocr_line' id='line_1_11' title="bbox 309 2157 1752 2258; baseline 0 -20"><span class='ocrx_word' id='word_1_82' title='bbox 309 2165 349 2240; x_wconf 88' lang='lat' dir='ltr'><strong>ln</strong></span> <span class='ocrx_word' id='word_1_83' title='bbox 381 2167 539 2240; x_wconf 83' lang='lat' dir='ltr'><strong>nomine</strong></span> <span class='ocrx_word' id='word_1_84' title='bbox 577 2165 729 2253; x_wconf 84' lang='lat' dir='ltr'><strong>Domini</strong></span> <span class='ocrx_word' id='word_1_85' title='bbox 759 2165 895 2242; x_wconf 56' lang='lat' dir='ltr'><strong>Amans</strong></span> <span class='ocrx_word' id='word_1_86' title='bbox 922 2157 1091 2258; x_wconf 78' lang='lat' dir='ltr'><strong>Quoniam</strong></span> <span class='ocrx_word' id='word_1_87' title='bbox 1118 2169 1228 2258; x_wconf 90' lang='lat' dir='ltr'><strong>gestis</strong></span> <span class='ocrx_word' id='word_1_88' title='bbox 1254 2168 1431 2240; x_wconf 92' lang='lat' dir='ltr'><strong>hominum</strong></span> <span class='ocrx_word' id='word_1_89' title='bbox 1459 2167 1548 2238; x_wconf 93' lang='lat' dir='ltr'><strong>solet</strong></span> <span class='ocrx_word' id='word_1_90' title='bbox 1573 2169 1752 2239; x_wconf 78' lang='lat' dir='ltr'><strong>novercari</strong></span> 
     </span>
    </p>
   </div>
   <div class='ocr_carea' id='block_1_4' title="bbox 103 2287 1753 2380">
    <p class='ocr_par' dir='ltr' id='par_1_4' title="bbox 103 2287 1753 2380">
     <span class='ocr_line' id='line_1_12' title="bbox 103 2287 1753 2380; baseline 0.001 -22"><span class='ocrx_word' id='word_1_91' title='bbox 103 2333 105 2340; x_wconf 62' lang='lat'>›</span> <span class='ocrx_word' id='word_1_92' title='bbox 204 2307 387 2376; x_wconf 83' lang='lat' dir='ltr'><strong>processus</strong></span> <span class='ocrx_word' id='word_1_93' title='bbox 415 2295 628 2379; x_wconf 92' lang='lat' dir='ltr'><strong>temporum,</strong></span> <span class='ocrx_word' id='word_1_94' title='bbox 656 2295 842 2380; x_wconf 80' lang='lat' dir='ltr'><strong>eapropter</strong></span> <span class='ocrx_word' id='word_1_95' title='bbox 868 2311 932 2361; x_wconf 89' lang='lat' dir='ltr'><strong>nos</strong></span> <span class='ocrx_word' id='word_1_96' title='bbox 958 2289 1036 2361; x_wconf 90' lang='lat' dir='ltr'><strong>Ivo</strong></span> <span class='ocrx_word' id='word_1_97' title='bbox 1073 2289 1140 2360; x_wconf 90' lang='lat' dir='ltr'><strong>Dei</strong></span> <span class='ocrx_word' id='word_1_98' title='bbox 1165 2290 1282 2379; x_wconf 88' lang='lat' dir='ltr'><strong>gratia</strong></span> <span class='ocrx_word' id='word_1_99' title='bbox 1307 2287 1546 2360; x_wconf 76' lang='lat' dir='ltr'><strong>cracoviensis</strong></span> <span class='ocrx_word' id='word_1_100' title='bbox 1571 2288 1753 2380; x_wconf 89' lang='lat' dir='ltr'><strong>episcopus</strong></span> 
     </span>
    </p>
   </div>
   <div class='ocr_carea' id='block_1_5' title="bbox 103 2407 1752 2862">
    <p class='ocr_par' dir='ltr' id='par_1_5' title="bbox 103 2407 1752 2862">
     <span class='ocr_line' id='line_1_13' title="bbox 205 2407 1752 2500; baseline 0 -22"><span class='ocrx_word' id='word_1_101' title='bbox 205 2413 318 2479; x_wconf 93' lang='lat' dir='ltr'><strong>notum</strong></span> <span class='ocrx_word' id='word_1_102' title='bbox 346 2407 511 2498; x_wconf 87' lang='lat' dir='ltr'><strong>facimus,</strong></span> <span class='ocrx_word' id='word_1_103' title='bbox 547 2417 618 2481; x_wconf 88' lang='lat' dir='ltr'><strong>tam</strong></span> <span class='ocrx_word' id='word_1_104' title='bbox 645 2411 905 2498; x_wconf 88' lang='lat' dir='ltr'><strong>praesentibus,</strong></span> <span class='ocrx_word' id='word_1_105' title='bbox 933 2430 1034 2500; x_wconf 88' lang='lat' dir='ltr'><strong>qnam</strong></span> <span class='ocrx_word' id='word_1_106' title='bbox 1060 2409 1205 2499; x_wconf 77' lang='lat' dir='ltr'><strong>futuris,</strong></span> <span class='ocrx_word' id='word_1_107' title='bbox 1239 2410 1390 2500; x_wconf 89' lang='lat' dir='ltr'><strong>quiade</strong></span> <span class='ocrx_word' id='word_1_108' title='bbox 1415 2429 1585 2482; x_wconf 88' lang='lat' dir='ltr'><strong>consensu</strong></span> <span class='ocrx_word' id='word_1_109' title='bbox 1610 2409 1752 2498; x_wconf 87' lang='lat' dir='ltr'><strong>capitoli</strong></span> 
     </span>
     <span class='ocr_line' id='line_1_14' title="bbox 103 2527 1752 2630; baseline -0.001 -30"><span class='ocrx_word' id='word_1_110' title='bbox 103 2545 104 2548; x_wconf 72' lang='grc'>’</span> <span class='ocrx_word' id='word_1_111' title='bbox 205 2527 445 2602; x_wconf 73' lang='lat' dir='ltr'><strong>Gracomensis</strong></span> <span class='ocrx_word' id='word_1_112' title='bbox 472 2551 590 2602; x_wconf 90' lang='lat' dir='ltr'><strong>omnes</strong></span> <span class='ocrx_word' id='word_1_113' title='bbox 626 2529 777 2630; x_wconf 86' lang='lat' dir='ltr'><strong>decimas</strong></span> <span class='ocrx_word' id='word_1_114' title='bbox 807 2531 934 2604; x_wconf 84' lang='lat' dir='ltr'><strong>domus</strong></span> <span class='ocrx_word' id='word_1_115' title='bbox 961 2529 1231 2620; x_wconf 91' lang='lat' dir='ltr'><strong>Msthoviensis,</strong></span> <span class='ocrx_word' id='word_1_116' title='bbox 1268 2551 1371 2621; x_wconf 87' lang='lat' dir='ltr'><strong>quam</strong></span> <span class='ocrx_word' id='word_1_117' title='bbox 1396 2531 1432 2602; x_wconf 93' lang='lat' dir='ltr'><strong>in</strong></span> <span class='ocrx_word' id='word_1_118' title='bbox 1459 2534 1579 2602; x_wconf 87' lang='lat' dir='ltr'><strong>nostra</strong></span> <span class='ocrx_word' id='word_1_119' title='bbox 1604 2529 1752 2601; x_wconf 88' lang='lat' dir='ltr'><strong>dioecesi</strong></span> 
     </span>
     <span class='ocr_line' id='line_1_15' title="bbox 206 2650 1750 2743; baseline -0.001 -23"><span class='ocrx_word' id='word_1_120' title='bbox 206 2650 303 2721; x_wconf 87' lang='lat' dir='ltr'><strong>sitam</strong></span> <span class='ocrx_word' id='word_1_121' title='bbox 331 2653 490 2724; x_wconf 87' lang='lat' dir='ltr'><strong>canonici</strong></span> <span class='ocrx_word' id='word_1_122' title='bbox 516 2651 696 2741; x_wconf 90' lang='lat' dir='ltr'><strong>possident</strong></span> <span class='ocrx_word' id='word_1_123' title='bbox 722 2652 918 2743; x_wconf 80' lang='lat' dir='ltr'><strong>regulares,</strong></span> <span class='ocrx_word' id='word_1_124' title='bbox 959 2671 1045 2741; x_wconf 88' lang='lat' dir='ltr'><strong>quos</strong></span> <span class='ocrx_word' id='word_1_125' title='bbox 1072 2651 1222 2723; x_wconf 88' lang='lat' dir='ltr'><strong>decimas</strong></span> <span class='ocrx_word' id='word_1_126' title='bbox 1249 2651 1293 2722; x_wconf 91' lang='lat' dir='ltr'><strong>ab</strong></span> <span class='ocrx_word' id='word_1_127' title='bbox 1320 2651 1596 2724; x_wconf 75' lang='lat' dir='ltr'><strong>antecessoribus</strong></span> <span class='ocrx_word' id='word_1_128' title='bbox 1622 2651 1750 2722; x_wconf 87' lang='lat' dir='ltr'><strong>nostris</strong></span> 
     </span>
     <span class='ocr_line' id='line_1_16' title="bbox 204 2770 1748 2862; baseline 0.001 -22"><span class='ocrx_word' id='word_1_129' title='bbox 204 2770 354 2860; x_wconf 84' lang='lat' dir='ltr'><strong>legitime</strong></span> <span class='ocrx_word' id='word_1_130' title='bbox 382 2778 464 2843; x_wconf 88' lang='lat' dir='ltr'><strong>sunt</strong></span> <span class='ocrx_word' id='word_1_131' title='bbox 490 2771 616 2862; x_wconf 88' lang='lat' dir='ltr'><strong>adepti,</strong></span> <span class='ocrx_word' id='word_1_132' title='bbox 643 2779 748 2862; x_wconf 88' lang='lat' dir='ltr'><strong>prout</strong></span> <span class='ocrx_word' id='word_1_133' title='bbox 774 2793 817 2844; x_wconf 84' lang='lat' dir='ltr'><strong>en</strong></span> <span class='ocrx_word' id='word_1_134' title='bbox 844 2793 962 2844; x_wconf 90' lang='lat' dir='ltr'><strong>eorum</strong></span> <span class='ocrx_word' id='word_1_135' title='bbox 989 2772 1181 2862; x_wconf 89' lang='lat' dir='ltr'><strong>privilegiis</strong></span> <span class='ocrx_word' id='word_1_136' title='bbox 1207 2773 1445 2862; x_wconf 88' lang='lat' dir='ltr'><strong>comperimus,</strong></span> <span class='ocrx_word' id='word_1_137' title='bbox 1472 2772 1557 2861; x_wconf 92' lang='lat' dir='ltr'><strong>ipsis</strong></span> <span class='ocrx_word' id='word_1_138' title='bbox 1578 2776 1748 2842; x_wconf 90' lang='lat' dir='ltr'><strong>eteorum</strong></span> 
     </span>
    </p>
   </div>
   <div class='ocr_carea' id='block_1_6' title="bbox 102 2891 1752 2984">
    <p class='ocr_par' dir='ltr' id='par_1_6' title="bbox 102 2891 1752 2984">
     <span class='ocr_line' id='line_1_17' title="bbox 102 2891 1752 2984; baseline -0.001 -23"><span class='ocrx_word' id='word_1_139' title='bbox 102 2903 103 2906; x_wconf 74' lang='grc'>’</span> <span class='ocrx_word' id='word_1_140' title='bbox 205 2892 471 2983; x_wconf 88' lang='lat' dir='ltr'><strong>successoribus,</strong></span> <span class='ocrx_word' id='word_1_141' title='bbox 498 2894 673 2982; x_wconf 83' lang='lat' dir='ltr'><strong>praesenti</strong></span> <span class='ocrx_word' id='word_1_142' title='bbox 700 2895 826 2984; x_wconf 88' lang='lat' dir='ltr'><strong>pagina</strong></span> <span class='ocrx_word' id='word_1_143' title='bbox 853 2892 1014 2964; x_wconf 82' lang='lat' dir='ltr'><strong>duximus</strong></span> <span class='ocrx_word' id='word_1_144' title='bbox 1041 2892 1309 2982; x_wconf 89' lang='lat' dir='ltr'><strong>confirmandas,</strong></span> <span class='ocrx_word' id='word_1_145' title='bbox 1335 2899 1372 2967; x_wconf 92' lang='lat' dir='ltr'><strong>et</strong></span> <span class='ocrx_word' id='word_1_146' title='bbox 1398 2891 1574 2963; x_wconf 88' lang='lat' dir='ltr'><strong>vocabulis</strong></span> <span class='ocrx_word' id='word_1_147' title='bbox 1601 2893 1752 2981; x_wconf 88' lang='lat' dir='ltr'><strong>propriis</strong></span> 
     </span>
    </p>
   </div>
   <div class='ocr_carea' id='block_1_7' title="bbox 101 3011 1752 3240">
    <p class='ocr_par' dir='ltr' id='par_1_7' title="bbox 101 3011 1752 3240">
     <span class='ocr_line' id='line_1_18' title="bbox 205 3011 1751 3120; baseline -0.001 -38"><span class='ocrx_word' id='word_1_148' title='bbox 205 3012 458 3101; x_wconf 83' lang='lat' dir='ltr'><strong>exprimendas.</strong></span> <span class='ocrx_word' id='word_1_149' title='bbox 486 3013 575 3084; x_wconf 90' lang='lat' dir='ltr'><strong>Sunt</strong></span> <span class='ocrx_word' id='word_1_150' title='bbox 601 3017 716 3084; x_wconf 86' lang='lat' dir='ltr'><strong>autem</strong></span> <span class='ocrx_word' id='word_1_151' title='bbox 744 3013 841 3085; x_wconf 91' lang='lat' dir='ltr'><strong>istae:</strong></span> <span class='ocrx_word' id='word_1_152' title='bbox 869 3016 981 3103; x_wconf 91' lang='lat' dir='ltr'><strong>ipsum</strong></span> <span class='ocrx_word' id='word_1_153' title='bbox 1009 3013 1203 3120; x_wconf 74' lang='lat' dir='ltr'><strong>Msthpvv</strong></span> <span class='ocrx_word' id='word_1_154' title='bbox 1229 3033 1306 3085; x_wconf 91' lang='lat' dir='ltr'><strong>cnm</strong></span> <span class='ocrx_word' id='word_1_155' title='bbox 1324 3013 1442 3104; x_wconf 90' lang='lat' dir='ltr'><strong>sylvis,</strong></span> <span class='ocrx_word' id='word_1_156' title='bbox 1468 3013 1560 3102; x_wconf 85' lang='lat' dir='ltr'><strong>agris</strong></span> <span class='ocrx_word' id='word_1_157' title='bbox 1587 3018 1624 3084; x_wconf 91' lang='lat' dir='ltr'><strong>et</strong></span> <span class='ocrx_word' id='word_1_158' title='bbox 1649 3011 1751 3100; x_wconf 80' lang='lat' dir='ltr'><strong>villis,</strong></span> 
     </span>
     <span class='ocr_line' id='line_1_19' title="bbox 101 3132 1752 3240; baseline -0.004 -32"><span class='ocrx_word' id='word_1_159' title='bbox 101 3151 103 3240; x_wconf 29' lang='grc' dir='ltr'><em>ᾗ</em></span> <span class='ocrx_word' id='word_1_160' title='bbox 205 3151 288 3220; x_wconf 86' lang='lat' dir='ltr'><strong>quae</strong></span> <span class='ocrx_word' id='word_1_161' title='bbox 305 3133 402 3204; x_wconf 90' lang='lat' dir='ltr'><strong>intra</strong></span> <span class='ocrx_word' id='word_1_162' title='bbox 420 3135 587 3206; x_wconf 90' lang='lat' dir='ltr'><strong>terminos</strong></span> <span class='ocrx_word' id='word_1_163' title='bbox 605 3134 679 3206; x_wconf 81' lang='lat' dir='ltr'><strong>eins</strong></span> <span class='ocrx_word' id='word_1_164' title='bbox 698 3135 928 3223; x_wconf 91' lang='lat' dir='ltr'><strong>continentur,</strong></span> <span class='ocrx_word' id='word_1_165' title='bbox 947 3155 1092 3225; x_wconf 89' lang='lat' dir='ltr'><strong>quarum</strong></span> <span class='ocrx_word' id='word_1_166' title='bbox 1111 3134 1273 3205; x_wconf 86' lang='lat' dir='ltr'><strong>villarum</strong></span> <span class='ocrx_word' id='word_1_167' title='bbox 1299 3133 1468 3204; x_wconf 89' lang='lat' dir='ltr'><strong>vocabula</strong></span> <span class='ocrx_word' id='word_1_168' title='bbox 1494 3138 1581 3204; x_wconf 76' lang='lat' dir='ltr'><strong>sunt</strong></span> <span class='ocrx_word' id='word_1_169' title='bbox 1607 3132 1752 3204; x_wconf 88' lang='lat' dir='ltr'><strong>Zawa-</strong></span> 
     </span>
    </p>
   </div>
   <div class='ocr_carea' id='block_1_8' title="bbox 101 3251 1753 3465">
    <p class='ocr_par' dir='ltr' id='par_1_8' title="bbox 101 3251 1753 3465">
     <span class='ocr_line' id='line_1_20' title="bbox 101 3251 1753 3345; baseline -0.006 -13"><span class='ocrx_word' id='word_1_170' title='bbox 101 3253 102 3332; x_wconf 80' lang='lat' dir='ltr'>j</span> <span class='ocrx_word' id='word_1_171' title='bbox 206 3251 272 3342; x_wconf 93' lang='lat' dir='ltr'><strong>da,</strong></span> <span class='ocrx_word' id='word_1_172' title='bbox 300 3251 534 3344; x_wconf 84' lang='lat' dir='ltr'><strong>Usezyno,</strong></span> <span class='ocrx_word' id='word_1_173' title='bbox 570 3253 822 3344; x_wconf 88' lang='lat' dir='ltr'><strong>Sroczsko,</strong></span> <span class='ocrx_word' id='word_1_174' title='bbox 859 3253 1324 3345; x_wconf 81' lang='lat' dir='ltr'><strong>Jasnrow,Kunyn0.</strong></span> <span class='ocrx_word' id='word_1_175' title='bbox 1367 3253 1457 3326; x_wconf 92' lang='lat' dir='ltr'><strong>Item</strong></span> <span class='ocrx_word' id='word_1_176' title='bbox 1483 3254 1519 3324; x_wconf 92' lang='lat' dir='ltr'><strong>in</strong></span> <span class='ocrx_word' id='word_1_177' title='bbox 1546 3253 1636 3324; x_wconf 90' lang='lat' dir='ltr'><strong>villis</strong></span> <span class='ocrx_word' id='word_1_178' title='bbox 1663 3253 1753 3323; x_wconf 92' lang='lat' dir='ltr'><strong>mili-</strong></span> 
     </span>
     <span class='ocr_line' id='line_1_21' title="bbox 101 3373 1753 3465; baseline -0.001 -21"><span class='ocrx_word' id='word_1_179' title='bbox 101 3445 103 3454; x_wconf 46' lang='lat'><strong>,</strong></span> <span class='ocrx_word' id='word_1_180' title='bbox 206 3378 274 3444; x_wconf 91' lang='lat' dir='ltr'><strong>tum</strong></span> <span class='ocrx_word' id='word_1_181' title='bbox 301 3375 635 3464; x_wconf 84' lang='lat' dir='ltr'><strong>circumiacentibus,</strong></span> <span class='ocrx_word' id='word_1_182' title='bbox 664 3397 807 3465; x_wconf 91' lang='lat' dir='ltr'><strong>quarum</strong></span> <span class='ocrx_word' id='word_1_183' title='bbox 835 3377 975 3447; x_wconf 92' lang='lat' dir='ltr'><strong>nomina</strong></span> <span class='ocrx_word' id='word_1_184' title='bbox 1002 3383 1083 3447; x_wconf 92' lang='lat' dir='ltr'><strong>sunt</strong></span> <span class='ocrx_word' id='word_1_185' title='bbox 1109 3377 1195 3447; x_wconf 88' lang='lat' dir='ltr'><strong>ista:</strong></span> <span class='ocrx_word' id='word_1_186' title='bbox 1222 3373 1606 3465; x_wconf 83' lang='lat' dir='ltr'><strong>Olobnlrovycze,</strong></span> <span class='ocrx_word' id='word_1_187' title='bbox 1632 3373 1753 3464; x_wconf 69' lang='lat' dir='ltr'><strong>Irae-</strong></span> 
     </span>
    </p>
   </div>
   <div class='ocr_carea' id='block_1_9' title="bbox 207 3491 1823 5760">
    <p class='ocr_par' dir='ltr' id='par_1_9' title="bbox 207 3491 1823 5760">
     <span class='ocr_line' id='line_1_22' title="bbox 207 3491 1753 3585; baseline 0 -22"><span class='ocrx_word' id='word_1_188' title='bbox 207 3491 298 3584; x_wconf 88' lang='lat' dir='ltr'><strong>dze,</strong></span> <span class='ocrx_word' id='word_1_189' title='bbox 335 3496 436 3566; x_wconf 90' lang='lat' dir='ltr'><strong>cuius</strong></span> <span class='ocrx_word' id='word_1_190' title='bbox 463 3495 568 3566; x_wconf 91' lang='lat' dir='ltr'><strong>etiam</strong></span> <span class='ocrx_word' id='word_1_191' title='bbox 595 3501 730 3585; x_wconf 89' lang='lat' dir='ltr'><strong>partem</strong></span> <span class='ocrx_word' id='word_1_192' title='bbox 758 3495 851 3567; x_wconf 87' lang='lat' dir='ltr'><strong>dicta</strong></span> <span class='ocrx_word' id='word_1_193' title='bbox 877 3495 999 3568; x_wconf 91' lang='lat' dir='ltr'><strong>domus</strong></span> <span class='ocrx_word' id='word_1_194' title='bbox 1033 3497 1108 3567; x_wconf 90' lang='lat' dir='ltr'><strong>iure</strong></span> <span class='ocrx_word' id='word_1_195' title='bbox 1135 3496 1371 3570; x_wconf 84' lang='lat' dir='ltr'><strong>haereditario</strong></span> <span class='ocrx_word' id='word_1_196' title='bbox 1398 3495 1570 3585; x_wconf 81' lang='lat' dir='ltr'><strong>possidet3</strong></span> <span class='ocrx_word' id='word_1_197' title='bbox 1606 3495 1688 3565; x_wconf 87' lang='lat' dir='ltr'><strong>item</strong></span> <span class='ocrx_word' id='word_1_198' title='bbox 1718 3497 1753 3564; x_wconf 90' lang='lat' dir='ltr'><strong>in</strong></span> 
     </span>
     <span class='ocr_line' id='line_1_23' title="bbox 209 3613 1750 3708; baseline 0.001 -25"><span class='ocrx_word' id='word_1_199' title='bbox 209 3613 293 3686; x_wconf 89' lang='lat' dir='ltr'><strong>villis</strong></span> <span class='ocrx_word' id='word_1_200' title='bbox 318 3615 410 3686; x_wconf 90' lang='lat' dir='ltr'><strong>istis:</strong></span> <span class='ocrx_word' id='word_1_201' title='bbox 438 3614 774 3708; x_wconf 87' lang='lat' dir='ltr'><strong>Oobylczyoze,</strong></span> <span class='ocrx_word' id='word_1_202' title='bbox 800 3616 1081 3707; x_wconf 87' lang='lat' dir='ltr'><strong>Matrzessa,</strong></span> <span class='ocrx_word' id='word_1_203' title='bbox 1108 3617 1283 3706; x_wconf 89' lang='lat' dir='ltr'><strong>Zorav,</strong></span> <span class='ocrx_word' id='word_1_204' title='bbox 1309 3615 1533 3706; x_wconf 84' lang='lat' dir='ltr'><strong>Zagorze,</strong></span> <span class='ocrx_word' id='word_1_205' title='bbox 1558 3614 1750 3706; x_wconf 84' lang='lat' dir='ltr'><strong>Myrnvv,</strong></span> 
     </span>
     <span class='ocr_line' id='line_1_24' title="bbox 209 3731 1754 3828; baseline 0.001 -24"><span class='ocrx_word' id='word_1_206' title='bbox 209 3731 479 3826; x_wconf 86' lang='lat' dir='ltr'><strong>Szyedlcze,</strong></span> <span class='ocrx_word' id='word_1_207' title='bbox 507 3735 891 3828; x_wconf 81' lang='lat' dir='ltr'><strong>Ozanstochovva,</strong></span> <span class='ocrx_word' id='word_1_208' title='bbox 928 3733 1754 3827; x_wconf 74' lang='lat' dir='ltr'><strong>ozanstochowka,1sandzyny,Ku-</strong></span> 
     </span>
     <span class='ocr_line' id='line_1_25' title="bbox 210 3855 1754 3950; baseline 0.001 -25"><span class='ocrx_word' id='word_1_209' title='bbox 210 3855 363 3946; x_wconf 80' lang='lat' dir='ltr'><strong>ohary3</strong></span> <span class='ocrx_word' id='word_1_210' title='bbox 400 3857 438 3930; x_wconf 93' lang='lat' dir='ltr'><strong>in</strong></span> <span class='ocrx_word' id='word_1_211' title='bbox 465 3857 598 3930; x_wconf 89' lang='lat' dir='ltr'><strong>duabus</strong></span> <span class='ocrx_word' id='word_1_212' title='bbox 626 3857 718 3930; x_wconf 89' lang='lat' dir='ltr'><strong>villis</strong></span> <span class='ocrx_word' id='word_1_213' title='bbox 746 3859 842 3932; x_wconf 90' lang='lat' dir='ltr'><strong>ducis</strong></span> <span class='ocrx_word' id='word_1_214' title='bbox 877 3858 1211 3950; x_wconf 86' lang='lat' dir='ltr'><strong>Wlodovycze,</strong></span> <span class='ocrx_word' id='word_1_215' title='bbox 1246 3857 1489 3946; x_wconf 82' lang='lat' dir='ltr'><strong>Mokrslro,</strong></span> <span class='ocrx_word' id='word_1_216' title='bbox 1523 3855 1754 3945; x_wconf 84' lang='lat' dir='ltr'><strong>Zirlrowy·</strong></span> 
     </span>
     <span class='ocr_line' id='line_1_26' title="bbox 210 3977 1823 4070; baseline 0.005 -25"><span class='ocrx_word' id='word_1_217' title='bbox 210 3995 297 4067; x_wconf 87' lang='lat' dir='ltr'><strong>one,</strong></span> <span class='ocrx_word' id='word_1_218' title='bbox 324 3977 370 4049; x_wconf 88' lang='lat' dir='ltr'>W</span> <span class='ocrx_word' id='word_1_219' title='bbox 379 3979 717 4070; x_wconf 78' lang='lat' dir='ltr'><strong>ylkogeazslr03</strong></span> <span class='ocrx_word' id='word_1_220' title='bbox 744 3981 781 4052; x_wconf 92' lang='lat' dir='ltr'><strong>in</strong></span> <span class='ocrx_word' id='word_1_221' title='bbox 807 3981 862 4052; x_wconf 94' lang='lat' dir='ltr'><strong>his</strong></span> <span class='ocrx_word' id='word_1_222' title='bbox 889 3981 1047 4052; x_wconf 91' lang='lat' dir='ltr'><strong>omnibus</strong></span> <span class='ocrx_word' id='word_1_223' title='bbox 1074 3979 1351 4051; x_wconf 87' lang='lat' dir='ltr'><strong>haereditatibus</strong></span> <span class='ocrx_word' id='word_1_224' title='bbox 1378 3980 1451 4048; x_wconf 93' lang='lat' dir='ltr'><strong>sive</strong></span> <span class='ocrx_word' id='word_1_225' title='bbox 1477 3978 1514 4048; x_wconf 94' lang='lat' dir='ltr'><strong>in</strong></span> <span class='ocrx_word' id='word_1_226' title='bbox 1540 3977 1634 4049; x_wconf 93' lang='lat' dir='ltr'><strong>villis</strong></span> <span class='ocrx_word' id='word_1_227' title='bbox 1662 3997 1754 4047; x_wconf 90' lang='lat' dir='ltr'><strong>nunc</strong></span> <span class='ocrx_word' id='word_1_228' title='bbox 1814 4042 1823 4053; x_wconf 85' lang='lat'><strong>.</strong></span> 
     </span>
     <span class='ocr_line' id='line_1_27' title="bbox 210 4098 1751 4191; baseline 0.001 -25"><span class='ocrx_word' id='word_1_229' title='bbox 210 4101 429 4188; x_wconf 83' lang='lat' dir='ltr'><strong>constructis,</strong></span> <span class='ocrx_word' id='word_1_230' title='bbox 466 4100 539 4172; x_wconf 91' lang='lat' dir='ltr'><strong>sive</strong></span> <span class='ocrx_word' id='word_1_231' title='bbox 566 4101 601 4172; x_wconf 93' lang='lat' dir='ltr'><strong>in</strong></span> <span class='ocrx_word' id='word_1_232' title='bbox 628 4099 754 4173; x_wconf 82' lang='lat' dir='ltr'><strong>futuris</strong></span> <span class='ocrx_word' id='word_1_233' title='bbox 789 4101 1003 4191; x_wconf 90' lang='lat' dir='ltr'><strong>temporibus</strong></span> <span class='ocrx_word' id='word_1_234' title='bbox 1039 4099 1297 4189; x_wconf 87' lang='lat' dir='ltr'><strong>construendis,</strong></span> <span class='ocrx_word' id='word_1_235' title='bbox 1332 4100 1368 4169; x_wconf 92' lang='lat' dir='ltr'><strong>in</strong></span> <span class='ocrx_word' id='word_1_236' title='bbox 1407 4098 1563 4171; x_wconf 91' lang='lat' dir='ltr'><strong>terminis</strong></span> <span class='ocrx_word' id='word_1_237' title='bbox 1599 4099 1751 4188; x_wconf 90' lang='lat' dir='ltr'><strong>ipsarum</strong></span> 
     </span>
     <span class='ocr_line' id='line_1_28' title="bbox 210 4217 1750 4319; baseline 0 -31"><span class='ocrx_word' id='word_1_238' title='bbox 210 4217 468 4310; x_wconf 84' lang='lat' dir='ltr'><strong>haereditatum,</strong></span> <span class='ocrx_word' id='word_1_239' title='bbox 505 4221 619 4294; x_wconf 87' lang='lat' dir='ltr'><strong>dictae</strong></span> <span class='ocrx_word' id='word_1_240' title='bbox 654 4222 770 4292; x_wconf 91' lang='lat' dir='ltr'><strong>domui</strong></span> <span class='ocrx_word' id='word_1_241' title='bbox 797 4221 1030 4294; x_wconf 85' lang='lat' dir='ltr'><strong>Msthovr&#39;ensi</strong></span> <span class='ocrx_word' id='word_1_242' title='bbox 1065 4223 1334 4311; x_wconf 90' lang='lat' dir='ltr'><strong>inperpetuum</strong></span> <span class='ocrx_word' id='word_1_243' title='bbox 1369 4220 1518 4291; x_wconf 91' lang='lat' dir='ltr'><strong>decimas</strong></span> <span class='ocrx_word' id='word_1_244' title='bbox 1551 4219 1750 4319; x_wconf 86' lang='lat' dir='ltr'><strong>persolvere</strong></span> 
     </span>
     <span class='ocr_line' id='line_1_29' title="bbox 210 4340 1752 4430; baseline 0.001 -21"><span class='ocrx_word' id='word_1_245' title='bbox 210 4341 400 4430; x_wconf 86' lang='lat' dir='ltr'><strong>statuimus,</strong></span> <span class='ocrx_word' id='word_1_246' title='bbox 427 4343 518 4413; x_wconf 91' lang='lat' dir='ltr'><strong>sicut</strong></span> <span class='ocrx_word' id='word_1_247' title='bbox 544 4343 649 4414; x_wconf 88' lang='lat' dir='ltr'><strong>etiam</strong></span> <span class='ocrx_word' id='word_1_248' title='bbox 675 4345 787 4414; x_wconf 90' lang='lat' dir='ltr'><strong>nostri</strong></span> <span class='ocrx_word' id='word_1_249' title='bbox 814 4349 1053 4417; x_wconf 88' lang='lat' dir='ltr'><strong>antecessores</strong></span> <span class='ocrx_word' id='word_1_250' title='bbox 1080 4348 1288 4414; x_wconf 85' lang='lat' dir='ltr'><strong>statuerunt</strong></span> <span class='ocrx_word' id='word_1_251' title='bbox 1323 4341 1550 4413; x_wconf 89' lang='lat' dir='ltr'><strong>Prohibemus</strong></span> <span class='ocrx_word' id='word_1_252' title='bbox 1576 4360 1659 4430; x_wconf 85' lang='lat' dir='ltr'><strong>ergo</strong></span> <span class='ocrx_word' id='word_1_253' title='bbox 1687 4340 1752 4410; x_wconf 93' lang='lat' dir='ltr'><strong>sub</strong></span> 
     </span>
     <span class='ocr_line' id='line_1_30' title="bbox 211 4459 1753 4553; baseline 0 -23"><span class='ocrx_word' id='word_1_254' title='bbox 211 4477 315 4546; x_wconf 90' lang='lat' dir='ltr'><strong>poena</strong></span> <span class='ocrx_word' id='word_1_255' title='bbox 341 4461 584 4552; x_wconf 86' lang='lat' dir='ltr'><strong>anathematis,</strong></span> <span class='ocrx_word' id='word_1_256' title='bbox 612 4483 655 4534; x_wconf 91' lang='lat' dir='ltr'><strong>ne</strong></span> <span class='ocrx_word' id='word_1_257' title='bbox 683 4464 858 4553; x_wconf 89' lang='lat' dir='ltr'><strong>quaelibet</strong></span> <span class='ocrx_word' id='word_1_258' title='bbox 893 4463 1146 4552; x_wconf 88' lang='lat' dir='ltr'><strong>ecclesiastica,</strong></span> <span class='ocrx_word' id='word_1_259' title='bbox 1182 4463 1413 4534; x_wconf 87' lang='lat' dir='ltr'><strong>saecularisve</strong></span> <span class='ocrx_word' id='word_1_260' title='bbox 1438 4481 1605 4551; x_wconf 89' lang='lat' dir='ltr'><strong>persona,</strong></span> <span class='ocrx_word' id='word_1_261' title='bbox 1641 4459 1753 4532; x_wconf 90' lang='lat' dir='ltr'><strong>dictos</strong></span> 
     </span>
     <span class='ocr_line' id='line_1_31' title="bbox 212 4576 1754 4673; baseline 0.001 -24"><span class='ocrx_word' id='word_1_262' title='bbox 212 4576 331 4651; x_wconf 85' lang='lat' dir='ltr'><strong>tratres</strong></span> <span class='ocrx_word' id='word_1_263' title='bbox 357 4589 395 4652; x_wconf 90' lang='lat' dir='ltr'><strong>et</strong></span> <span class='ocrx_word' id='word_1_264' title='bbox 421 4601 540 4654; x_wconf 89' lang='lat' dir='ltr'><strong>eornm</strong></span> <span class='ocrx_word' id='word_1_265' title='bbox 568 4601 786 4656; x_wconf 88' lang='lat' dir='ltr'><strong>successores</strong></span> <span class='ocrx_word' id='word_1_266' title='bbox 804 4585 840 4654; x_wconf 92' lang='lat' dir='ltr'><strong>iu</strong></span> <span class='ocrx_word' id='word_1_267' title='bbox 858 4585 962 4656; x_wconf 88' lang='lat' dir='ltr'><strong>dictis</strong></span> <span class='ocrx_word' id='word_1_268' title='bbox 989 4585 1132 4656; x_wconf 86' lang='lat' dir='ltr'><strong>decimis</strong></span> <span class='ocrx_word' id='word_1_269' title='bbox 1150 4584 1277 4656; x_wconf 89' lang='lat' dir='ltr'><strong>audeat</strong></span> <span class='ocrx_word' id='word_1_270' title='bbox 1303 4583 1481 4673; x_wconf 88' lang='lat' dir='ltr'><strong>impedire.</strong></span> <span class='ocrx_word' id='word_1_271' title='bbox 1508 4581 1632 4654; x_wconf 87' lang='lat' dir='ltr'><strong>Nullus</strong></span> <span class='ocrx_word' id='word_1_272' title='bbox 1649 4583 1754 4653; x_wconf 89' lang='lat' dir='ltr'><strong>etiam</strong></span> 
     </span>
     <span class='ocr_line' id='line_1_32' title="bbox 213 4698 1751 4795; baseline 0.003 -27"><span class='ocrx_word' id='word_1_273' title='bbox 213 4698 359 4774; x_wconf 88' lang='lat' dir='ltr'><strong>indicto</strong></span> <span class='ocrx_word' id='word_1_274' title='bbox 387 4703 462 4774; x_wconf 91' lang='lat' dir='ltr'><strong>loco</strong></span> <span class='ocrx_word' id='word_1_275' title='bbox 489 4701 722 4779; x_wconf 87' lang='lat' dir='ltr'><strong>Msthoviensi-</strong></span> <span class='ocrx_word' id='word_1_276' title='bbox 747 4704 902 4776; x_wconf 90' lang='lat' dir='ltr'><strong>ordinem</strong></span> <span class='ocrx_word' id='word_1_277' title='bbox 930 4711 967 4776; x_wconf 90' lang='lat' dir='ltr'><strong>et</strong></span> <span class='ocrx_word' id='word_1_278' title='bbox 993 4705 1150 4795; x_wconf 87' lang='lat' dir='ltr'><strong>regulam</strong></span> <span class='ocrx_word' id='word_1_279' title='bbox 1176 4703 1296 4776; x_wconf 82' lang='lat' dir='ltr'><strong>Sancti</strong></span> <span class='ocrx_word' id='word_1_280' title='bbox 1318 4703 1505 4794; x_wconf 87' lang='lat' dir='ltr'><strong>Augustini</strong></span> <span class='ocrx_word' id='word_1_281' title='bbox 1531 4703 1648 4776; x_wconf 90' lang='lat' dir='ltr'><strong>valeat</strong></span> <span class='ocrx_word' id='word_1_282' title='bbox 1674 4723 1751 4792; x_wconf 91' lang='lat' dir='ltr'><strong>per-</strong></span> 
     </span>
     <span class='ocr_line' id='line_1_33' title="bbox 214 4822 1753 4915; baseline 0.002 -26"><span class='ocrx_word' id='word_1_283' title='bbox 214 4829 358 4912; x_wconf 88' lang='lat' dir='ltr'><strong>mutare,</strong></span> <span class='ocrx_word' id='word_1_284' title='bbox 394 4830 499 4913; x_wconf 89' lang='lat' dir='ltr'><strong>prout</strong></span> <span class='ocrx_word' id='word_1_285' title='bbox 525 4845 588 4914; x_wconf 90' lang='lat' dir='ltr'><strong>per</strong></span> <span class='ocrx_word' id='word_1_286' title='bbox 615 4825 732 4896; x_wconf 92' lang='lat' dir='ltr'><strong>sedem</strong></span> <span class='ocrx_word' id='word_1_287' title='bbox 759 4825 997 4915; x_wconf 84' lang='lat' dir='ltr'><strong>Apostohcam</strong></span> <span class='ocrx_word' id='word_1_288' title='bbox 1032 4825 1199 4897; x_wconf 85' lang='lat' dir='ltr'><strong>fratribus</strong></span> <span class='ocrx_word' id='word_1_289' title='bbox 1235 4825 1401 4896; x_wconf 91' lang='lat' dir='ltr'><strong>ecclesiae</strong></span> <span class='ocrx_word' id='word_1_290' title='bbox 1438 4824 1582 4896; x_wconf 89' lang='lat' dir='ltr'><strong>Sanctae</strong></span> <span class='ocrx_word' id='word_1_291' title='bbox 1618 4822 1753 4893; x_wconf 88' lang='lat' dir='ltr'><strong>Mariae</strong></span> 
     </span>
     <span class='ocr_line' id='line_1_34' title="bbox 214 4936 1750 5037; baseline 0 -25"><span class='ocrx_word' id='word_1_292' title='bbox 214 4937 361 5032; x_wconf 81' lang='lat' dir='ltr'><strong>Virginis</strong></span> <span class='ocrx_word' id='word_1_293' title='bbox 388 4945 423 5016; x_wconf 93' lang='lat' dir='ltr'><strong>in</strong></span> <span class='ocrx_word' id='word_1_294' title='bbox 451 4944 751 5022; x_wconf 86' lang='lat' dir='ltr'><strong>Vratislavia</strong></span> <span class='ocrx_word' id='word_1_295' title='bbox 777 4952 831 5016; x_wconf 92' lang='lat' dir='ltr'><strong>est</strong></span> <span class='ocrx_word' id='word_1_296' title='bbox 857 4946 1046 5035; x_wconf 89' lang='lat' dir='ltr'><strong>indultum,</strong></span> <span class='ocrx_word' id='word_1_297' title='bbox 1082 4947 1147 5018; x_wconf 90' lang='lat' dir='ltr'><strong>sub</strong></span> <span class='ocrx_word' id='word_1_298' title='bbox 1174 4967 1319 5037; x_wconf 86' lang='lat' dir='ltr'><strong>quorum</strong></span> <span class='ocrx_word' id='word_1_299' title='bbox 1346 4936 1440 5018; x_wconf 87' lang='lat' dir='ltr'><strong>dicta</strong></span> <span class='ocrx_word' id='word_1_300' title='bbox 1466 4946 1587 5016; x_wconf 92' lang='lat' dir='ltr'><strong>domus</strong></span> <span class='ocrx_word' id='word_1_301' title='bbox 1614 4943 1750 5014; x_wconf 85' lang='lat' dir='ltr'><strong>Matho-</strong></span> 
     </span>
     <span class='ocr_line' id='line_1_35' title="bbox 215 5062 1753 5156; baseline 0.001 -25"><span class='ocrx_word' id='word_1_302' title='bbox 215 5062 333 5136; x_wconf 90' lang='lat' dir='ltr'><strong>viensis</strong></span> <span class='ocrx_word' id='word_1_303' title='bbox 360 5085 445 5136; x_wconf 87' lang='lat' dir='ltr'><strong>cura</strong></span> <span class='ocrx_word' id='word_1_304' title='bbox 469 5064 586 5156; x_wconf 82' lang='lat' dir='ltr'><strong>inisse,</strong></span> <span class='ocrx_word' id='word_1_305' title='bbox 612 5086 634 5136; x_wconf 88' lang='lat' dir='ltr'><strong>a</strong></span> <span class='ocrx_word' id='word_1_306' title='bbox 660 5087 742 5137; x_wconf 87' lang='lat' dir='ltr'><strong>suae</strong></span> <span class='ocrx_word' id='word_1_307' title='bbox 768 5065 981 5138; x_wconf 80' lang='lat' dir='ltr'><strong>fundationis</strong></span> <span class='ocrx_word' id='word_1_308' title='bbox 1008 5068 1153 5138; x_wconf 83' lang='lat' dir='ltr'><strong>exordio</strong></span> <span class='ocrx_word' id='word_1_309' title='bbox 1181 5068 1438 5156; x_wconf 88' lang='lat' dir='ltr'><strong>comprobatur,</strong></span> <span class='ocrx_word' id='word_1_310' title='bbox 1465 5073 1501 5137; x_wconf 91' lang='lat' dir='ltr'><strong>et</strong></span> <span class='ocrx_word' id='word_1_311' title='bbox 1528 5087 1571 5136; x_wconf 92' lang='lat' dir='ltr'><strong>ne</strong></span> <span class='ocrx_word' id='word_1_312' title='bbox 1598 5065 1675 5154; x_wconf 85' lang='lat' dir='ltr'><strong>quis</strong></span> <span class='ocrx_word' id='word_1_313' title='bbox 1703 5063 1753 5134; x_wconf 91' lang='lat' dir='ltr'><strong>di-</strong></span> 
     </span>
     <span class='ocr_line' id='line_1_36' title="bbox 216 5183 1751 5278; baseline 0.001 -25"><span class='ocrx_word' id='word_1_314' title='bbox 216 5186 281 5253; x_wconf 86' lang='lat' dir='ltr'><strong>ctas</strong></span> <span class='ocrx_word' id='word_1_315' title='bbox 306 5183 432 5256; x_wconf 85' lang='lat' dir='ltr'><strong>fratres</strong></span> <span class='ocrx_word' id='word_1_316' title='bbox 458 5185 716 5258; x_wconf 86' lang='lat' dir='ltr'><strong>Msthovienses</strong></span> <span class='ocrx_word' id='word_1_317' title='bbox 743 5189 870 5258; x_wconf 90' lang='lat' dir='ltr'><strong>audeat</strong></span> <span class='ocrx_word' id='word_1_318' title='bbox 905 5195 942 5258; x_wconf 91' lang='lat' dir='ltr'><strong>et</strong></span> <span class='ocrx_word' id='word_1_319' title='bbox 969 5190 1079 5277; x_wconf 91' lang='lat' dir='ltr'><strong>possit</strong></span> <span class='ocrx_word' id='word_1_320' title='bbox 1115 5208 1329 5278; x_wconf 86' lang='lat' dir='ltr'><strong>quocumque</strong></span> <span class='ocrx_word' id='word_1_321' title='bbox 1365 5187 1467 5257; x_wconf 93' lang='lat' dir='ltr'><strong>modo</strong></span> <span class='ocrx_word' id='word_1_322' title='bbox 1502 5187 1538 5256; x_wconf 93' lang='lat' dir='ltr'><strong>in</strong></span> <span class='ocrx_word' id='word_1_323' title='bbox 1565 5184 1751 5274; x_wconf 88' lang='lat' dir='ltr'><strong>praedictis</strong></span> 
     </span>
     <span class='ocr_line' id='line_1_37' title="bbox 216 5302 1751 5398; baseline 0.003 -26"><span class='ocrx_word' id='word_1_324' title='bbox 216 5302 406 5396; x_wconf 89' lang='lat' dir='ltr'><strong>molestare,</strong></span> <span class='ocrx_word' id='word_1_325' title='bbox 443 5313 660 5396; x_wconf 88' lang='lat' dir='ltr'><strong>praesentem</strong></span> <span class='ocrx_word' id='word_1_326' title='bbox 697 5309 857 5398; x_wconf 86' lang='lat' dir='ltr'><strong>paginam</strong></span> <span class='ocrx_word' id='word_1_327' title='bbox 893 5309 1006 5398; x_wconf 89' lang='lat' dir='ltr'><strong>sigillo</strong></span> <span class='ocrx_word' id='word_1_328' title='bbox 1034 5329 1109 5380; x_wconf 92' lang='lat' dir='ltr'><strong>meo</strong></span> <span class='ocrx_word' id='word_1_329' title='bbox 1137 5317 1173 5379; x_wconf 92' lang='lat' dir='ltr'><strong>et</strong></span> <span class='ocrx_word' id='word_1_330' title='bbox 1199 5308 1312 5397; x_wconf 90' lang='lat' dir='ltr'><strong>sigillo</strong></span> <span class='ocrx_word' id='word_1_331' title='bbox 1344 5307 1485 5396; x_wconf 87' lang='lat' dir='ltr'><strong>oapitnh</strong></span> <span class='ocrx_word' id='word_1_332' title='bbox 1512 5305 1751 5378; x_wconf 82' lang='lat' dir='ltr'><strong>Gracoviensis</strong></span> 
     </span>
     <span class='ocr_line' id='line_1_38' title="bbox 216 5418 1753 5518; baseline 0.001 -24"><span class='ocrx_word' id='word_1_333' title='bbox 216 5418 346 5498; x_wconf 86' lang='lat' dir='ltr'><strong>lecimus</strong></span> <span class='ocrx_word' id='word_1_334' title='bbox 373 5427 528 5518; x_wconf 87' lang='lat' dir='ltr'><strong>sigillari.</strong></span> <span class='ocrx_word' id='word_1_335' title='bbox 554 5425 645 5499; x_wconf 81' lang='lat' dir='ltr'><strong>Acta</strong></span> <span class='ocrx_word' id='word_1_336' title='bbox 672 5435 754 5500; x_wconf 91' lang='lat' dir='ltr'><strong>sunt</strong></span> <span class='ocrx_word' id='word_1_337' title='bbox 779 5429 865 5500; x_wconf 86' lang='lat' dir='ltr'><strong>haec</strong></span> <span class='ocrx_word' id='word_1_338' title='bbox 891 5449 981 5500; x_wconf 90' lang='lat' dir='ltr'><strong>anno</strong></span> <span class='ocrx_word' id='word_1_339' title='bbox 1010 5431 1054 5500; x_wconf 92' lang='lat' dir='ltr'><strong>ab</strong></span> <span class='ocrx_word' id='word_1_340' title='bbox 1081 5429 1320 5500; x_wconf 90' lang='lat' dir='ltr'><strong>incarnatione</strong></span> <span class='ocrx_word' id='word_1_341' title='bbox 1345 5427 1485 5498; x_wconf 88' lang='lat' dir='ltr'><strong>Domini</strong></span> <span class='ocrx_word' id='word_1_342' title='bbox 1508 5427 1616 5515; x_wconf 75' lang='lat'><strong>1220,</strong></span> <span class='ocrx_word' id='word_1_343' title='bbox 1643 5427 1679 5496; x_wconf 93' lang='lat' dir='ltr'><strong>in</strong></span> <span class='ocrx_word' id='word_1_344' title='bbox 1697 5425 1753 5496; x_wconf 92' lang='lat' dir='ltr'><strong>die</strong></span> 
     </span>
     <span class='ocr_line' id='line_1_39' title="bbox 217 5539 1755 5638; baseline 0.002 -24"><span class='ocrx_word' id='word_1_345' title='bbox 217 5539 411 5638; x_wconf 82' lang='lat' dir='ltr'><strong>Nativitatis</strong></span> <span class='ocrx_word' id='word_1_346' title='bbox 427 5547 576 5638; x_wconf 93' lang='lat' dir='ltr'><strong>Domini,</strong></span> <span class='ocrx_word' id='word_1_347' title='bbox 593 5555 684 5620; x_wconf 87' lang='lat' dir='ltr'><strong>ante</strong></span> <span class='ocrx_word' id='word_1_348' title='bbox 702 5549 813 5621; x_wconf 90' lang='lat' dir='ltr'><strong>altare</strong></span> <span class='ocrx_word' id='word_1_349' title='bbox 832 5549 933 5622; x_wconf 89' lang='lat' dir='ltr'><strong>Beati</strong></span> <span class='ocrx_word' id='word_1_350' title='bbox 953 5549 1110 5620; x_wconf 87' lang='lat' dir='ltr'><strong>Floriani</strong></span> <span class='ocrx_word' id='word_1_351' title='bbox 1137 5549 1300 5638; x_wconf 85' lang='lat' dir='ltr'><strong>martyris</strong></span> <span class='ocrx_word' id='word_1_352' title='bbox 1326 5549 1363 5618; x_wconf 91' lang='lat' dir='ltr'><strong>in</strong></span> <span class='ocrx_word' id='word_1_353' title='bbox 1381 5547 1627 5636; x_wconf 83' lang='lat' dir='ltr'><strong>Gracovia,</strong></span> <span class='ocrx_word' id='word_1_354' title='bbox 1654 5567 1755 5636; x_wconf 88' lang='lat' dir='ltr'><strong>prae-</strong></span> 
     </span>
     <span class='ocr_line' id='line_1_40' title="bbox 219 5665 1754 5760; baseline 0.005 -28"><span class='ocrx_word' id='word_1_355' title='bbox 219 5665 361 5738; x_wconf 89' lang='lat' dir='ltr'><strong>sentibus</strong></span> <span class='ocrx_word' id='word_1_356' title='bbox 387 5667 451 5740; x_wconf 91' lang='lat' dir='ltr'><strong>his:</strong></span> <span class='ocrx_word' id='word_1_357' title='bbox 479 5665 661 5759; x_wconf 87' lang='lat' dir='ltr'><strong>Wyslao</strong></span> <span class='ocrx_word' id='word_1_358' title='bbox 688 5669 829 5760; x_wconf 87' lang='lat' dir='ltr'><strong>decano,</strong></span> <span class='ocrx_word' id='word_1_359' title='bbox 855 5669 1043 5742; x_wconf 84' lang='lat' dir='ltr'><strong>Andrea</strong></span> <span class='ocrx_word' id='word_1_360' title='bbox 1069 5667 1331 5756; x_wconf 89' lang='lat' dir='ltr'><strong>archidiacono,</strong></span> <span class='ocrx_word' id='word_1_361' title='bbox 1368 5667 1557 5740; x_wconf 90' lang='lat' dir='ltr'><strong>Benedicto</strong></span> <span class='ocrx_word' id='word_1_362' title='bbox 1585 5669 1754 5757; x_wconf 88' lang='lat' dir='ltr'><strong>magistro</strong></span> 
     </span>
    </p>
   </div>
   <div class='ocr_carea' id='block_1_10' title="bbox 0 0 2263 6592">
    <p class='ocr_par' dir='ltr' id='par_1_10' title="bbox 0 0 2263 6592">
     <span class='ocr_line' id='line_1_41' title="bbox 0 0 2263 6592; baseline 0 0"><span class='ocrx_word' id='word_1_363' title='bbox 0 0 2263 6592; x_wconf 95' lang='lat' dir='ltr'><strong> </strong></span> 
     </span>
    </p>
   </div>
  </div>
 </body>
</html>
