4492 6592
457 696 539 766 '234

463 901 571 973 sterio
600 951 713 1000 ····.·
754 899 849 970 Item
861 903 941 986 post
968 917 1072 985 agros
1101 895 1336 967 cmetbonales
1363 895 1512 966 solvitur
1531 895 1665 995 decima
1690 872 1915 983 manipularis
1940 896 2013 984 epi-

463 1039 568 1110 scopo
595 1017 834 1116 cracoviensi,
862 1023 898 1088 et
924 1016 1023 1088 valor
1049 1017 1123 1087 eins
1151 1016 1356 1087 aestimatur
1382 1016 1427 1086 ad
1453 1016 1601 1086 medinm
1628 1035 1789 1085 marcam.

565 1138 845 1226 Munuowrczn,
873 1136 956 1208 villa
983 1137 1047 1208 sub
1074 1137 1240 1225 parocbia
1266 1135 1309 1206 de
1336 1135 1523 1206 Manios
1549 1137 1627 1224 sita
1654 1136 1751 1206 cnius
1778 1135 1882 1206 villae
1907 1137 2014 1206 maior

461 1259 628 1330 medietas
665 1258 709 1328 ad
736 1257 983 1328 monasterium
1020 1255 1167 1328 Sanctae
1193 1255 1315 1328 Crucis
1350 1256 1511 1344 pertinet.
1551 1255 1592 1325 In
1620 1277 1689 1344 qua
1725 1255 1910 1326 medietate
1935 1263 2015 1325 sunt

461 1386 534 1450 tres
561 1379 651 1450 lanei
679 1376 932 1465 anachoretes,
961 1383 997 1448 et
1015 1375 1163 1465 quilibet
1188 1372 1294 1447 solvit
1320 1376 1364 1446 de
1382 1376 1482 1446 laneo
1508 1375 1656 1446 inediam
1685 1395 1907 1464 sexagenam,
1932 1376 2015 1446 item

463 1499 608 1588 quilibet
634 1499 772 1570 laborat
799 1518 904 1570 unuin
933 1497 1022 1568 diem
1059 1497 1094 1566 in
1123 1497 1336 1585 septimana,
1371 1497 1514 1585 proprio
1541 1517 1647 1566 curru
1673 1503 1735 1566 aut
1760 1503 1901 1585 aratro,
1935 1497 2015 1566 item

462 1619 610 1708 triginta
637 1640 722 1706 oua,
758 1619 839 1688 item
867 1617 977 1706 gallos
1005 1617 1110 1704 duos,
1148 1617 1230 1688 itero
1259 1637 1398 1705 caseos,
1434 1618 1517 1687 item
1549 1617 1696 1687 taberne
1721 1637 1791 1686 una
1818 1617 2018 1686 monasterii

462 1739 594 1810 habens
621 1759 743 1829 agros,
781 1744 817 1808 et
844 1737 949 1808 solvit
984 1758 1047 1826 pro
1074 1757 1180 1808 censo
1216 1757 1320 1808 unam
1347 1757 1498 1808 marcam
1526 1743 1563 1808 et
1588 1758 1693 1808 unum
1718 1757 1900 1826 grossum,
1935 1738 2015 1807 item

462 1860 682 1932 hortulaniae
714 1879 782 1930 non
818 1864 908 1930 sunt.
947 1857 1034 1930 ltem
1071 1857 1223 1928 decima
1242 1859 1290 1929 ibi
1316 1857 1543 1947 manipularis
1579 1858 1734 1947 episcopi
1769 1857 2017 1946 cracoviensis,

463 1981 545 2050 item
573 1980 753 2068 praedium
782 1999 849 2050 non
877 1985 939 2049 est.
980 1978 1068 2049 Item
1095 1979 1329 2050 molendinum
1357 1979 1561 2049 monasterii
1586 1998 1663 2048 cnm
1689 1979 1833 2067 piscina,
1861 1985 1899 2048 et
1916 1978 2018 2048 solvit

463 2121 566 2170 unum
595 2119 812 2188 sexagenam.
850 2098 938 2168 Item
957 2099 1102 2169 alteram
1132 2095 1352 2170 medietatem
1379 2099 1544 2170 maiorem
1563 2098 1667 2168 villae
1694 2099 1824 2169 babent
1853 2097 2015 2168 Nicolaum

464 2227 499 2290 et
534 2218 658 2290 Petrus
695 2219 828 2290 nobiles
863 2219 905 2288 de
933 2219 1034 2290 domo
1069 2218 1435 2308 Jastrzambczy.
1481 2217 1581 2288 Hanc
1616 2218 1733 2289 villam
1769 2224 1806 2288 et
1832 2219 1910 2288 eius
1943 2225 2014 2288 tres

347 2407 348 2410 ,
462 2347 581 2430 partes
609 2341 691 2410 emit
718 2338 950 2410 Matthias
978 2339 1087 2410 abbas
1114 2359 1179 2428 pro
1205 2339 1416 2410 monasterio
1453 2325 1783 2428 aZirnicusky
1809 2343 1848 2408 et
1876 2337 2014 2426 Bogu-

463 2460 674 2548 sla‘wsky.
715 2453 874 2530 Confinat
901 2479 978 2529 cunr
1005 2458 1316 2546 Rostowicze‚
1355 2458 1675 2548 Nagorzycze,
1701 2457 2015 2530 Witboslawi·

375 2611 379 2618 «
463 2599 556 2670 eze,
585 2577 850 2668 Oraszkow,
877 2577 1152 2652 Janowicze.
1835 2676 1838 2679 ¹

566 2699 820 2789 Graszkow,
845 2699 928 2770 villa
955 2699 1018 2770 sub
1038 2700 1204 2788 parochia
1232 2699 1275 2770 (le
1292 2697 1480 2770 Manios
1506 2700 1594 2787 sita,
1620 2699 1718 2769 cuius
1745 2699 1947 2787 proprietas
1973 2698 2016 2768 ad

463 2820 709 2891 monasterium
746 2817 892 2890 Sanctae
928 2818 1048 2890 Crucis
1087 2820 1247 2908 pertinet.
1286 2819 1424 2909 inqua
1458 2826 1539 2889 sont
1575 2826 1653 2891 octo
1679 2839 1757 2888 cum
1784 2818 1900 2890 medio
1927 2818 2013 2888 lanei

463 2939 696 3012 cmetbonales
724 2947 760 3009 et
779 2940 882 3011 solvit
909 2937 1055 3028 quilibet
1081 2937 1253 3010 fertonem
1279 2946 1316 3011 et
1333 2960 1397 3029 pro
1422 2935 1589 3033 walliae
1615 2945 1766 3029 quatuor
1790 2939 1908 3028 grossi
1933 2939 2013 3010 itern

465 3060 611 3150 quilibet
639 3060 777 3130 laborat
805 3059 891 3130 duos
920 3060 994 3130 dies
1021 3061 1056 3130 in
1076 3061 1270 3149 septimana
1296 3059 1439 3149 proprio
1467 3080 1570 3130 curro
1598 3065 1659 3130 aut
1680 3066 1814 3146 aratro,
1842 3061 1926 3130 item
1953 3079 2018 3128 ora

463 3179 622 3268 triginta,
649 3179 731 3248 item
758 3179 868 3286 gallos
896 3179 991 3254 duos.
1020 3180 1102 3250 item
1130 3200 1266 3268 caseos,
1295 3181 1376 3250 item
1402 3180 1549 3250 taberna
1574 3199 1645 3249 nna
1671 3179 1802 3250 babens
1829 3199 1956 3268 agros,
1981 3185 2016 3248 et

465 3298 569 3368 solvit
595 3318 785 3387 pro-censu
813 3299 898 3370 cluas
927 3319 1082 3387 marcas;
1109 3301 1193 3370 item
1211 3299 1401 3390 hortulani,
1429 3300 1513 3368 item
1531 3299 1711 3388 praedium
1738 3305 1793 3368 est
1819 3297 2016 3370 coenobiale

391 3401 393 3406 ¹
464 3417 601 3506 bonum,
628 3417 671 3488 de
690 3419 785 3486 cuius
813 3420 906 3507 agris
934 3440 1001 3488 non
1021 3419 1168 3491 solvitur
1195 3420 1299 3491 alicui
1326 3420 1474 3509 decima,
1501 3420 1657 3490 sedeam
1685 3420 1933 3492 monasterinm
1954 3439 2014 3508 pro

466 3558 502 3620 se
530 3537 630 3608 tollit.
671 3537 758 3608 Item
786 3538 829 3608 de
855 3539 950 3628 agris
978 3539 1252 3612 cmetbonalibus
1279 3540 1428 3612 solvitur
1453 3547 1490 3610 et
1516 3539 1722 3610 conducitur
1747 3539 1883 3610 decima
1909 3540 2017 3609 nrani-

421 3714 425 3722 ,
464 3659 594 3751 polaris
630 3665 665 3728 et
692 3658 884 3748 campalis,
921 3680 983 3749 pro
1010 3662 1222 3732 monasterio
1259 3660 1405 3732 Sanctae
1432 3658 1554 3732 Crucis
1588 3659 1722 3731 Calvi
1748 3658 1949 3748 Montis,
1982 3667 2016 3729 et

464 3779 562 3850 valor
597 3779 671 3849 eius
700 3780 904 3850 aestimatur
939 3781 983 3850 ad
1011 3781 1192 3852 duodecim
1217 3802 1361 3852 marcas.
1400 3780 1488 3852 Item
1524 3788 1579 3851 est
1606 3782 1642 3851 in
1668 3779 1788 3851 eadem
1816 3779 1900 3854 villa
1928 3799 2015 3851 eme
2139 3810 2140 3847 3

465 3900 616 3970 tlronalis
644 3900 762 3970 laneus
789 3921 892 3988 unus,
920 3901 980 3990 qui
1007 3903 1222 3991 proprietate
1253 3921 1317 3972 sna
1342 3902 1496 3992 pertinet
1523 3901 1567 3972 ad
1589 3902 1787 3992 episcopum
1815 3899 2017 3972 Lubuczen·
2139 3962 2140 3997 q

466 4041 555 4110 sem,
583 4019 679 4090 etde
699 4021 796 4090 cuius
825 4020 919 4109 agris
947 4021 1093 4091 solvitur
1120 4022 1254 4094 decima
1282 4022 1507 4111 manipularis
1533 4023 1697 4112 episcopo
1724 4020 1954 4109 Lubuczensi,
1984 4027 2017 4090 et

465 4161 534 4212 una
561 4161 679 4210 marca
704 4161 768 4229 pro
789 4161 903 4210 censu.
943 4139 1031 4211 item
1057 4163 1162 4212 unum
1190 4143 1383 4232 pomarium
1409 4153 1464 4213 est
1489 4143 1538 4214 ibi
1562 4141 1758 4231 episcopale
1783 4141 2015 4213 Lubnczense.

466 4261 551 4338 Item
589 4282 657 4332 una
684 4260 882 4332 hortulanis
910 4262 1061 4352 episcopi
1088 4262 1340 4352 Lubuczensis,
1376 4268 1412 4334 et
1439 4263 1544 4334 solvit
1572 4315 1715 4331 ......
1752 4262 1840 4332 item
1875 4269 1932 4332 est
1967 4263 2013 4332 ibi

467 4403 536 4451 una
563 4381 659 4470 sylva
686 4381 862 4468 pertinens
898 4380 942 4452 ad
970 4373 1168 4470 episcopum
1195 4383 1463 4454 Lubnczeusem.
1502 4381 1663 4454 Confluat
1689 4402 1766 4452 cum
1794 4381 2016 4452 Truszko

442 4489 643 4590 'lyaszy,
679 4499 959 4590 Janowicze,
996 4501 1335 4592 Mileyowicze,
1370 4510 1407 4574 et
1439 4503 1623 4574 Pirkow
1657 4508 1695 4572 et
1729 4503 1806 4572 aliis
1842 4501 1936 4576 uillis
1973 4502 2013 4572 ad

468 4620 657 4710 Pyrkou·
686 4621 951 4709 pertinentibus.

442 4749 447 4760 ’
572 4731 898 4830 Monnrnozrczn,
930 4740 1014 4812 uilla
1039 4742 1172 4814 habens
1199 4744 1234 4814 in
1262 4764 1300 4814 se
1326 4744 1560 4833 parochialem
1591 4744 1770 4814 ecclesiam
1798 4741 1926 4814 Sancto
1954 4741 2017 4814 Be-

466 4864 604 4935 nedicto
625 4863 793 4948 dicatam,
822 4882 884 4952 per
903 4863 1104 4951 magistrum
1127 4864 1434 4936 Bartholomaenrn
1453 4865 1495 4936 de
1514 4862 1747 4954 Oppathow
1763 4861 1902 4952 lapideo
1920 4845 2017 4932 rnuro

467 4987 681 5057 fabricatam.
708 4983 747 5054 In
767 5003 835 5074 qua
853 4987 934 5054 sunt
960 4990 1038 5054 octo
1068 5004 1145 5054 cunr
1172 4985 1285 5056 medio
1311 4984 1403 5054 lanei
1430 4983 1664 5057 cmetbonales
1691 4990 1726 5054 et
1743 4982 1890 5073 quilibet
1916 4982 2018 5054 solvit

465 5128 530 5199 pro
550 5127 654 5178 censu
682 5124 785 5175 onam
813 5123 962 5174 marcam
981 5104 1094 5177 minus
1122 5111 1271 5194 quatuor
1296 5106 1447 5194 grossis,
1474 5105 1558 5174 item
1575 5103 1687 5192 gallos
1714 5103 1819 5190 dnos,
1846 5103 1931 5174 item
1953 5122 2016 5172 ova

467 5228 620 5318 triginta,
647 5227 728 5296 item
757 5243 895 5314 caseos3
930 5224 1014 5295 item
1031 5224 1187 5314 ,quilibet
1213 5224 1351 5322 laborat
1386 5225 1477 5297 diem
1503 5244 1609 5296 unum
1623 5203 1672 5294 'in
1699 5222 1911 5314 septimana,
1933 5206 2017 5310 'pro-

468 5349 544 5439 prio
572 5368 677 5418 curru
703 5353 764 5418 ant
791 5339 928 5434 aratro,
964 5345 1047 5416 item
1075 5343 1240 5416 ducturas
1265 5343 1396 5416 faciunt
1423 5343 1616 5432 ordinarie,
1644 5343 1727 5413 item
1752 5343 1922 5413 tabernae
1947 5347 2018 5412 tres

467 5469 636 5540 habentes
663 5488 782 5558 agros,
811 5466 986 5556 quaelibet
1013 5466 1119 5538 solvit
1145 5466 1231 5538 duas
1257 5485 1393 5536 marcas
1419 5472 1456 5536 et
1482 5483 1589 5536 unum
1614 5461 1802 5550 fertonem
1828 5461 1914 5534 item
1939 5461 2017 5532 hor·

418 5639 421 5648 .
468 5587 621 5658 tulaniae
647 5593 719 5658 tres
745 5586 913 5658 habentes
940 5607 1063 5677 agros;
1098 5587 1183 5657 item
1218 5586 1352 5677 piscina
1367 5620 1369 5623 ·
1383 5585 1421 5655 in
1446 5584 1560 5655 medio
1587 5581 1705 5673 villae,
1742 5586 1824 5656 item
1847 5586 2019 5671 amanum,
