4492 6592
492 719 662 842 ω’

429 1003 436 1020 ·
489 997 555 1065 pro
589 973 734 1046 ecclesia
750 965 753 970 ’
769 973 960 1064 parochiali
993 973 1140 1044 Sanctae
1180 973 1362 1046 Trinitatis
1396 974 1433 1044 iu
1459 973 1780 1063 Zawicbostb,
1815 981 1852 1046 et
1876 975 1972 1047 valor
1995 975 2036 1048 ad

450 1157 453 1172 .
491 1094 609 1166 decem
635 1113 778 1164 marcas.
818 1093 918 1164 Hanc
945 1093 1060 1167 villam
1086 1099 1185 1165 tenet
1219 1115 1310 1165 nunc
1336 1094 1530 1166 Stauislaus
1557 1095 1822 1186 Wiuarslry,
1849 1095 1973 1168 nobilis
1998 1096 2039 1167 de

491 1213 593 1286 domo
619 1211 729 1286 Jaui
744 1233 798 1284 na
824 1213 1150 1303 improprietatem,
1176 1219 1213 1284 et
1230 1214 1336 1286 solvit
1361 1216 1574 1287 monasterio
1606 1215 1725 1288 Sancti
1752 1214 1916 1288 Andreae
1942 1237 2040 1288 uuam

491 1353 566 1404 cum
594 1332 710 1404 media
736 1351 888 1418 marcaa3
921 1331 1099 1404 abbatissa
1125 1333 1216 1402 enim
1243 1334 1418 1406 servitrici
1444 1341 1481 1405 et
1507 1335 1622 1406 lotrici
1649 1335 1852 1406 monasterii
1879 1333 2039 1406 Gertradi

493 1452 645 1524 consorti
680 1452 817 1540 Klon,
853 1473 874 1522 a
901 1473 969 1542 quo
1005 1451 1228 1524 Olonowa
1254 1453 1505 1543 appellabatur,
1540 1455 1732 1526 donaverat
1762 1476 1837 1526 eam
1866 1461 2041 1544 perpetuo,

493 1574 557 1645 sub
584 1593 692 1644 onere
720 1591 843 1644 census
863 1573 1040 1663 perpetui,
1067 1575 1171 1644 unius
1190 1595 1274 1646 cum
1293 1574 1406 1644 media
1432 1595 1588 1662 marcae,
1614 1575 1702 1646 satis
1727 1574 1822 1646 fatue
1848 1580 1885 1646 et
1912 1575 2044 1661 iniuste,

495 1692 738 1782 praesentibus
756 1693 1002 1764 monasterium
1029 1691 1123 1764 illam
1150 1693 1286 1783 repetit,
1313 1699 1478 1784 tanquam
1505 1695 1633 1765 iniuste
1659 1694 1854 1766 alienatam.
1889 1693 2047 1766 Coulinm

494 1831 572 1884 cum
600 1811 692 1884 villis
718 1811 906 1901 Dznrow,
932 1811 1111 1882 Wiuiari
1137 1811 1306 1902 ldiuori,
1333 1807 1461 1904 oppido
1486 1813 1760 1901 Zarricbostb,
1786 1821 1824 1886 et
1841 1813 2045 1886 Gairniuo.

596 1931 796 2020 Prnnnnr,
833 1931 916 2004 villa
942 1951 1050 2022 prope
1076 1931 1505 2022 Koprzywuiczam,
1531 1937 1572 2004 et
1598 1933 1663 2004 snb
1689 1933 1856 2022 parocbia
1880 1932 2046 2004 ecclesiae

493 2053 537 2124 da
554 2051 844 2124 onrzaazow-
859 2052 945 2141 sita,
965 2051 1032 2150 sed
1059 2053 1146 2124 haec
1172 2052 1255 2122 villa
1279 2053 1459 2124 ebstracta
1485 2057 1524 2122 et
1539 2053 1692 2124 alienata
1717 2059 1773 2123 est
1798 2053 2047 2124 amouasterio

494 2172 612 2244 Sancti
640 2171 820 2260 Andreae,
847 2172 1015 2243 incertum
1043 2172 1233 2262 quomodo,
1256 2177 1294 2244 et
1318 2177 1417 2245 tenet
1444 2172 1480 2242 iu
1506 2193 1549 2242 ea
1574 2172 1734 2244 custodia
1759 2171 2049 2244 Sandomiriensia

496 2299 643 2381 quatuor
674 2291 794 2364 laneos
821 2291 1073 2380 cmetbonales,
1101 2298 1138 2362 et
1155 2313 1259 2364 uuam
1285 2293 1468 2392 tabernam
1486 2293 1670 2364 habentem
1696 2313 1821 2382 agros3
1846 2293 1932 2363 item
1960 2291 2048 2362 vioc-

494 2410 652 2484 custodia
687 2409 977 2484 Sandomiriensis
1017 2411 1125 2484 habet
1159 2412 1209 2483 ibi
1243 2418 1316 2484 tres
1350 2412 1469 2484 laneos
1504 2412 1760 2500 cmetbonalss;
1796 2413 1880 2484 item
1918 2411 2048 2482 vicaria

493 2529 711 2620 praebendae
738 2528 1044 2620 Sandomiriensis,
1073 2551 1162 2621 quae
1188 2531 1316 2603 dieitur
1341 2531 1561 2621 PyelrarskA,
1588 2533 1695 2604 babet
1720 2533 1771 2604 ibi
1796 2532 1884 2604 daos
1910 2532 2046 2618 laneam
2136 2517 2144 2528 '⁴

493 2657 530 2722 et
547 2651 590 2722 de
607 2651 766 2722 omnibus
792 2650 959 2740 praelatis
977 2657 1108 2742 septem
1128 2652 1246 2736 laneis¹
1257 2651 1411 2724 custodis
1427 2656 1465 2722 et
1480 2651 1720 2740 moeeusonis,
1747 2651 1897 2724 solvitur
1915 2651 2048 2724 decima

493 2771 721 2861 manipularis
747 2775 783 2842 ct
801 2770 995 2861 campalis,
1022 2777 1059 2842 et
1076 2770 1281 2845 conducitur
1307 2791 1371 2862 pro
1389 2771 1671 2844 archidiaconatu
1690 2771 1981 2859 Sandomiriensi,
2007 2771 2048 2843 ds

493 2890 593 2964 laueo
620 2911 703 2962 vero
730 2889 900 2979 naariae,
927 2891 1075 2962 solvitur
1101 2891 1236 2970 decima
1260 2891 1487 2980 manipularis
1513 2890 1625 2962 eidem
1652 2892 1811 2962 vicariae.
1851 2891 1941 2962 Item
1969 2897 2048 2963 suut

492 3011 540 3082 ibi
569 3009 637 3082 dno
674 3009 735 3082 alii
762 3010 929 3100 speciales
965 3009 1075 3098 lanei,
1111 3010 1299 3099 quierant
1329 3010 1543 3100 praediales,
1577 3016 1614 3082 et
1637 3016 1737 3084 tanet
1761 3031 1823 3082 eos
1849 3011 2048 3108 praebenda

496 3129 795 3221 Sandomiriensis,
823 3149 911 3220 quae
938 3129 1065 3202 dicitur
1091 3128 1311 3220 Pyakarska‚
1338 3136 1375 3202 et
1392 3130 1497 3202 solvit
1522 3150 1664 3202 censum
1690 3137 1727 3201 et
1744 3131 1913 3216 decimam
1941 3133 2048 3202 mani·

493 3249 647 3339 pularem
676 3269 739 3339 pro
758 3249 958 3339 praebenda
984 3248 1199 3339 Pyekarslra
1238 3250 1326 3321 Item
1343 3249 1519 3340 praefatos
1546 3256 1619 3322 tros
1646 3250 1765 3322 laneos
1793 3251 1837 3322 ad
1856 3251 2048 3322 vioecusto
2141 3249 2144 3285 ³

493 3369 584 3440 diam
614 3369 928 3442 Sandomirieusem
955 3371 1170 3460 pertinentes
1196 3389 1287 3442 anuo
1313 3369 1453 3441 Domini
1472 3424 1479 3439 .
1498 3423 1506 3438 .
1524 3423 1559 3440 ..
1586 3371 1680 3441 smit'
1698 3371 1743 3442 ab
1760 3370 1941 3442 abbatissa
1968 3424 2047 3438 ....

597 3489 795 3577 Gammae,
815 3489 898 3560 villa
916 3489 980 3561 sub
997 3490 1165 3580 parocbia
1182 3489 1348 3562 ecclesiae
1366 3489 1410 3562 de
1428 3487 1550 3580 Gory
1567 3491 1650 3578 sita,
1676 3495 1716 3562 et
1732 3511 1797 3580 por
1814 3490 2049 3562 Boleslaum

493 3607 711 3682 Pudicam
738 3607 857 3692 ducem
885 3609 1095 3682 monasterio
1122 3609 1240 3682 Sancti
1263 3609 1425 3681 Andreae
1442 3610 1586 3698 donata,
1612 3609 1657 3680 ad
1676 3610 1931 3700 proprietatem
1957 3612 2046 3682 eius

357 3785 364 3790 .
495 3730 572 3804 dem
600 3729 802 3802 monasterii
837 3731 1025 3820 pertinens.
1065 3730 1104 3802 ln
1143 3752 1212 3819 qua
1237 3739 1319 3804 sunt
1354 3751 1414 3802 sex
1441 3731 1532 3803 lanei
1559 3731 1813 3819 cmetbonales,
1836 3739 1874 3803 et
1900 3730 2048 3820 quilibet

383 3883 389 3892 ·
494 3871 558 3940 pro
584 3869 690 3922 censu
718 3849 823 3924 solvit
848 3850 1055 3924 monialibus
1082 3870 1187 3922 unum
1212 3851 1403 3939 fertonem,
1429 3851 1555 3940 viginti
1581 3871 1662 3938 ova,
1689 3850 1777 3922 duos
1803 3849 1937 3940 gallos,
1963 3849 2048 3922 duos

494 3989 627 4046 meost
672 3971 760 4042 Item
789 3970 915 4061 singuli
942 3969 1161 4058 cmetbones,
1197 3978 1318 4059 arant,
1354 3977 1475 4042 serunt
1505 3991 1610 4058 agros
1635 3970 1831 4059 praediales
1858 3971 1989 4042 ibidem
2015 3970 2049 4040 ia

499 4089 710 4180 Oairnin,
737 4097 774 4162 et
800 4096 877 4164 sata
903 4090 1018 4162 omnia
1045 4095 1189 4179 metunt,
1216 4089 1405 4179 disponunt
1430 4083 1520 4162 etin
1538 4089 1700 4160 borreum
1727 4089 1929 4162 coenobiale
1956 4090 2050 4161 indu·

494 4215 585 4280 cunt.
625 4209 712 4280 Item
748 4216 803 4282 est
837 4209 1016 4300 praedium
1052 4210 1253 4280 coenobiale
1287 4217 1324 4280 et
1351 4208 1465 4297 curia,
1500 4209 1543 4278 de
1569 4209 1667 4280 cuius
1703 4210 1798 4299 agris
1832 4210 1921 4280 nulli
1947 4210 2049 4292 solvit

495 4330 743 4406 monasterium
770 4329 954 4417 decimam,
992 4329 1052 4402 sed
1087 4350 1163 4402 eam
1189 4349 1254 4419 pro
1280 4350 1319 4400 se
1344 4329 1439 4422 tollit
1464 4332 1501 4400 et
1526 4329 1562 4398 in
1588 4329 1753 4400 borreum
1780 4350 1880 4402 saum
1907 4330 2047 4402 inducit

492 4451 580 4526 nam
598 4451 766 4526 tabernae
792 4450 900 4540 duae,
927 4449 1074 4522 sednon
1093 4450 1224 4522 babent
1250 4469 1371 4540 agros,
1398 4455 1436 4520 et
1452 4449 1591 4520 solvunt
1615 4469 1681 4538 pro
1698 4467 1804 4522 ceusu
1829 4453 1947 4520 annuo

492 4571 580 4646 liam
607 4570 1037 4644 nonulaniae.1temnon
1065 4571 1205 4642 solvunt
1231 4589 1375 4644 avenam
1401 4587 1512 4659 neque
1539 4569 1719 4659 siliginem
1754 4569 1842 4640 Item
1869 4571 1907 4642 iu
1925 4571 2044 4642 eadsrn

492 4691 575 4764 villa
611 4698 693 4766 suut
728 4692 838 4781 lanei,
874 4711 1020 4784 qnorum
1055 4692 1253 4781 proprietas
1287 4691 1332 4762 ad
1367 4690 1496 4762 Lucam
1532 4689 1576 4760 de
1602 4671 1800 4780 slup'cza
1826 4691 1980 4764 nobilem
2006 4691 2046 4762 de

493 4813 594 4888 domo
621 4813 755 4886 Rawa
780 4813 941 4903 pertinet.
981 4811 1067 4884 item
1087 4831 1208 4883 omnes
1233 4812 1310 4901 agri
1327 4811 1437 4882 totius
1464 4809 1567 4882 villae
1594 4809 1733 4882 solvunt
1752 4811 1923 4882 decimam
1941 4812 2047 4882 mani·

491 4935 667 5025 pulcram,
706 4938 743 5006 et
769 4953 832 5024 per
859 4939 1008 5024 quatuor
1034 4933 1174 5022 ierugas
1201 4931 1416 5021 canapalem,
1442 4929 1740 5002 archidiaconatui
1765 4930 2045 5017 Zawicbostensi,

491 5061 527 5128 et
555 5060 720 5128 tenentur
746 5053 842 5126 illam
869 5053 1069 5126 cmetbones
1095 5052 1247 5142 propriis
1274 5051 1434 5125 curribus
1459 5049 1601 5137 ducere,
1628 5049 1665 5120 iu
1681 5049 1846 5122 borreum
1873 5051 1918 5122 ab
1938 5051 2044 5124 arcbi-

492 5175 637 5250 diacouo
664 5173 937 5246 Zawichosteusi
964 5172 1164 5260 locandum,
1191 5176 1227 5242 et
1244 5170 1342 5273 valor
1369 5170 1444 5241 eius
1462 5171 1667 5251 aestimatur
1692 5168 1738 5240 ad
1755 5177 1888 5260 septem
1907 5191 2045 5242 marcas

443 5289 2043 5382 „mmmfflfflmmwwmmmm

493 5415 708 5506 Slupcza,
736 5411 869 5506 Gory.

369 5625 375 5632 ⁶
596 5535 779 5624 Dzuaow,
807 5535 890 5606 villa
908 5535 972 5608 sub
990 5533 1157 5624 parocbia
1174 5529 1340 5606 ecclesiae
1357 5531 1506 5604 Sanctae
1524 5532 1709 5604 Trinitatis
1725 5531 1769 5602 de
1786 5531 2040 5605 Zarrichostb
2136 5528 2137 5597 l

493 5653 580 5742 sita,
616 5660 652 5728 et
678 5675 741 5744 per
768 5655 1034 5728 Boleslanm
1071 5653 1290 5726 Pudicam
1324 5653 1447 5726 ducem
1483 5654 1694 5728 monasterio
1730 5653 1850 5728 Sancti
1885 5653 2038 5727 Andreae
