4492 6592
1712 731 1761 814 87

211 947 294 1037 pius.
322 945 491 1019 Poloniae
527 969 589 1018 rex
627 917 906 1018 Vladislaus
947 948 1185 1020 Secundus
1224 935 1435 1020 monasterio
1466 948 1658 1023 Buschensi
1698 969 1762 1039 pro

209 1068 524 1140 sanctimonialium
559 1068 717 1158 ampliori
745 1070 1017 1158 sustentatione,
1053 1076 1203 1159 quatuor
1235 1071 1362 1142 bancos
1390 1070 1493 1158 salis,
1530 1076 1678 1160 quatuor
1704 1091 1763 1140 ur-

209 1209 270 1262 nas
295 1185 450 1280 ruzuloz,
476 1195 513 1260 et
540 1195 689 1280 quatuor
714 1211 895 1262 mensuras
931 1192 1013 1262 salis
1041 1192 1183 1279 minuti,
1219 1213 1261 1262 ex
1289 1213 1402 1282 zuppa
1428 1191 1635 1278 Bocbnensi,
1662 1193 1762 1262 anuis

209 1310 356 1399 singulis
375 1312 411 1382 in
432 1311 643 1401 quibuslibet
669 1317 819 1401 quatuor
846 1312 1059 1402 temporibus
1087 1334 1272 1401 perunum
1299 1314 1447 1384 bancuru
1466 1319 1502 1382 et
1520 1334 1621 1384 unam
1640 1292 1780 1384 umam

207 1427 357 1518 saraba,
386 1437 424 1503 et
450 1453 553 1504 unam
581 1453 775 1504 mensuram
805 1433 888 1504 salis
915 1433 1039 1504 minuti
1067 1438 1236 1522 perpetuo
1264 1433 1444 1522 solvenda,
1471 1454 1513 1504 ea
1540 1439 1655 1504 mmeu
1682 1455 1763 1505 con-

209 1551 352 1641 ditione,
381 1559 422 1624 ut
439 1553 584 1644 siugulis
603 1552 701 1626 feriis
718 1554 879 1626 secundis
907 1555 1090 1628 cuiuslibet
1116 1555 1209 1642 anui,
1236 1576 1300 1644 pro
1317 1555 1497 1626 animabus
1524 1554 1763 1625 Vledislai

207 1672 300 1762 regis
327 1673 478 1762 praelati
505 1679 541 1744 et
567 1675 737 1748 consortis
764 1695 848 1746 suaa
885 1673 1115 1764 Hedvigis
1152 1675 1293 1764 reginae
1320 1682 1358 1745 et
1383 1675 1533 1746 omnium
1569 1696 1689 1764 refflrm
1726 1682 1762 1745 et

208 1793 404 1884 principum
431 1795 606 1884 Poloniae,
634 1802 705 1866 ιιιιι
733 1801 947 1868 mortuorum
975 1801 1012 1867 et
1038 1796 1293 1885 praesentium,
1321 1817 1424 1886 quam
1449 1795 1664 1884 futurorum,
1691 1818 1763 1868 mo-

120 1989 126 2002 ,
208 1913 315 1986 nieles
344 1914 524 2005 praefatae
550 1920 736 1988 teneantur
772 1937 876 1987 unam
912 1917 1049 1987 missam
1078 1915 1319 1988 defunctorum
1345 1917 1417 1988 alta
1443 1936 1537 2006 voce,
1566 1922 1602 1987 ot
1626 1917 1763 2006 vigilias

86 2037 88 2117 ἱ
207 2055 329 2106 norem
359 2036 548 2108 lectionum
576 2037 610 2107 in
639 2037 851 2128 quibuslibet
877 2041 1026 2128 quatuor
1052 2037 1268 2127 temporibus
1295 2037 1496 2126 decantare3
1523 2037 1566 2108 de
1594 2058 1661 2127 quo
1689 2037 1760 2127 pri-

86 2219 87 2222 ,
207 2156 374 2247 vilegium
393 2179 493 2230 snum
511 2157 646 2248 regium
663 2159 699 2229 in
719 2159 930 2232 monasterio
957 2159 1151 2232 Buschensi
1177 2146 1346 2248 originale
1364 2159 1522 2247 habetur,
1549 2157 1764 2249 quodetiam

207 2278 284 2348 huic
312 2279 416 2368 operi
442 2279 566 2352 merito
584 2279 821 2368 annexuimus,
848 2284 884 2352 et
913 2280 1175 2351 ‘ranslatiunem
1201 2284 1238 2350 et
1262 2279 1499 2352 mutationem
1526 2285 1630 2372 atque
1658 2280 1765 2350 dou'a-
1857 2263 1862 2269 ⁴

86 2492 87 2519 i
207 2400 335 2470 tionem
365 2400 564 2472 huiusmodi
592 2399 636 2472 ad
661 2401 831 2492 liquidum
859 2405 1069 2474 contestans.
1112 2399 1338 2491 Privilegium
1365 2421 1448 2522 vero
1476 2400 1665 2472 Alberti
1692 2400 1765 2491 epi-

207 2521 300 2611 scopi
329 2520 585 2612 ermonense,
611 2529 648 2622 et
665 2523 911 2596 Braeschensis
938 2543 978 2594 ac
998 2522 1240 2594 Vitboriensis
1265 2523 1439 2611 abbatum,
1467 2522 1622 2594 ordinem
1649 2528 1764 2593 trans-

86 2636 87 2639 ’
208 2641 348 2714 lationis
380 2643 581 2734 continens,
616 2642 728 2716 iertur
755 2663 831 2730 esse
863 2644 898 2714 iu
925 2643 1146 2716 Vitboriensi
1183 2644 1368 2732 coenobio,
1405 2665 1482 2715 cum
1518 2644 1636 2734 potius
1671 2643 1763 2733 apud

86 2849 87 2854 Ἰ
210 2762 414 2834 Buschensc
441 2763 585 2836 deberet
611 2764 790 2836 contineri.
835 2763 995 2854 Singulas
1015 2769 1147 2834 -autem
1183 2763 1284 2836 uillas
1309 2763 1563 2854 haereditates,
1604 2763 1764 2852 decimas,

209 2883 371 2960 redditus
392 2889 427 2956 et
443 2889 633 2978 prouentus
658 2875 860 2958 morrasterii
887 2884 1036 2975 praelati
1065 2884 1284 2973 Buscbensis,
1310 2885 1346 2954 in
1369 2905 1523 2975 quarum,
1550 2905 1764 2974 quorumque

86 3085 87 3112 χ
212 3025 300 3076 nnnc
327 3007 554 3095 possessione
581 3006 750 3093 consistit,
777 3015 821 3076 err
846 3006 985 3078 nomine
1012 3025 1088 3076 cum
1117 3006 1189 3076 suis
1216 3005 1447 3076 cohaerentiis
1482 3014 1519 3076 et
1545 3005 1765 3096 pertinentiis

86 3137 87 3201 l
210 3126 425 3216 singillatius
452 3127 658 3217 describere,
685 3127 729 3198 ad
756 3126 967 3217 memoriam,
994 3125 1264 3198 consolationem
1283 3131 1320 3196 et
1337 3127 1441 3198 decus
1460 3127 1762 3217 praedecessorum

209 3248 448 3336 praesentium
471 3255 511 3332 ct
536 3247 742 3338 futurorum,
771 3253 899 3340 quanto
926 3247 1061 3318 fidelius
1084 3236 1285 3338 poterimus,
1312 3252 1352 3319 ut
1378 3249 1548 3320 cautelam
1576 3269 1658 3320 suae
1686 3250 1766 3318 sub-

86 3385 87 3462 }
209 3368 391 3440 sistentiae
417 3369 522 3440 etiam
540 3369 717 3458 praesenti
737 3369 969 3459 descriptione
996 3369 1133 3459 possint
1159 3369 1431 3459 apprehendere,
1457 3369 1642 3440 ordiemur.
1669 3368 1766 3441 Vit-

86 3487 87 3494 ’
209 3497 280 3564 tus
307 3495 430 3562 autem
457 3491 641 3581 episcopus
669 3490 882 3579 Ploczcnsis,
919 3489 1066 3582 praefati
1093 3491 1296 3562 monasterii
1323 3490 1360 3562 in
1391 3489 1573 3562 Buszko
1601 3489 1766 3562 fundator

86 3637 87 3718 ι
210 3611 416 3701 ιιιίιιιιιιίιιε,
453 3633 530 3684 cum
557 3633 666 3684 annos
693 3613 816 3702 viginti
844 3617 882 3700 et
907 3618 1040 3702 septem
1068 3613 1103 3682 in
1131 3611 1277 3684 ecclesia
1302 3611 1481 3684 Ploozensi
1509 3612 1665 3701 sedisset,
1692 3612 1766 3701 ple·
1863 3647 1874 3660 κ

185 3755 272 3804 tuus
298 3734 405 3806 bonis
433 3733 606 3824 operibus,
633 3695 730 3806 cunci
751 3733 890 3806 Domini
922 3735 1019 3806 1206
1048 3739 1208 3805 mortuus
1234 3740 1298 3822 est,
1325 3739 1363 3804 et
1387 3733 1424 3804 in
1450 3732 1632 3804 Plocaensi
1657 3732 1787 3802 eccle·

210 3853 259 3924 sia
285 3854 383 3926 iusto
410 3855 542 3926 honore
569 3854 770 3944 tumulatus,
797 3859 921 3926 tautae
947 3855 983 3924 in
1009 3855 1216 3944 genitricem
1241 3854 1405 3943 pietatis,
1431 3858 1472 3923 ut
1496 3874 1572 3924 cum
1601 3853 1646 3924 ob
1672 3852 1765 3924 vale-

209 3975 368 4055 tudinem
395 3979 431 4046 et
457 3976 590 4049 scnium
627 3975 808 4048 ecclesiam
843 3975 1077 4066 parochialem
1105 3977 1141 4045 iu
1169 3975 1350 4046 Buszko
1386 3996 1428 4045 ex
1465 3973 1630 4046 Ghotel
1668 3973 1764 4044 adire

210 4096 391 4168 commode
418 4117 487 4169 uon
515 4102 642 4187 posset,
662 4091 860 4170 'oraculum
889 4096 938 4166 illi
968 4097 1003 4166 in
1030 4095 1209 4186 praedicta
1235 4095 1402 4168 Chotcl
1429 4088 1581 4185 ligneum
1607 4094 1764 4184 fabricet,
1878 4069 1886 4120 7
1945 4148 1947 4155 .

86 4265 87 4281 ,
210 4217 514 4326 praebepdamquo
541 4218 576 4290 in
604 4238 646 4288 ea
671 4216 802 4307 fundat,
830 4223 866 4289 et
887 4216 1033 4290 decimis
1051 4217 1325 4306 manipularibus
1347 4217 1388 4296 ⁴in
1414 4215 1573 4307 praelata
1599 4199 1764 4286 Ginotel

86 4372 87 4404 3
210 4343 244 4407 et
270 4336 540 4429 Gobylniky
575 4339 692 4428 dotat,
720 4339 812 4429 quod
839 4345 874 4410 et
901 4339 1054 4442 in'hanc
1080 4337 1171 4409 diem
1198 4342 1332 4426 extat3·
1349 4338 1385 4408 in
1413 4359 1481 4427 quo
1506 4338 1661 4426 genitrix
1681 4338 1765 4437 lipsa

209 4479 280 4548 sua,
308 4465 348 4530 et
375 4460 520 4548 singulis
547 4460 668 4534 dicbus
696 4479 770 4532 rem
788 4465 907 4550 posset
925 4461 1046 4532 audire
1073 4460 1235 4547 divinam,
1263 4466 1300 4530 et
1326 4459 1503 4532 devotioni
1530 4479 1613 4530 suae
1640 4479 1766 4548 oppor-

211 4583 294 4652 tune
322 4580 496 4652 invocare.
615 4605 621 4616 ·

86 4905 87 4920 χ
272 4875 276 4884 .
317 4821 358 4894 ln
389 4822 544 4894 nomine
574 4820 727 4916 Domini
747 4821 892 4896 umen.
939 4821 1035 4912 Quia
1054 4824 1221 4913 mundus,
1256 4829 1293 4894 et
1319 4844 1361 4894 ea
1396 4843 1485 4913 quae
1520 4823 1639 4894 mundi
1675 4829 1766 4910 sunt,

86 4929 87 4980 ἦ
211 4943 346 5026 lubrica
374 4950 465 5033 suut,
483 4950 520 5016 et
538 4945 653 5016 omnia
679 4945 854 5016 mundana
879 4945 915 5018 in
934 4945 1096 5036 abyssum
1125 4945 1310 5016 oblivionis
1336 4944 1553 5033 evolvuntur,
1581 4949 1767 5033 propterea

212 5085 274 5155 ego
302 5051 541 5138 Slawosc'h
577 5067 613 5136 in
641 5066 830 5138 remedium
858 5067 994 5138 animae
1020 5066 1137 5156 nnete,
1174 5068 1293 5138 moris
1325 5087 1441 5152 meae,
1477 5066 1701 5154 parvulorum
1729 5071 1765 5135 et
1801 5067 1806 5074 ’

213 5187 363 5258 omnium
393 5187 665 5278 propinquorum
693 5209 858 5278 meorum,
886 5187 1030 5279 praedia
1055 5189 1098 5260 de
1125 5188 1453 5276 Slawoscbow,
1490 5193 1527 5257 et
1552 5207 1628 5257 cum
1656 5186 1766 5257 omni-

213 5308 279 5380 bus
307 5305 546 5399 pertinentiis,
581 5315 721 5382 etcum
748 5311 910 5398 ccclesia,
939 5311 1149 5382 monasterio
1176 5310 1324 5382 Sanctae
1350 5309 1486 5380 Mariae
1513 5308 1556 5379 de
1583 5308 1765 5380 Buszko

86 5433 87 5493 ὲ
215 5429 339 5518 offero,
377 5437 545 5520 perpetuo
573 5432 840 5520 haereditanda,
876 5453 942 5502 usu
968 5437 1084 5502 tamen
1120 5431 1293 5504 fructuum
1320 5431 1508 5502 eorundem
1535 5428 1766 5520 praediorum,
1842 5422 1852 5445 ‘

215 5571 314 5640 quam
342 5552 402 5622 diu
430 5552 514 5622 mibi
542 5553 720 5643 placuerit,
748 5559 895 5642 retentu,
921 5558 1063 5643 praeter
1089 5551 1160 5640 illa,
1187 5573 1276 5642 quae
1302 5552 1347 5623 ad
1370 5552 1526 5622 redditus
1554 5558 1766 5622 memoratae

215 5671 378 5764 ecclcsiae
407 5673 591 5762 pertinent.
635 5673 748 5749 Huius
776 5674 971 5748 devotionis
1005 5674 1187 5748 renouatio
1222 5672 1314 5746 iacta
1350 5680 1404 5745 est
1430 5674 1467 5744 in
1493 5672 1645 5770 synodo,
1661 5661 1664 5669 ’
1678 5694 1766 5764 quac
1899 5680 1904 5689 “
