4492 6592
483 691 556 808 sc

587 919 863 1028 Locrnwrusr,
889 937 973 1010 villa
1000 936 1064 1010 sub
1082 937 1249 1029 parochia
1274 937 1440 1010 ecclesiae
1465 937 1510 1009 de
1536 936 1690 1008 Busho
1716 935 1801 1026 sita,
1829 937 1927 1008 cuim
1952 956 2033 1027 pro

402 1066 413 1074 “
481 1061 612 1153 prietas
648 1059 693 1133 ad
719 1058 853 1130 nobiles
888 1058 932 1130 de
967 1058 1068 1130 domo
1104 1058 1310 1130 Nalancz
1345 1058 1507 1149 pertinet.
1546 1058 1587 1128 ln
1613 1078 1684 1148 qua
1718 1079 1788 1130 non
1822 1061 1906 1130 suut
1940 1057 2033 1129 lanei

485 1181 735 1271 cmethonales‚
763 1200 874 1271 neque
900 1179 1107 1284 amathonta,
1135 1179 1198 1251 sad
1223 1179 1462 1251 tantummodo
1489 1176 1572 1251 sunt
1597 1178 1732 1250 nobiles
1757 1178 1801 1250 de
1818 1177 1926 1250 mnia
1953 1177 2033 1249 Na·
2068 1217 2072 1224 ·

479 1303 632 1391 lanan,
659 1301 812 1373 colentes
830 1319 934 1391 agros
952 1320 1070 1372 omnes
1087 1299 1198 1372 totius
1215 1299 1328 1390 villae,
1355 1299 1400 1370 de
1418 1299 1543 1390 quihus
1561 1299 1702 1371 solvunt
1718 1297 1885 1371 dedmam
1912 1319 2033 1371 mona·

482 1423 589 1496 sterio
617 1422 654 1493 in
672 1422 835 1512 Busho,
863 1425 899 1494 et
926 1421 1023 1493 valor
1049 1421 1125 1494 eius
1151 1420 1356 1509 aestimatur
1380 1420 1425 1492 ad
1453 1419 1635 1492 duodecim
1661 1439 1807 1492 marcas.

584 1542 864 1632 Sznnonzrczn,
891 1541 976 1614 villa
1001 1541 1066 1616 suh
1084 1541 1251 1632 parochia
1276 1541 1442 1614 ecclesiae
1469 1539 1514 1612 de
1539 1540 1695 1613 B'uako
1721 1541 1800 1630 sita,
1826 1539 1925 1612 cuius
1951 1558 2033 1631 pro·

479 1665 612 1755 pristas
638 1663 683 1735 ad
701 1661 896 1736 Johannem
922 1662 966 1733 de
983 1661 1160 1734 Sluzow
1184 1661 1353 1744 dearmis
1379 1661 1568 1753 Lodzya
1592 1661 1756 1751 pertinet
1794 1660 1836 1732 ln
1854 1682 1924 1752 qua
1950 1667 2034 1733 sunt

479 1785 571 1856 lanei
598 1783 851 1875 amathonalea‚
883 1783 926 1856 de
952 1783 1078 1874 quibus
1105 1783 1264 1870 omnihus
1290 1783 1439 1855 solvitur
1468 1786 1507 1854 at
1531 1781 1737 1854 conducitur
1763 1781 1897 1854 decima
1922 1783 2033 1854 maui-

482 1905 614 1996 pularis
640 1911 677 1978 st
703 1903 878 1996 canapalis
910 1903 954 1976 ad
980 1903 1228 1994 monasterium
1263 1903 1308 1976 de
1333 1903 1497 1976 Busho.
1535 1903 1624 1976 Item
1648 1904 1813 1993 taberna,
1839 1904 1924 1975 item
1948 1903 2033 2002 hor-

481 2027 632 2116 tulania3
658 2025 742 2098 item
769 2029 824 2098 est
849 2026 900 2098 ihi
925 2025 1104 2116 praedium
1130 2025 1290 2115 militare‚
1316 2023 1446 2116 dequo
1473 2024 1622 2097 solvitur
1647 2023 1781 2097 decima
1805 2023 2033 2116 manipularis

481 2147 516 2218 in
544 2146 767 2236 Staszow,
794 2151 831 2218 et
856 2146 956 2219 valor
982 2145 1056 2217 eius
1084 2145 1288 2218 aestimatur
1314 2145 1360 2218 ad
1385 2149 1629 2218 trasmarcas
2139 2238 2142 2242 A

582 2267 883 2358 Znnnnowrczn‚
909 2265 993 2338 villa
1019 2265 1083 2338 sub
1101 2266 1267 2357 parochia
1292 2265 1458 2338 ecclesiae
1483 2265 1528 2338 de
1544 2265 1695 2338 Busko
1721 2265 1797 2355 sita
1824 2264 1924 2338 cuius
1949 2286 2032 2356 pro

482 2389 613 2487 pristas
639 2387 684 2460 ad
703 2387 851 2460 nobilem
879 2385 1060 2460 Nicolaum
1086 2385 1226 2460 Sadlo
1252 2386 1297 2458 de
1323 2386 1431 2459 armis
1455 2386 1480 2460 J
1490 2386 1842 2479 astruamhyecz
1868 2386 2033 2477 pertinet,

479 2510 538 2601 qui
556 2509 606 2582 ihi
624 2508 732 2582 habat
749 2507 929 2600 praedium
947 2507 1090 2598 honum,
1111 2508 1148 2579 in
1165 2513 1240 2580 tres
1258 2527 1397 2599 campos
1415 2507 1573 2600 divisum,
1590 2507 1689 2580 etde
1707 2507 1866 2581 omnibus
1884 2508 2034 2580 solvitur

362 2633 370 2644 “
477 2630 611 2706 decima
636 2628 861 2720 manipularis
886 2649 950 2720 pro
969 2629 1179 2701 monasterio
1204 2629 1242 2700 in
1268 2629 1439 2720 Busho,
1465 2628 1564 2702 cuius
1588 2628 1690 2700 valor
1715 2627 1867 2700 adduas
1892 2649 2031 2701 marcas
2154 2684 2155 2691 a

477 2751 701 2840 aestimatum
737 2749 780 2822 de
807 2755 908 2841 parts
935 2752 1050 2821 autem
1076 2748 1235 2840 praedii,
1262 2749 1389 2840 recipit
1422 2747 1590 2822 dammam
1625 2748 1814 2822 decanatus
1848 2748 2033 2822 Sandomi-
2094 2836 2103 2848 „

476 2871 611 2942 nensis.
651 2869 739 2942 Item
766 2869 914 2942 suntihi
940 2869 1293 2960 laneicmethonales,
1319 2869 1508 2961 dequibus
1534 2870 1694 2943 omnihus
1721 2869 1871 2943 solvitur
1896 2869 2033 2943 decima
2134 2959 2137 2962 q

479 2990 705 3082 manipularis
741 2989 924 3063 decanatui
959 2987 1240 3064 Sandomiriensi.
1287 2990 1377 3063 Item
1411 3011 1482 3064 non
1525 2995 1608 3063 sunt
1640 2989 1691 3065 ihi
1724 2991 1911 3082 tabernae,
1946 2991 2032 3064 item

478 3081 726 3183 hannoniae
1094 3179 1105 3192 ,

582 3229 818 3320 suasuros,
844 3229 928 3307 villa
954 3230 1018 3304 sub
1045 3231 1212 3323 parochia
1241 3229 1409 3304 ecclesiae
1433 3231 1478 3304 de
1503 3231 1795 3306 Dohrouoda
1819 3233 1905 3323 sita,
1931 3233 2032 3306 cuius

333 3431 336 3436 ,
478 3351 602 3423 haeres
619 3351 784 3424 Nicolaus
810 3350 1242 3444 Jugoschowshyde
1259 3352 1361 3425 domo
1387 3351 1619 3426 Hahdanlr.
1658 3353 1788 3446 lnqnu
1804 3359 2031 3429 suntnorem

203 3453 214 3466 ’
480 3471 571 3543 lanei
607 3471 858 3563 cmethonaleS‚
893 3472 977 3546 item
1014 3473 1162 3546 taberna
1197 3454 1272 3544 una'
1293 3473 1428 3545 hahens
1452 3493 1576 3564 agros,
1610 3474 1694 3546 item
1728 3475 1931 3551 hortulanis
1957 3495 2029 3547 una

475 3592 608 3664 hahens
635 3613 753 3683 agros,
791 3592 833 3665 de
862 3593 986 3684 quihus
1013 3593 1172 3667 omnihus
1202 3593 1350 3666 solvitur
1375 3593 1511 3666 decima
1535 3595 1763 3686 manipularis
1789 3600 1827 3668 et
1852 3595 2029 3688 canapalis

473 3731 537 3802 pro
555 3712 702 3785 ecclesia
726 3701 917 3803 parochiali
935 3717 970 3785 et
987 3693 1064 3786 eius
1081 3713 1229 3804 plebano
1247 3713 1284 3785 iu
1310 3711 1496 3801 (ihotel,
1522 3713 1607 3787 villa
1623 3715 1776 3789 custodis
1793 3715 2030 3797 Vislicieusis
2155 3692 2159 3701 ’

304 3903 322 3932 ,¹
473 3837 511 3904 et
530 3833 628 3904 valor
664 3833 737 3906 eius
764 3833 969 3906 aestimatur
995 3833 1039 3905 ad
1063 3834 1212 3908 sedecim
1239 3854 1381 3907 marcas.
1420 3835 1509 3908 Item
1536 3841 1591 3908 est
1616 3836 1653 3908 iu
1669 3837 1790 3918 eadem
1817 3837 1901 3910 silla
1927 3839 2028 3911 curia
2159 3838 2160 3843 ’

473 3953 633 4027 militaris
660 3974 738 4044 una,
766 3973 854 4046 quaa
880 3954 955 4034 iure
981 3955 1174 4046 parochiali
1200 3977 1269 4028 nou
1296 3955 1341 4028 ad
1358 3957 1703 4049 Dohrouodam,
1730 3957 1792 4032 sad
1809 3959 1856 4032 ad
1872 3959 2029 4032 Busko
2069 3992 2075 4001 ·

473 4073 635 4165 pertinet,
662 4075 793 4147 hahens
820 4095 922 4166 agros
949 4075 1145 4182 praediales
1171 4078 1300 4168 honos,
1326 4078 1363 4150 in
1389 4083 1463 4151 tres
1489 4098 1628 4170 campos
1654 4079 1804 4172 divisos,
1829 4058 1875 4152 de
1901 4081 2028 4173 quibus
2161 4127 2163 4136 2

472 4199 552 4285 post
579 4215 686 4268 unum
713 4215 870 4287 campum
896 4197 995 4268 iuxta
1011 4201 1223 4289 torrentem,
1250 4200 1309 4290 qui
1326 4199 1423 4273 vadit
1449 4201 1492 4274 de
1510 4200 1727 4297 Owczary
1754 4205 1790 4276 in
1808 4201 2029 4298 Ho‘lucua,

472 4315 620 4387 solvitur
654 4315 788 4388 decima
820 4317 1045 4409 manipularis
1080 4339 1144 4410 pro
1172 4312 1383 4393 monasterio
1418 4322 1455 4394 in
1482 4323 1655 4416 Busho,
1689 4325 1733 4398 de
1758 4325 1909 4400 residuis
1941 4348 2027 4402 vero
2161 4347 2163 4410 i

474 4435 603 4526 campis
629 4436 765 4527 praedii
791 4435 949 4530 praefati,
977 4438 1127 4512 solvitur
1152 4439 1285 4512 decima
1311 4442 1541 4533 manipularis
1567 4445 1604 4516 in
1631 4443 1910 4538 Xangnicze.

467 4647 468 4650 Ν
576 4556 766 4648 Zrnnrmr,
801 4558 884 4630 villa
910 4559 975 4632 sub
1002 4561 1168 4650 parochia
1194 4561 1361 4635 ecclesiae
1390 4563 1436 4636 de
1457 4563 1788 4660 Sczeworzysz
1814 4569 1901 4660 sita,
1928 4569 2026 4642 cuius
2161 4583 2163 4588 ·

470 4677 595 4749 haeres
620 4675 785 4750 Nicolaus
812 4679 1054 4771 Rospanth
1081 4681 1125 4754 ds
1142 4682 1256 4783 trihus
1282 4684 1394 4756 hastis
1419 4685 1556 4777 nobilis,
1583 4688 1657 4761 sire
1682 4688 1946 4782 Koslarogi.
1985 4691 2026 4763 ln

471 4819 540 4889 qua
576 4799 659 4870 villa
695 4799 847 4872 decimae
883 4801 1106 4894 manipularis
1145 4804 1323 4896 perceptio
1358 4804 1633 4899 diversificatum
1678 4831 1758 4882 nam
1794 4811 1838 4884 de
1873 4817 2025 4904 quatuor
2161 4881 2163 4886 ,

469 4919 580 4992 laneis
608 4920 755 4992 solvitur
791 4926 827 4994 et
854 4921 1058 4996 conducitur
1092 4923 1228 4998 decima
1252 4925 1478 5017 manipularis
1513 4929 1549 5001 in
1576 4930 1751 5023 Busho,
1778 4953 1822 5005 ex
1848 4932 2023 5025 aliquibus

447 5063 553 5144 ¹vero
580 5042 691 5118 laneis
719 5042 811 5116 cedit
837 5045 1002 5118 ecclcsiae
1028 5045 1064 5118 in
1090 5047 1447 5142 Dalyeschicze,
1475 5050 1519 5122 de
1536 5051 1654 5124 tertiis
1680 5073 1765 5126 vero
1791 5053 1923 5145 laneis,
1950 5056 2024 5128 sive
2111 5143 2117 5148 ⁹

468 5164 575 5238 tertia
610 5169 710 5255 parte
746 5165 839 5238 cedit
865 5166 1029 5240 ecclesiae
1064 5168 1255 5259 parochiali
1286 5169 1323 5241 in
1349 5170 1373 5242 J
1382 5191 1538 5262 anyua
1557 5183 1560 5188 ’
1577 5171 1689 5247 Valor
1714 5153 2026 5267 autem-decimas

470 5305 558 5376 quae
585 5285 677 5358 cedit
703 5305 767 5376 pro
786 5288 995 5360 monasterio
1022 5289 1059 5360 in
1085 5289 1256 5382 Busho,
1283 5292 1488 5376 aestimatur
1514 5293 1559 5366 ad
1577 5302 1728 5387 quatuor
1754 5317 1898 5370 marcas.
1934 5297 2024 5372 Item

469 5412 525 5478 est
550 5407 600 5478 ihi
618 5408 654 5478 in
673 5407 793 5481 eadem
812 5408 893 5482 villa
911 5429 1015 5483 unum
1033 5411 1215 5504 praedium
1232 5413 1398 5506 militare,
1425 5413 1470 5488 de
1487 5417 1584 5489 cuius
1611 5417 1707 5510 agris
1725 5417 1873 5492 soluitur
1890 5418 2024 5493 decima
2161 5479 2163 5482 ⁴

469 5527 694 5619 manipularis
720 5529 757 5601 in
784 5527 1116 5626 Sczeworzysz.
2159 5503 2163 5526 ι

572 5647 850 5743 Bruararunr,
877 5652 961 5728 villa
986 5653 1050 5729 sub
1068 5657 1236 5746 parochia
1261 5657 1428 5732 ecclesiae
1453 5658 1499 5732 de
1515 5659 1672 5734 Busko
1699 5661 1785 5753 sita,
1813 5661 1912 5776 cuius
1938 5661 2021 5736 hae
2078 5635 2084 5640 ⁸
