4492 6592
500 713 576 786 eso
644 673 650 682 ’

500 940 542 990 ex
569 913 790 989 Boleslao
818 909 991 984 Ghsbri
1016 907 1183 982 Polouise
1207 926 1292 1001 rege
1317 927 1383 1001 per
1405 908 1534 982 lineam
1558 860 2053 997 reomoaeoenmpro

499 1037 645 1128 nepotis,
672 1034 867 1126 captivitas,
895 1053 996 1124 quem
1022 1035 1169 1124 patruus
1195 1051 1278 1103 suus
1302 1049 1489 1124 germanus
1516 1027 1758 1102 consonus
1774 1027 1960 1101 Mssorise
1976 1025 2054 1119 ou,

499 1159 590 1229 tilius
618 1155 848 1228 'Gasimiri
883 1152 1049 1226 Polonise
1084 1150 1316 1242 Memmiae,
1341 1151 1558 1242 principebus
1585 1169 1668 1222 suos
1702 1149 1770 1222 sibi
1794 1147 2054 1238 cenoman

500 1276 695 1368 captivitati
720 1276 757 1346 in
784 1274 859 1346 loco
886 1272 1089 1346 monasterii
1115 1269 1264 1362 praefati
1289 1272 1327 1344 in
1345 1269 1603 1344 adoksesutiae·
1616 1269 1716 1342 annis
1732 1267 1935 1358 incluserat,
1953 1285 2055 1358 quau

499 1397 715 1486 benignitate
745 1395 932 1468 Nioolni
967 1393 1105 1466 abbntis
1139 1392 1463 1465 Snaczecbovianais
1486 1381 1628 1464 natione
1653 1387 1792 1481 Gallici
1818 1394 1930 1480 caput
1955 1407 2052 1459 suum

499 1518 535 1589 in
561 1517 753 1608 periculum
774 1510 1011 1606 exponentis,
1037 1519 1074 1586 et
1100 1519 1209 1604 ope'ra
1234 1513 1491 1586 Clementis
1525 1511 1673 1603 palatini
1697 1509 1963 1608 staconensis,
1990 1509 2054 1581 r'ui

499 1639 626 1711 nobilis
654 1638 697 1708 de
723 1635 854 1712 tamilla
878 1634 1135 1728 Gryionu'm
1159 1635 1322 1726 medens,
1346 1634 1595 1707 monasterium
1620 1631 1816 1724 praelatum
1841 1629 2055 1704 eicisu‘tutli-

366 1833 367 1836 a
499 1779 577 1832 nem
603 1759 655 1830 illi
680 1777 745 1848 pro
772 1761 913 1848 eccepto
939 1755 1107 1828 beneficio
1133 1755 1292 1846 reddens,
1318 1754 1554 1845 singularibus
1579 1759 1617 1830 et
1638 1753 1812 1825 manticis
1827 1750 2054 1846 libertatibus

482 1865 741 1970 privilegiavit.
782 1875 889 1949 nutus
923 1897 968 1948 ne
1003 1875 1136 1948 doubs
1169 1876 1262 1949 boue
1296 1875 1514 1966 dispereant,
1548 1879 1587 1947 et
1619 1873 1772 1965 aliquam
1805 1872 2054 1945 ubuum

499 1999 837 2096 distractionemque
854 1997 1082 2087 conuahant,
1108 1996 1280 2087 ipseque
1306 1995 1444 2068 illelius
1470 1995 1665 2086 missaque
1690 1995 1885 2084 poterimus
1912 1991 2054 2065 οοοιδὶ-

499 2141 577 2192 mur
611 2124 788 2191 annotare.
830 2117 987 2190 Contulit
1021 2123 1059 2189 et
1093 2117 1132 2188 in
1167 2117 1283 2188 dotem
1318 2115 1468 2208 praeisti
1481 2115 1697 2188 ›monesterii
1722 2115 1962 2186 Henricus
1987 2113 2055 2190 (lu

409 2328 416 2338 .
500 2239 806 2329 Senoomirionsis,
832 2243 870 2310 et
895 2237 919 2310 J
927 2258 1014 2309 axe
1039 2237 1129 2328 dux,
1154 2237 1254 2308 cuius
1279 2238 1404 2328 stirpe
1423 2242 1479 2310 est
1503 2237 1633 2326 ignoto,
1659 2235 1794 2326 aliquot
1819 2235 1945 2325 villus,
1971 2234 2052 2305 item

500 2359 622 2433 Oomes
648 2359 893 2449 Martinus,
918 2357 1004 2430 item
1031 2355 1153 2450 Gcmes
1179 2355 1530 2448 Krzyuoszand,
1557 2357 1732 2448 ceterique
1758 2362 1925 2448 proceros
1952 2352 2052 2425 Polo-

499 2480 588 2571 uiae,
615 2501 695 2552 suas
722 2478 957 2553 haereditates
984 2483 1020 2550 et
1045 2477 1166 2566 villes3
1191 2497 1295 2549 nemo
1319 2483 1436 2549 umen
1462 2476 1665 2568 empliorens
1683 2477 1792 2548 scitus
1807 2481 1864 2548 est
1879 2479 2053 2547 nonnos

456 2669 459 2674 ,
498 2602 552 2672 rio
570 2600 788 2691 praestitisse
807 2599 932 2690 dotem,
951 2617 1054 2690 quem
1079 2618 1143 2669 rex
1161 2593 1414 2670 Bolesluus
1430 2595 1606 2688 Poloniae‚
1623 2598 1684 2688 qui
1699 2617 1826 2689 prose
1840 2601 2052 2688 tenpestate

498 2741 696 2812 supremum
723 2721 778 2794 ius
803 2721 840 2826 in
867 2719 1020 2810 qnalibet
1043 2719 1262 2791 haereditate
1287 2719 1639 2810 babendo,.1naiores
1665 2718 1892 2792 obventiones
1920 2717 1960 2789 in
1984 2717 2052 2789 sin·

497 2841 589 2931 gulis
615 2840 728 2931 villis,
756 2859 859 2931 quam
885 2839 1019 2930 proprii
1044 2839 1213 2911 medes
1238 2839 1462 2930 percipiebat

603 2961 822 3035 Notandum
851 2980 942 3032 anno
967 2959 1108 3034 Domini
1140 2959 1249 3032 1386.
1274 2957 1364 3032 iouia
1389 2964 1515 3052 quarte
1538 2961 1576 3032 iu
1594 2966 1719 3033 octove
1735 2959 1965 3056 Asoeusiouia
1982 2957 2049 3031 llo-

498 3083 661 3173 minicee‚
688 3081 1036 3155 Suantboslans
1063 3081 1173 3154 abbas
1200 3080 1520 3155 Ssocneclrovieusis
1554 3081 1646 3154 bona
1671 3081 1876 3181 monaterii
1900 3079 2050 3173 amplii-

499 3208 659 3291 eeturns,
686 3201 802 3274 villam
838 3199 1093 3292 Zelyessne
1118 3221 1229 3291 prope
1254 3203 1504 3274 monasterium
1530 3201 1630 3273 iuxta
1654 3199 1831 3272 Vislsru
1857 3201 2048 3290 coenus«,

428 3357 432 3365 ,
499 3342 563 3414 per
596 3319 847 3394 Otthonem
881 3327 919 3393 et
953 3320 1204 3394 Jnslronem
1238 3319 1368 3394 iratres
1402 3341 1587 3414 manos
1612 3322 1657 3393 de
1682 3321 1991 3395 Sczekarsoir
2014 3327 2049 3392 st

499 3443 681 3533 complices
716 3443 791 3514 eius
825 3442 1072 3516 Dersleum
1106 3449 1144 3515 et
1177 3441 1324 3514 fratrem
1358 3443 1469 3534 ipsias
1503 3462 1704 3534 genuorum
1739 3442 1783 3514 (le
1809 3442 2047 3534 Lupkouo,

498 3561 685 3636 Mattbism
712 3563 756 3636 de
782 3563 1166 3655 anisszouicze,
1192 3562 1377 3637 Nicolaum
1400 3569 1441 3636 et
1465 3562 1610 3636 fratrum
1636 3564 1746 3655 ipsius
1772 3560 2044 3636 Gladirbsn

498 3685 541 3756 de
567 3683 942 3776 Woynyouycue,
978 3685 1196 3758 Bemardum
1231 3685 1277 3757 de
1310 3683 1687 3778 Pyotrlrowicze‚
1712 3684 1849 3757 nobiles
1875 3684 2044 3757 ‹le-ccmo

498 3804 818 3898 Bippenninm‚
844 3805 1072 3880 Micbnlinum
1099 3807 1144 3878 de
1169 3805 1393 3897 Olonowo,
1419 3805 1702 3880 Wszerademum
1720 3803 2045 3880 oeczsstocsl-

498 3947 583 4017 cze,
609 3927 736 4000 milites
763 3927 807 4000 de
834 3927 936 4001 domo
963 3927 1199 4019 Habeant,
1226 3934 1264 4000 et
1289 3927 1376 4001 duos
1402 3928 1496 4001 ciues
1514 3927 1559 3999 te
1582 3925 1787 4020 Solyecr,
1811 3925 2040 4000 Petrassi·

500 4067 599 4117 num
625 4053 663 4120 et
689 4047 995 4120 Vencesla'um
1029 4049 1183 4140 tupiter
1208 4047 1643 4140 captivatunvinculstus
1670 4053 1707 4121 et
1732 4067 1839 4141 super
1862 4047 2037 4121 teutom-

497 4187 576 4240 nem
603 4169 807 4242 monesterii
833 4169 1155 4244 Szoorecbovieusis
1174 4171 1349 4262 reclusus,
1374 4176 1412 4242 et
1436 4169 1594 4262 graviter
1613 4175 1730 4242 tortus
1747 4173 1810 4261 est,
1827 4173 1869 4242 ut
1883 4168 2041 4262 pesuniss

498 4289 640 4380 quibus,
667 4310 746 4362 eum
773 4290 950 4364 abundare
977 4291 1183 4383 credebant,
1209 4292 1254 4364 ab
1281 4313 1323 4364 οο
1349 4296 1593 4383 emungerent3
1620 4291 1679 4382 qui
1704 4291 1946 4382 captivitatem
1971 4307 2043 4362 ess·

496 4407 591 4499 liene,
618 4409 713 4499 ipsos
738 4411 815 4484 iure
842 4431 958 4484 coram
984 4411 1231 4485 Vlasiisluo
1266 4411 1433 4485 Poloniee
1458 4431 1543 4503 rege
1568 4412 1747 4502 convenit,
1773 4417 1811 4484 et
1836 4411 2038 4484 mutentur

497 4527 710 4600 definitivam
728 4530 994 4627 ‘Drogimiri
1019 4533 1145 4607 iudicis
1175 4539 1213 4606 et
1238 4532 1423 4606 Greslai
1450 4531 1640 4607 subindicis
1665 4531 1927 4637 cracoviensis!
1954 4533 2039 4624 ipsos

497 4650 595 4721 etin
621 4650 742 4740 poenis
769 4670 852 4724 suae
878 4655 1112 4746 captivitatis,
1139 4655 1239 4727 etin
1266 4646 1402 4730 centum
1428 4661 1465 4727 et
1490 4654 1637 4745 triginta
1662 4654 1789 4726 msrcis
1814 4673 1880 4746 pro
1906 4651 2036 4745 uernum

496 4769 750 4866 condemnavit
772 4770 1047 4848 Vladisluus
1073 4781 1193 4849 autem
1216 4795 1280 4848 rex
1306 4775 1472 4849 Polouise
1497 4777 1535 4848 in
1561 4777 1742 4848 horrorem
1767 4774 1861 4847 tanti
1878 4773 2036 4861 criminis

497 4890 672 4982 praefatos
699 4891 946 4967 Otthouem
973 4902 1010 4968 et
1035 4896 1058 4968 J
1068 4898 1312 4970 aezlsouem
1337 4897 1382 4970 lie
1407 4897 1716 4989 Sczelrarzosu
1733 4902 1907 4969 et-omnes
1924 4913 2036 4969 sorau

497 5014 679 5106 complices
706 5035 813 5107 supra
839 5015 1051 5108 descriptos,
1078 5018 1155 5090 iure
1181 5019 1377 5091 ethonore
1401 5023 1619 5110 patronatus
1634 5017 1848 5091 fundatonis
1884 5022 1923 5090 et
1947 5015 2038 5089 dota·

495 5135 601 5208 tionis
632 5135 841 5211 Monusterii
875 5137 1212 5231 &misnensis
1247 5141 1278 5212 si
1313 5139 1406 5232 quod
1431 5140 1613 5214 hacteuus
1626 5139 1697 5212 illis
1722 5125 1960 5305 competebat,
1984 5154 2039 5209 sus

497 5257 673 5330 sententie
699 5265 749 5331 et
762 5259 875 5332 edicto
901 5264 1070 5351 perpetuo
1096 5261 1258 5351 pnvevb.

600 5377 868 5474 Sznczucnow,
894 5381 1163 5474 monesterium,
1179 5382 1243 5455 ab
1269 5381 1397 5474 oppido
1422 5373 1727 5455 Szeczecbow
1751 5400 1878 5454 nomen
1903 5381 2039 5467 babeat
2101 5398 2106 5413 ’

497 5514 565 5570 non
592 5499 695 5591 longe
721 5503 766 5576 sb
793 5523 845 5595 eo,
872 5501 909 5576 in
935 5503 1011 5578 loco
1038 5503 1217 5578 abstracto
1243 5510 1281 5576 et
1305 5505 1537 5596 segregato
1525 5525 1574 5576 ιο
1579 5503 1683 5594 glebs
1698 5501 1799 5577 uberi
1816 5506 1854 5575 et
1869 5499 2036 5594 irugiisru

498 5615 636 5692 flumine
672 5621 808 5696 Visla
842 5627 879 5698 et
906 5625 1046 5718 stagnis
1080 5625 1294 5719 lacubusque
1318 5645 1341 5699 a
1366 5630 1468 5718 parte
1490 5624 1759 5719 septentrionali
1776 5616 2034 5712 omnmo
