4492 6592
1476 767 1618 837 ’Ὗ
1693 769 1777 879 loo

301 1001 488 1079 Wranrn
515 1004 668 1099 Wrnsz,
701 1007 786 1081 uilla
819 1009 885 1083 sub
919 1008 1165 1100 paroehia'de
1201 1006 1555 1083 Wanuhoozslro
1590 1016 1627 1083 et
1663 1031 1771 1105 snpra
1913 1062 1917 1067 -

189 1124 375 1216 oppidum
414 1126 609 1218 praelatum
644 1130 733 1221 sita3
769 1130 866 1201 cuius
899 1131 1097 1221 proprietas
1133 1130 1179 1201 ad
1214 1130 1460 1203 monasterium
1488 1128 1770 1207 Wanohoczense

190 1246 369 1335 molinet
415 1248 526 1339 Quam
562 1246 717 1323 Gedlro
748 1251 933 1341 episcopus
968 1249 1208 1323 Oracoviensis
1235 1250 1346 1323 eidem
1374 1252 1585 1325 monasterio
1612 1254 1769 1327 contulit.

190 1366 232 1438 ln
246 1387 340 1457 qua
379 1375 466 1443 sant
500 1369 591 1442 lanei
626 1370 880 1460 emethonales,
906 1377 943 1441 et
976 1371 1125 1462 quilibet
1159 1370 1296 1443 laborat
1331 1370 1374 1442 de
1401 1371 1501 1443 laneo
1528 1377 1602 1445 tres
1629 1371 1704 1445 dies
1730 1374 1767 1445 in

193 1488 430 1580 septimana,
464 1492 607 1581 proprio
643 1511 747 1563 curru
783 1496 845 1563 aut
878 1497 1018 1582 aratro,
1043 1497 1082 1563 et
1107 1491 1238 1563 nullum
1266 1510 1407 1565 censum
1441 1491 1562 1582 solvit,
1590 1492 1673 1565 item
1700 1513 1768 1565 ova

190 1609 379 1700 triginta.
396 1612 481 1683 item
504 1612 618 1703 gallos
645 1617 812 1703 quatuor,
838 1613 922 1684 item
948 1632 1068 1685 caseos
1094 1612 1206 1703 duos3r
1236 1614 1319 1685 item
1342 1612 1504 1687 laborant
1529 1619 1603 1685 tres
1630 1612 1711 1697 dies,
1731 1614 1768 1685 in
1816 1641 1819 1657 ·

192 1729 415 1818 septinnaaa
454 1731 542 1806 Item
570 1730 757 1827 muudum
790 1719 963 1824 duplicem
998 1722 1063 1824 pro
1099 1753 1182 1806 vere
1217 1738 1254 1805 et
1279 1734 1404 1826 hyeme
1430 1733 1569 1823 explere
1595 1738 1768 1807 tenemur.

193 1848 286 1921 ltem
316 1871 467 1947 oaezyep
493 1853 650 1943 solvunt,
677 1860 757 1927 octo
784 1848 885 1927 e'oros
911 1874 1044 1927 avenae
1070 1860 1107 1926 et
1134 1858 1283 1945 qumtnor
1310 1853 1468 1944 siliginis
1495 1854 1582 1927 Item
1601 1854 1768 1927 tabernae

194 1991 266 2041 non
295 1978 398 2045 sant.
433 1973 521 2045 item
547 1974 766 2049 hortudauiae
793 1981 959 2066 numum,
986 1982 1024 2047 et
1050 1975 1156 2047 solrit
1182 1974 1359 2067 quaelihet
1384 1996 1489 2047 uuum
1517 1972 1706 2066 raonem,
1733 1979 1769 2047 et

194 2090 236 2161 iu·
268 2094 477 2183 septimana
511 2095 598 2167 duas
632 2095 709 2169 dies
742 2095 882 2169 laborat
916 2094 1053 2180 alesta
1088 2094 1263 2185 Paschae,
1289 2114 1399 2185 usquc
1426 2094 1469 2167 ad
1497 2093 1622 2167 testum
1649 2092 1769 2169 sareu
1833 2098 1841 2113 ‘

193 2209 404 2304 Michaelis,
430 2216 558 2289 abinde
583 2236 668 2289 vero
694 2214 738 2288 ad
765 2215 892 2291 testum
924 2216 1081 2291 Paschae
1107 2237 1212 2289 uuum
1239 2214 1341 2289 diem.
1367 2216 1455 2287 item
1482 2214 1661 2307 praedium
1690 2234 1768 2287 coe·
1886 2242 1887 2245 ¹

118 2432 123 2443 ι
197 2333 356 2405 uohiale
375 2316 446 2407 nou
472 2343 529 2409 est
563 2337 599 2408 iu
626 2336 746 2409 eadem
782 2337 874 2409 villa.
910 2338 1000 2410 Item
1027 2357 1147 2411 omues
1172 2336 1248 2427 agri
1275 2335 1379 2407 villae
1407 2335 1547 2407 solvunt
1573 2340 1610 2407 et
1636 2334 1767 2408 eondu-

147 2471 150 2479 ’
197 2459 285 2525 aunt
313 2454 490 2529 decimam
516 2454 786 2551 manipularem·
803 2465 840 2531 et
865 2459 1065 2550 muapnlem
1092 2478 1156 2549 per
1182 2476 1244 2531 sex
1261 2458 1411 2549 ierugaa
1430 2456 1641 2529 monasterio
1658 2454 1765 2529 Wan-
1904 2460 1906 2465 '

198 2574 457 2669 choozensiet
474 2578 573 2653 valor
589 2581 666 2653 dus
676 2582 889 2664 aestimatur
909 2580 954 2652 ad
972 2599 1033 2653 sex
1051 2599 1197 2653 macas
1223 2577 1310 2651 Item
1328 2576 1506 2651 hortulani
1533 2577 1673 2649 solvunt
1698 2597 1765 2667 pro

140 2791 150 2809 ·
197 2697 360 2770 statione
387 2720 448 2773 sex
473 2722 625 2791 grossos*
642 2702 796 2794 quilibet
823 2702 911 2775 Item
937 2700 1171 2774 molendinum
1195 2721 1267 2773 non
1295 2704 1349 2773 est
1365 2699 1402 2771 in
1420 2698 1540 2771 eadem
1559 2698 1652 2771 villa.
1675 2696 1765 2769 Gon·
1869 2690 1896 2811 'x
2002 2730 2005 2737 ’

198 2815 400 2891 duaticum
426 2822 554 2912 oppido
581 2821 937 2913 Wanehoozsko,
964 2821 1190 2912 Parszow,
1217 2818 1599 2895 Szkarsziezslro.

306 2938 574 3034 Decumum,
602 2944 687 3017 villa
719 2945 785 3018 sub
810 2945 977 3035 parochia
1002 2943 1048 3017 de
1072 2941 1478 3033 Wyszniczeprope
1505 2939 1764 3031 Bochnyam
1888 2984 1890 2991 -
1993 2908 2000 2917 ⁸

162 3058 166 3067 '
199 3058 236 3129 in
261 3063 369 3134 terra
394 3061 616 3139 Oneoviensi
642 3066 723 3155 sita,
748 3063 1269 3155 cuiuspartemBoleslaus
1296 3059 1497 3133 Pudicus
1524 3060 1593 3131 dux
1611 3059 1764 3137 noivit

201 3200 285 3269 pars
313 3204 338 3253 a
367 3186 689 3259 saaotimouinlihus
723 3186 767 3258 de
794 3164 1124 3277 Sthanyanthk
1137 3206 1160 3276 y
1186 3204 1209 3255 a
1233 3181 1441 3255 Martino
1468 3180 1596 3273 mirate
1621 3186 1659 3253 et
1684 3200 1765 3253 cou-

201 3307 310 3375 ventn
339 3303 615 3378 Wanchoezensi
651 3328 715 3398 pro
751 3308 870 3380 debito
905 3312 1085 3397 suscepta,
1110 3324 1193 3396 pars
1218 3305 1265 3375 ab
1284 3302 1496 3389 Henrico
1531 3306 1568 3373 et
1593 3299 1762 3373 iratribus

201 3423 275 3495 suis
302 3425 496 3524 militibus„
512 3449 577 3519 pro
603 3429 727 3519 viginti
753 3429 880 3501 marcis
906 3428 1042 3519 argenti
1068 3431 1279 3517 comparata.
1316 3424 1356 3496 In
1384 3443 1453 3514 qua
1479 3428 1561 3495 sunt
1586 3442 1647 3495 sex
1673 3421 1785 3500 lanei.

202 3546 454 3637 emethooales,
480 3554 530 3621 et-
543 3550 650 3621 solrit
675 3550 823 3640 quilibet
849 3570 955 3621 unum
980 3548 1162 3636 fertonem,
1189 3547 1271 3617 item
1291 3565 1357 3617 ova
1374 3544 1531 3633 triginta
1550 3543 1632 3615 item
1651 3542 1764 3633 gallos

204 3671 368 3758 immor,
394 3668 477 3744 item
504 3690 625 3743 caseos
649 3670 754 3777 duos;
781 3672 866 3745 item
892 3669 1193 3759 labores-aliquos
1220 3688 1288 3749 nou
1315 3664 1557 3755 seductilem
1582 3660 1778 3759 porculam.

205 3806 274 3860 nan
302 3788 487 3879 laboraut3
513 3792 599 3863 item
624 3812 763 3886 oeerpqo
789 3792 930 3866 solvunt
947 3790 1094 3881 plebano
1112 3790 1149 3859 in
1168 3786 1412 3875 Wisnicze,
1438 3784 1577 3891 solrumt
1604 3802 1664 3855 sex
1683 3782 1765 3853 cho-

206 3926 264 3980 rcs
289 3930 435 3986 avenae
451 3912 548 3993 =Item
575 3913 744 3985 tabernae
769 3918 844 3983 tres
870 3912 1040 3986 hahentes
1066 3929 1181 3999 agros,
1199 3908 1285 3981 item
1298 3905 1528 3979 hortulaniae.
1556 3902 1644 3974 item
1661 3923 1764 3993 prae-

206 4026 301 4104 dium
327 4039 386 4105 est
403 4034 453 4105 ihi
469 4035 679 4125 manehiale,
694 4034 741 4107 de
758 4034 857 4108 cuius
874 4034 969 4123 agris
987 4032 1121 4105 decima
1139 4028 1365 4119 manipularis
1383 4025 1549 4099 ecclesiae
1567 4022 1763 4115 parochiali

207 4148 242 4221 iu
278 4151 562 4244 Wysznicze.
606 4156 695 4229 ltem
730 4176 849 4230 omnm
885 4156 971 4245 agri-
997 4152 1100 4228 villae
1138 4152 1278 4225 solvunt
1308 4154 1344 4221 et
1371 4146 1571 4221 conducunt
1595 4144 1762 4217 decimam

208 4257 457 4366 manipularem
484 4285 523 4351 et
548 4279 746 4369 carrapalem
773 4298 838 4368 pro
864 4276 1064 4368 praehenda
1089 4271 1321 4362 cracoviensi,
1348 4289 1436 4361 quae
1456 4266 1652 4359 appellatur
1670 4265 1763 4357 Lyn·
1812 4360 1815 4368 Ι

208 4398 385 4488 szowska,
412 4405 449 4471 et
464 4398 573 4473 'valor
607 4402 682 4473 eins
708 4401 912 4481 aestimatur
938 4398 983 4471 ad
1002 4401 1159 4489 quatuor
1194 4414 1338 4477 marcas.
1374 4390 1513 4465 Habent
1540 4388 1647 4461 etiam
1672 4407 1763 4459 eme-

209 4514 345 4608 thoaes3
371 4512 539 4595 tabernam
566 4527 603 4592 et
628 4523 859 4612 hortulauiae,
888 4521 1023 4611 aliqum
1049 4539 1154 4609 agros
1178 4538 1224 4589 ex
1253 4514 1397 4607 praedio
1425 4512 1475 4585 eis
1503 4510 1695 4600 adiunctos,
1721 4508 1765 4579 de

212 4639 337 4725 onibus
363 4642 503 4715 solvunt
536 4644 703 4717 decimam
740 4644 989 4735 manipularem
1017 4642 1185 4714 ecclesiae
1211 4636 1402 4729 parochiali
1429 4635 1465 4705 in
1492 4632 1764 4705 Wisznieze.

208 4753 293 4831 Ιίειιι
321 4763 554 4835 molendinum
581 4783 649 4837 non
676 4771 734 4837 est
759 4766 807 4836 ibi
834 4763 1042 4836 coenobiale
1068 4762 1157 4835 Item
1184 4758 1344 4833 scultetis
1372 4762 1425 4829 est
1453 4755 1511 4845 ihi,
1539 4774 1628 4845 quae
1655 4752 1761 4823 hahet

210 4880 295 4955 dnos
322 4886 450 4957 laneos.
476 4886 564 4987 ltem
591 4888 792 4959 emethones
820 4887 922 4959 villae
948 4884 1128 4975 praefatae
1155 4883 1216 4971 sal,
1243 4902 1307 4972 pro
1335 4880 1426 4953 omni
1455 4876 1661 4949 necessitate
1688 4893 1760 4969 mo-

213 5010 374 5096 ommni,
399 5016 563 5083 tenentur
589 5031 632 5081 ex
659 5010 877 5099 Bochnya
912 5008 1045 5079 ducere·
1065 5007 1099 5077 in
1128 5003 1387 5075 Wislieiam
1415 4998 1568 5091 propriis
1595 4994 1764 5067 curribus.

214 5126 372 5207 Confluat
397 5155 474 5208 cum
501 5132 725 5222 (llchaua¹
752 5129 1024 5230 Wiszuicze.

315 5255 508 5344 socnam,
535 5254 699 5346 oppidum
727 5254 880 5343 regium,
907 5252 943 5321 in
970 5272 1038 5341 quo
1066 5249 1173 5321 hahet
1200 5246 1446 5331 monasterium
1475 5242 1518 5315 de
1545 5238 1652 5313 Wan
1666 5238 1765 5311 cho-

215 5378 321 5449 calo
347 5377 435 5452 duas
462 5396 563 5448 areas
588 5383 626 5447 et
650 5375 741 5447 duas
766 5374 898 5461 doinus,
925 5379 963 5442 et
988 5370 1166 5461 quaelibet
1194 5368 1298 5440 solvit
1325 5388 1389 5457 pro
1416 5360 1626 5437 monasterio
1658 5378 1765 5433 uuum
1869 5395 1874 5407 ·

108 5564 112 5569 .
216 5494 390 5572 lenonem.
444 5577 449 5585 ,

313 5619 528 5709 memus,
554 5620 638 5693 villa
664 5619 797 5695 hahens
833 5614 1065 5707 parochialem
1090 5612 1270 5685 eeclesiam
1297 5610 1334 5680 in
1362 5629 1415 5696 se,
1435 5606 1548 5707 „cums-
1568 5604 1765 5697 proprietas

137 5728 140 5734 ’
216 5741 258 5813 ad
280 5743 530 5818 musterium
565 5740 609 5813 de
643 5736 986 5810 Waunhoenslro
1019 5735 1191 5839 pertinet,
1220 5733 1257 5803 in
1284 5737 1380 5803 terra
1407 5725 1628 5801 Gracorieusi
1654 5742 1766 5817 prope
1873 5820 1879 5827 .
