4492 6592
1623 752 1627 760 ’
1714 744 1802 871 ru

78 961 126 1015 5¹*
182 993 448 1063 monasterio
479 991 759 1084 Wanchocnensi,
789 1001 825 1065 ct
852 996 950 1066 valor
977 997 1020 1068 ad
1049 997 1237 1079 duodecim,
1256 1021 1399 1071 marcas.
1438 1001 1527 1074 Item
1554 995 1724 1078 scoltetia'
1739 1013 1793 1079 est
1895 965 1900 986 ⁴

79 1071 133 1199 μὴ·
184 1107 259 1198 ibi,
296 1110 454 1183 habens
481 1113 570 1184 duos
598 1115 726 1204 laneos,
755 1123 791 1187 et
820 1117 902 1187 facIt
929 1117 1071 1188 servitia
1099 1121 1319 1192 monasterio.
1364 1120 1524 1194 Confluat
1560 1146 1636 1196 cum
1664 1127 1791 1198 Szlra·

78 1209 129 1389 5:
187 1251 461 1324 rzeszow,
490 1233 721 1326 Buyahow
750 1237 887 1328 mlyn,
916 1245 1063 1328 utraque
1088 1239 1371 1332 'Chomatorn
1399 1241 1679 1317 Gowoerna.

89 1462 132 1644 [ἓ
382 1494 583 1578 Decimae
617 1499 899 1604 manipulares
935 1489 1179 1581 monasterii
1213 1503 1266 1584 de
1299 1503 1646 1587 Wanchoczsko.

82 1707 122 1773 ‚fn
332 1719 551 1810 Mursszcn,
571 1775 711 1790 ......
1369 1797 1377 1804 ,

100 1937 104 1948 ¹
275 1869 284 1878 ·
335 1839 708 1930 Zarnucznowrczn,
736 1841 818 1912 villa
845 1843 909 1913 sub
937 1844 1101 1932 parochia
1128 1829 1172 1914 de
1194 1843 1460 1936 Wasznyow
1487 1849 1564 1937 sita,
1591 1851 1688 1922 cuius
1706 1872 1787 1940 pro-

84 1954 127 2012 rm
199 1960 365 2050 prictas
419 1961 463 2032 ad
509 1963 740 2052 praebendam
787 1963 1099 2036 Sandomiriensam
1145 1965 1447 2056 Zayanczlrowsha
1501 1969 1628 2039 dictam
1681 1974 1789 2061 perti-

88 2079 130 2134 5
204 2087 293 2152 net.
348 2083 387 2153 In
417 2103 484 2173 qua
510 2104 570 2154 sex
599 2089 680 2154 sunt
716 2103 791 2158 cum
828 2085 941 2156 medio
978 2086 1068 2156 lanei
1106 2087 1353 2174 cmethonales,
1398 2089 1594 2179 dequibus
1630 2093 1788 2163 omnibus

96 2205 127 2272 pr
206 2203 381 2274 solvitur
411 2210 447 2274 et
474 2204 679 2276 conducitur
707 2205 839 2276 decima
866 2206 1092 2296 manipularis
1111 2199 1148 2276 et'
1167 2183 1340 2297 canapalis
1366 2230 1430 2298 pro
1458 2212 1667 2281 monasterio
1681 2211 1787 2284 Wan-
1871 2253 1878 2262 ·

89 2303 136 2377 rl'
210 2324 433 2414 choczensi,
461 2332 497 2395 et
523 2325 620 2395 valor
647 2325 722 2396 eius
750 2327 956 2398 aestimatur
995 2328 1039 2398 ad
1068 2333 1199 2418 septem
1228 2325 1370 2398 marcas.
1415 2329 1501 2400 Item
1529 2353 1598 2401 non
1626 2339 1707 2403 sunt
1733 2339 1788 2404 ta-

95 2450 124 2498 nr
209 2445 371 2536 hernac,
398 2467 510 2536 neque
537 2447 768 2535 hortulaniae3
796 2425 877 2518 item
905 2447 1137 2520 molendinum
1165 2453 1228 2537 cst,
1256 2449 1317 2520 scd
1344 2471 1410 2520 non
1430 2451 1536 2521 hahet
1558 2472 1670 2541 agros.
1698 2453 1785 2524 Item

100 2577 121 2623 a
212 2573 278 2637 est
313 2568 363 2638 ibi
390 2567 567 2656 praedium
597 2569 802 2657 canonicale,
829 2570 865 2639 in
893 2574 966 2640 tres
994 2591 1134 2659 campos
1160 2567 1328 2659 divisum,
1359 2570 1407 2668 ,de
1433 2571 1531 2640 cuius
1558 2573 1652 2662 agris
1680 2574 1786 2644 solvi-

92 2696 120 2744 Ψ
216 2696 287 2758 tur
318 2688 451 2762 decima
477 2689 702 2779 manipularis
731 2690 895 2762 ecclesIae
922 2690 1111 2780 parochiali
1138 2691 1174 2761 in
1201 2689 1481 2781 Wasnnyou,
1523 2698 1559 2761 et
1587 2693 1684 2765 valor
1710 2673 1803 2765 eius

93 2819 118 2867 ll
220 2811 441 2881 aestimatur
468 2809 511 2879 ad
539 2809 625 2880 duas
654 2831 797 2881 marcas.

93 2941 113 2988 ll
337 2929 697 3020 anncoazowrcnn,
725 2931 808 3002 villa
834 2931 966 3002 habens
993 2933 1028 3002 in
1057 2951 1093 3002 se
1121 2931 1302 3003 ecclesiam
1330 2932 1563 3020 parochialem
1586 2931 1704 3005 Sancti
1723 2933 1785 3006 Jo-

96 3063 113 3110 t
220 3052 357 3123 hannis
384 3052 574 3142 Baptistae,
603 3052 717 3141 lapide
745 3053 780 3122 in
808 3052 894 3123 colle
921 3053 1069 3124 rotunde
1096 3051 1317 3141 fabricatam,
1344 3054 1443 3124 culus
1469 3051 1593 3125 haeres
1620 3053 1785 3126 Nicolaus

123 3157 124 3162 ¹
223 3171 627 3263 Ghrzanstowsky
651 3171 694 3242 de
721 3173 822 3270 domo
851 3171 1164 3263 Strzegomya.
1190 3172 1230 3242 In
1259 3156 1434 3263 quarunt
1460 3179 1538 3245 octo
1566 3195 1643 3244 cum
1670 3175 1812 3246 medio.

95 3309 109 3356 n
224 3295 325 3365 lanei
353 3293 595 3383 emethonales,
624 3295 705 3364 item
733 3299 807 3364 tres
834 3295 1002 3365 tabernac
1028 3293 1197 3365 habentes
1224 3313 1336 3382 agros,
1375 3293 1460 3364 item
1488 3296 1639 3385 quinque
1666 3296 1785 3367 hortu-

96 3432 110 3478 l
223 3415 346 3486 laniae
383 3417 549 3487 habentes
576 3436 698 3505 agros,
735 3415 929 3506 dequibus
966 3416 1125 3487 omnibus
1160 3415 1309 3485 solvitur
1344 3421 1380 3485 et
1413 3414 1620 3487 conducitur
1655 3415 1787 3488 decima

93 3553 122 3600 l·
225 3537 458 3634 manipularis
486 3543 522 3608 et
548 3537 724 3626 canapalis
752 3557 816 3626 pro
843 3537 1054 3608 monasterio
1081 3537 1117 3606 in
1144 3534 1511 3626 Wanchoczsho,
1538 3543 1576 3608 et
1593 3538 1692 3608 valor
1711 3525 1785 3608 eius

95 3659 120 3712 ι(
226 3658 437 3729 aestimatur
464 3659 507 3729 ad
535 3657 714 3730 duodecim
742 3677 886 3730 marcas.
914 3657 1001 3728 Item
1021 3663 1075 3728 ast
1094 3657 1143 3727 ibi
1166 3677 1270 3726 unum
1298 3657 1487 3746 praedium,
1514 3656 1557 3727 de
1575 3658 1785 3746 cuiusagris

226 3779 382 3851 solvitur
418 3780 552 3851 decima
579 3777 803 3868 manipularis
840 3777 1006 3870 ecclesiae
1033 3777 1225 3867 parochiali
1251 3776 1370 3847 Sancti
1396 3776 1567 3848 Johannis
1594 3777 1780 3867 Baptistae
1840 3873 1846 3879 .
1949 3835 1956 3847 .

227 3901 360 4004 ibidem
387 3902 423 3971 in
460 3898 893 3990 GrzegorzoWIczc,
931 3905 967 3970 et
994 3899 1091 3970 valor
1127 3899 1202 3970 eius
1238 3899 1443 3968 aestimatur
1469 3899 1513 3968 ad
1540 3903 1612 3970 tros
1640 3901 1791 3978 marcas.-

227 4023 422 4093 Ecclesiam
451 4022 641 4112 praelatam
679 4022 714 4091 in
751 4018 1165 4110 Grzcgorzuwiczc
1201 4019 1385 4090 fabricavit
1410 4040 1509 4090 muro
1546 4018 1785 4110 Navogius

228 4145 355 4214 haeres
382 4142 426 4214 de
452 4141 886 4232 Grzegorzowicze,
913 4141 1040 4213 nobilis
1068 4141 1110 4211 de
1138 4140 1239 4212 domo
1266 4139 1585 4230 Bippenuium.

336 4264 464 4354 Ruun,
504 4264 587 4362 villa
613 4264 678 4335 sub
705 4264 870 4354 parochia
905 4263 948 4334 de
982 4261 1259 4354 Wyrszcza
1295 4261 1371 4332 sita.
1415 4261 1455 4331 In
1482 4281 1550 4351 qua
1586 4264 1667 4331 sunt
1692 4261 1785 4332 lanei

230 4386 484 4475 cmethonales,
521 4386 563 4456 dc
591 4386 715 4475 quibus
744 4385 902 4456 omnibus
930 4383 1077 4454 solvitur
1104 4389 1140 4455 et
1165 4383 1371 4454 conducitur
1397 4382 1531 4452 decima
1557 4381 1784 4472 manipularis

230 4513 267 4579 et
294 4507 477 4596 canapalis,
505 4514 541 4578 et
567 4507 666 4578 valor
692 4507 767 4578 eius
795 4505 1000 4577 aestimatur
1027 4506 1071 4576 ad
1090 4559 1204 4574 .....
1232 4520 1375 4575 marcas.
1403 4503 1489 4575 Item
1517 4503 1673 4594 taberna,
1701 4504 1783 4575 item
1913 4481 1921 4496 ¹

233 4628 418 4716 hortulani,
446 4628 527 4698 Item
555 4627 734 4718 praedium
754 4682 867 4698 .....
1846 4619 1853 4631 ’

338 4749 476 4819 Zwonn
504 4747 693 4838 Saaurun,
721 4747 803 4820 villa
830 4747 894 4820 sub
917 4747 1082 4839 parochia
1109 4747 1152 4818 de
1178 4743 1592 4856 arngorzowicze
1618 4745 1696 4835 sita,
1726 4766 1784 4817 co·
1886 4786 1891 4798 ·

232 4873 285 4942 ius
311 4870 434 4941 haeres
472 4869 644 4940 Saarna
679 4869 722 4941 de
750 4870 851 4941 domo
879 4869 1197 4960 Bippenuium.
1219 4903 1222 4910 ·
1242 4867 1282 4939 In
1310 4887 1378 4958 qua
1414 4871 1495 4938 sunt
1530 4873 1663 4957 septem
1690 4866 1784 4936 lanei

233 4985 473 5081 cmethonalcs,
500 4991 581 5061 item
609 5013 678 5062 una
704 4991 851 5062 taberna
877 4991 1008 5079 habens
1036 5011 1148 5080 agros.
1192 4988 1280 5060 Item
1307 4995 1382 5060 tres
1407 4988 1626 5060 hortulaniac
1652 4986 1783 5058 hahen-

176 5103 179 5112 ’
232 5121 284 5184 tes
310 5133 423 5202 agros.
452 5112 539 5184 Item
567 5091 672 5184 unum
700 5112 932 5184 molendinum
959 5111 1092 5183 hahens
1119 5131 1241 5200 agros,
1268 5111 1311 5182 de
1339 5109 1463 5200 quibus
1491 5107 1649 5179 omnibus
1677 5107 1783 5199 solvi-

232 5241 289 5306 tur
316 5241 352 5304 et
379 5233 580 5305 conducitur
608 5233 739 5305 decima
766 5233 991 5323 manipularis
1020 5237 1055 5304 ct
1081 5231 1257 5322 campalis
1283 5252 1347 5321 pro
1365 5229 1577 5302 monasterio
1604 5228 1639 5298 in
1658 5226 1782 5298 Wan-
1887 5294 1892 5304 ,

111 5391 115 5402 ·
233 5355 479 5445 choczsho,
507 5360 543 5426 et
569 5356 666 5427 valor
693 5355 766 5462 eins
795 5355 998 5426 aestimatur
1025 5353 1069 5424 ad
1085 5346 1218 5424 ¹novem
1247 5371 1388 5423 marcas.
1415 5351 1501 5423 Item
1521 5357 1576 5422 cst
1601 5349 1651 5420 ibi
1677 5369 1783 5454 unum

233 5475 411 5566 praedium
439 5477 599 5566 militare,
628 5477 670 5549 de
698 5477 794 5554 cuius
822 5476 916 5566 agris
945 5475 1092 5546 solvitur
1119 5475 1252 5545 decima
1277 5471 1512 5562 manipularis·
1529 5469 1695 5543 ecclesiae
1722 5491 1783 5560 pa·
1822 5545 1826 5553 ,

233 5597 377 5669 rochIali
404 5599 440 5668 In
468 5596 899 5688 Grzegorzowicze,
936 5603 972 5668 et
998 5597 1098 5668 valor
1124 5597 1198 5668 eius
1225 5595 1429 5698 aestimatur
1456 5593 1500 5664 ad
1527 5592 1613 5664 duas
1639 5611 1782 5682 marcas,

233 5718 416 5810 aliquando
444 5719 488 5790 ad
515 5725 598 5790 tres.

336 5873 540 5928 areemmam.
828 5896 831 5904 ·
1262 5906 1265 5912 ·
1504 5912 1518 5953 .·
1575 5860 1612 5910 53
