4492 6592
440 762 445 769 ’
486 775 560 845 316

588 978 787 1065 Daaoumu‘,
824 974 907 1046 villa
934 975 998 1045 sub
1025 974 1192 1064 parochia
1218 973 1383 1043 ecclesiae
1411 971 1453 1042 de
1479 972 1502 1043 J
1512 973 1778 1043 ankowicze
1805 972 1884 1060 sita,
1911 977 1948 1041 et
1974 991 2044 1060 per

485 1098 752 1168 Boleslaum
779 1088 997 1167 Pudicum
1025 1096 1121 1183 regni
1151 1092 1317 1164 Poloniae
1343 1093 1464 1163 ducem
1484 1094 1693 1163 monasterio
1721 1092 2041 1163 sanctimonialium

417 1292 420 1301 p
484 1216 745 1287 Zavicbostensi
790 1200 936 1301 donata,
973 1216 1009 1284 in
1048 1214 1252 1285 fundatione
1277 1193 1327 1283 'et
1364 1212 1594 1315 translatIone
1630 1212 1782 1283 eiusdem
1824 1212 2043 1285 monasterii.

483 1334 524 1404 In
552 1356 620 1424 qua
647 1341 728 1406 sunt
755 1335 871 1412 decem
899 1341 935 1405 et
963 1340 1039 1405 octo
1066 1335 1159 1403 lanei
1187 1334 1435 1421 cmetbonales,
1463 1341 1501 1402 et
1519 1333 1673 1433 nquilibet
1699 1333 1804 1402 solvit
1828 1352 1894 1421 pro
1921 1352 2041 1401 annuo

256 1520 279 1541 ,Δ
365 1446 370 1453 ’
484 1474 588 1525 ceusu
616 1461 695 1525 octo
723 1460 862 1525 scottos.
891 1454 978 1525 Item
1005 1454 1116 1543 gallos
1143 1474 1212 1523 non
1239 1454 1332 1541 dant,
1358 1454 1442 1523 item
1470 1474 1537 1523 ova
1563 1474 1631 1523 uon
1658 1454 1812 1539 solvunt,
1839 1470 1953 1540 neque
1981 1470 2041 1521 ca-

485 1594 571 1645 seos.
599 1574 686 1643 Item
713 1576 859 1644 taberna
887 1594 956 1647 una
989 1575 1192 1645 monasterii
1218 1574 1349 1644 habens
1377 1594 1500 1661 agros,
1535 1579 1571 1642 et
1597 1573 1702 1643 solvit
1735 1593 1837 1642 unam
1875 1588 2041 1641 marcam.

484 1693 571 1763 Item
599 1693 818 1763 hortulanIae
845 1714 909 1781 pro
936 1696 1148 1765 monasterio
1175 1714 1243 1763 non
1271 1699 1361 1763 sunt
1387 1693 1475 1763 Item
1503 1693 1682 1781 praedium
1710 1699 1765 1762 est
1790 1693 1849 1780 ibi,
1876 1691 1920 1760 de
1939 1692 2040 1760 cuius

484 1813 579 1901 agris
606 1813 739 1883 decima
766 1814 992 1902 manipularis
1019 1814 1168 1885 soletur
1194 1815 1356 1902 episcopo
1384 1810 1606 1890 Graooviensi
1632 1813 1668 1881 in
1691 1809 1907 1906 ponitbwam.
1949 1810 2040 1880 ltem
2125 1806 2129 1813 ’

484 1934 684 2003 cmetbones
711 1954 775 2021 pro
804 1954 884 2004 vere
912 1938 960 2003 et'
974 1934 1096 2023 hyeme
1124 1935 1306 2021 seminant,
1346 1940 1459 2021 arant,
1486 1939 1622 2003 metunt
1647 1939 1685 2003 et
1710 1932 1907 2002 conducunt
1934 1950 2040 2019 agros

485 2053 688 2141 praediales,
716 2060 752 2123 et
779 2053 943 2125 ducturas
961 2053 1092 2124 iaciunt
1110 2055 1148 2123 in
1173 2052 1445 2125 Gracoviam
1473 2054 1658 2140 ordinarie,
1685 2053 1821 2141 quoties
1844 2050 2038 2121 mandatur.

485 2172 572 2241 ltem
600 2173 642 2241 de
669 2174 763 2261 agris
790 2174 1019 2261 cmetbonum,
1047 2175 1272 2245 tabernarum
1299 2180 1337 2243 et
1362 2174 1625 2244 hortulanorum
1644 2173 1792 2243 soletnr
1813 2171 1950 2242 decima
1967 2191 2038 2242 ma·

473 2292 663 2381 nipularis
690 2300 726 2363 et
753 2314 816 2381 per
842 2300 992 2381 quatuor
1018 2294 1158 2383 ierugas
1185 2294 1361 2384 canapaIIs
1388 2295 1602 2383 episcopatui
1623 2293 1846 2364 Gracoriensi
1874 2298 1911 2362 et
1937 2290 2037 2361 indu-

485 2412 577 2481 citur
603 2412 639 2481 in
667 2413 827 2483 borreum
856 2414 1008 2501 episcopi
1035 2434 1098 2502 per
1117 2415 1327 2484 cmethones.
1353 2414 1442 2484 Item
1469 2416 1566 2484 quta
1580 2413 1704 2484 uillam
1731 2413 1941 2483 Daronin
1969 2412 2038 2481 sita

486 2537 567 2604 sunt
594 2537 695 2619 prata
722 2552 864 2621 magna,
900 2553 942 2611 ex
970 2534 1064 2623 angs
1091 2534 1202 2622 lacta,
1242 2532 1431 2623 inquibus
1458 2534 1540 2603 oIIm
1567 2533 1711 2604 sedebat
1738 2531 1822 2603 villa
1847 2532 1892 2603 ad
1919 2551 2038 2602 mona-

479 2652 628 2721 'sterium
657 2650 776 2721 Sancti
804 2652 965 2723 Andreae
1001 2654 1181 2741 pertinens
1208 2654 1532 2741 Brzescziani,
1568 2660 1604 2723 et
1630 2654 1674 2723 de
1700 2650 1794 2742 apris
1822 2653 1897 2721 eius
1924 2652 2037 2721 solve·

485 2771 588 2841 batur
624 2770 756 2841 decima
791 2773 1019 2861 manipularis
1055 2774 1218 2862 episcopo
1246 2773 1485 2862 Oracoriensi,
1526 2780 1563 2844 et
1589 2774 1704 2844 omnia
1731 2779 1833 2862 prata
1860 2771 2038 2861 praedicta

486 2896 632 2978 occupat
657 2910 719 2961 rex
746 2905 810 2979 pro
838 2898 953 2963 castro
981 2892 1262 2965 Sandomiriensi.
1291 2894 1378 2965 Item
1405 2894 1564 2982 scoltetia
1589 2900 1664 2981 est,
1700 2914 1788 2983 quae
1821 2894 1932 2963 babet
1957 2911 2038 2980 pro-

485 3009 599 3096 prium
628 3010 806 3097 praedium
834 3016 869 3080 et
895 3017 968 3083 tres
994 3012 1114 3085 laneos
1137 3014 1382 3101 cmetbonales,
1410 3014 1452 3085 de
1471 3014 1637 3103 quolibet
1650 3013 1753 3083 laneo
1779 3002 1930 3082 mediam
1948 3032 2038 3079 mar·

486 3146 561 3197 cam
589 3127 694 3199 solvit
721 3129 867 3200 scolteto
895 3150 958 3218 pro
987 3152 1100 3220 censu,
1127 3138 1164 3203 ct
1191 3133 1359 3205 decimam
1386 3134 1646 3221 manipularem,
1674 3138 1710 3202 et
1736 3132 1901 3203 scoltetus
1928 3130 2038 3200 ataui

486 3246 874 3337 emetbones-episcopo
901 3248 1132 3339 cracoviensi,
1159 3260 1196 3321 et
1223 3252 1321 3327 valor
1347 3252 1391 3323 ad
1419 3253 1544 3341 vigmti
1571 3272 1715 3323 marcas.
1742 3252 1830 3322 Item
1857 3272 1923 3340 pro
1950 3250 2038 3320 sml-

485 3370 559 3435 teto
586 3386 655 3435 una
680 3367 826 3439 taberna
853 3370 984 3441 habeus
1011 3392 1126 3461 agros,
1153 3372 1258 3445 solvit
1275 3372 1361 3443 duas
1380 3393 1523 3460 marcas,
1550 3378 1586 3443 et
1603 3394 1673 3444 una
1689 3373 1888 3444 hortulania
1905 3371 2039 3441 babens

486 3504 591 3575 agros
616 3491 652 3555 et
678 3486 780 3559 solvit
808 3510 913 3561 unum
940 3490 1107 3563 fertonem
1135 3498 1172 3563 et
1198 3514 1304 3565 rmum
1343 3493 1434 3565 diem
1462 3492 1611 3565 laborat.
1654 3492 1816 3564 Confluat
1841 3512 1919 3563 cum
1946 3491 2039 3562 villis

487 3604 692 3695 Stodoli,
719 3606 974 3699 Sobotbka,
1001 3610 1315 3715 Przesnwodi,
1349 3612 1668 3703 Pyelyaszow,
1696 3612 2039 3699 Szawlowicze,

486 3724 676 3797 Liszow.
1767 3740 1772 3748 '
1851 3817 1856 3826 ,

589 3844 913 3939 Scuawnowrczn,
952 3850 1037 3923 villa
1063 3852 1128 3923 sub
1155 3853 1322 3941 parocbia
1346 3853 1512 3944 ecclesiae
1539 3854 1583 3925 de
1610 3853 1842 3945 Maliczye
1874 3853 1963 3940 sita,
2002 3856 2039 3920 et
2151 3864 2154 3867 ⁴

486 3984 548 4053 per
584 3964 846 4039 Boleslaum
881 3969 1102 4045 Pudicum
1140 3972 1261 4046 ducem
1294 3974 1395 4074 regni
1421 3972 1586 4045 Poloniae
1613 3974 1823 4045 monasterio
1851 3972 2039 4043 sanctiue

419 4118 421 4125 v
486 4084 627 4155 nialium
655 4085 984 4169 Zawicbostensium
1012 4092 1046 4164 in
1075 4094 1150 4163 elus
1175 4090 1378 4167 fundatione
1404 4101 1441 4165 et
1467 4094 1698 4165 translatione
1724 4094 1862 4165 donata
1901 4093 1943 4163 In
1971 4113 2039 4181 qua

487 4210 568 4275 sunt
593 4206 711 4277 decem
739 4213 774 4279 et
802 4216 880 4279 octo
916 4211 1007 4283 lanei
1043 4214 1279 4286 cmetbonales
1306 4221 1343 4287 et
1369 4215 1516 4305 quilibet
1551 4216 1656 4287 solvit
1691 4236 1754 4304 pro
1782 4236 1895 4285 annuo
1931 4234 2038 4284 censu

486 4330 564 4395 octo
592 4332 721 4397 scottos
749 4328 791 4399 de
810 4330 974 4402 tredecim
1003 4332 1123 4421 laneis,
1151 4321 1187 4405 et
1204 4335 1248 4407 de
1267 4336 1419 4424 quinque
1444 4336 1555 4405 laneis
1581 4356 1645 4424 per
1665 4335 1859 4425 quindecim
1885 4354 2039 4424 grossos,

449 4468 451 4475 ¹
486 4444 569 4515 item
596 4446 716 4535 gallos,
744 4449 826 4519 item
855 4470 931 4538 ova;
971 4452 1053 4523 item
1081 4455 1239 4543 taberna,
1266 4458 1348 4529 item
1376 4456 1595 4527 hortulaniae
1622 4456 1711 4527 duae
1737 4456 1950 4541 monasterii,
1977 4455 2039 4524 ba-

388 4570 392 4578 ’
487 4564 608 4635 bentes
634 4584 755 4655 agros,
796 4589 865 4639 una
892 4570 995 4641 solvit
1022 4592 1125 4645 unam
1153 4594 1321 4663 marcam,
1362 4576 1475 4647 altera
1509 4575 1599 4646 diem
1637 4596 1741 4646 unum
1778 4577 1813 4646 in
1831 4562 2036 4663 ‚septimana

486 4681 631 4752 laborat.
676 4686 764 4755 Item
792 4690 970 4775 praedium
998 4698 1052 4762 est
1079 4694 1295 4783 coenobiale,
1323 4695 1368 4769 de
1402 4718 1471 4785 quo
1498 4698 1743 4767 monasterinm
1780 4716 1845 4785 pm
1879 4716 1920 4771 se
1942 4673 2039 4764 tollit

487 4800 662 4872 decimam.
707 4805 794 4879 Item
823 4809 981 4881 scoltetia
1017 4819 1070 4882 est
1096 4814 1228 4884 babens
1265 4836 1368 4904 agros
1396 4815 1615 4904 sufficientes
1641 4822 1678 4887 et
1703 4838 1806 4887 unam
1843 4816 2039 4903 tabernam,

487 4942 575 5011 quae
602 4923 707 4995 solvit
743 4926 808 4998 sibi
837 4927 922 5002 duas
949 4952 1092 5021 marcas,
1120 4941 1156 5004 et
1182 4935 1269 5008 duas
1298 4936 1524 5008 hortulanias.
1568 4937 1656 5007 Item
1687 4937 1731 5007 de
1757 4938 1918 5008 omuibus
1944 4936 2039 5024 agris

405 5148 411 5154 .
486 5036 709 5115 tabernarum
737 5052 772 5117 et
799 5048 1061 5123 hortulanorum
1089 5060 1126 5124 et
1152 5054 1349 5147 scoltetiae,
1385 5058 1535 5129 solvitur
1569 5058 1704 5129 decima
1738 5056 1975 5146 manipularis,
2002 5062 2038 5125 et

485 5182 548 5251 per
576 5170 726 5251 quatuor
753 5168 890 5259 ierugas
919 5172 1093 5261 canapaliS
1120 5175 1336 5265 episcopatui
1363 5176 1601 5267 Gracoriensi,
1627 5186 1664 5249 et
1690 5178 1868 5248 inducitur
1893 5179 1931 5248 in
1956 5178 2038 5246 bor·

485 5301 582 5352 reum
610 5305 673 5373 per
700 5288 898 5360 cmetbones
935 5293 1087 5381 propriis
1123 5296 1283 5367 curribus
1309 5318 1330 5367 a
1356 5297 1489 5369 factore
1515 5298 1668 5387 episcopi
1694 5298 1896 5386 locandum3
1938 5298 2035 5368 valor

485 5402 559 5471 eius
587 5404 630 5474 ad
659 5408 782 5497 viginti
810 5430 952 5484 marcas.
981 5412 1068 5485 Item
1091 5415 1291 5489 cmetbones
1317 5435 1381 5506 pro
1409 5440 1490 5492 rere
1507 5426 1544 5490 et
1563 5420 1686 5509 hyeme
1713 5392 1895 5515 seminant,
1922 5424 2035 5505 arant,

484 5528 630 5612 metunt,
658 5534 694 5595 et
714 5528 917 5626 ¹conducunt
943 5534 1115 5611 seminata
1141 5536 1176 5607 in
1204 5538 1299 5625 agris
1326 5539 1561 5626 praedialibus
1588 5547 1625 5611 et
1650 5540 1815 5611 ducturas
1839 5538 1973 5610 iaciunt
1997 5539 2032 5608 in
