4492 6592
1686 794 1759 862 457

215 997 326 1085 itaque
353 990 487 1065 duobus
514 991 720 1065 molendinis
747 994 783 1064 in
809 994 948 1065 flumine
975 995 1126 1084 Visla,
1155 1000 1243 1087 duae
1262 996 1331 1067 illis
1355 998 1514 1069 munifica
1541 1000 1760 1091 antiquorum
1846 1005 1851 1013 “

215 1116 401 1209 principum
429 1115 570 1205 largitio
598 1108 814 1206 contulerat,
849 1138 913 1207 pro
940 1118 1086 1188 notabili
1123 1120 1345 1209 pecuniarum
1374 1142 1525 1209 summa,
1559 1144 1607 1210 ,ex
1636 1124 1761 1213 quibus

213 1236 451 1307 monasterium
471 1236 603 1305 'Sancti
630 1236 752 1305 Jacobi
788 1237 915 1306 brasea
941 1244 977 1305 et
1001 1238 1176 1307 frumenta
1212 1240 1442 1328 percipiebat,
1470 1242 1554 1310 enrit
1580 1264 1696 1313 aream
1726 1246 1759 1314 in

212 1357 347 1424 civitate
385 1354 677 1441 Sandomiriensi,
713 1360 749 1423 et
777 1361 847 1423 tam
880 1374 922 1425 ex
950 1357 1091 1445 proprio
1127 1376 1225 1445 aere,
1263 1378 1363 1446 quam
1400 1380 1441 1429 ex
1478 1360 1759 1453 eleemosynario,

212 1473 386 1547 ecclesiam
417 1474 452 1543 in
480 1474 661 1544 honorem·
675 1475 821 1545 Sanctae
849 1474 984 1547 Mariae
1012 1476 1242 1566 Magdalenae
1270 1478 1313 1548 de
1339 1479 1449 1549 latere
1477 1486 1593 1570 cocto,
1621 1486 1657 1553 et
1683 1505 1759 1555 coe·
1828 1484 1834 1491 '

212 1596 346 1667 nubium
374 1616 439 1685 pro
465 1594 633 1666 iratribus
661 1596 961 1691 praedicatoribus
988 1598 1187 1687 fabricavit;
1215 1599 1270 1669 vir
1297 1599 1482 1691 singularis
1508 1604 1759 1695 providentiae,

120 1717 127 1733 ⁸
210 1718 262 1809 qui
289 1717 490 1788 necessitati
516 1718 730 1807 periculosae
757 1738 896 1809 semper
921 1720 1134 1810 impendenti
1161 1722 1259 1791 etin
1288 1742 1452 1811 praesens
1479 1725 1576 1795 etin
1603 1727 1757 1799 futurum

209 1838 392 1930 prospexit.
420 1836 526 1910 Cuius
545 1839 682 1929 quidem
711 1840 913 1924 monasterii
941 1841 1075 1931 aliquas
1102 1827 1338 1932 possessiones
1357 1850 1393 1914 et
1411 1850 1609 1935 proventus
1637 1853 1758 1921 tenues
1788 1896 1791 1901 -

209 1966 318 2032 tamen
346 1959 612 2032 describemus·
1495 2041 1508 2057 „
1755 2036 1765 2045 ,

307 2079 535 2154 Hortulauia
566 2102 663 2166 uua,
704 2084 767 2153 snb
795 2069 962 2173 parochia
987 2084 1152 2155 ecclesiae
1180 2084 1297 2155 Sancti
1325 2084 1423 2157 Pauli
1451 2086 1529 2178 sita,
1557 2110 1658 2179 quarn
1687 2112 1758 2161 rno-

111 2228 114 2235 ·
207 2202 353 2273 uasterio
390 2202 538 2274 Sanctae
573 2202 709 2305 Mariae
745 2203 976 2295 Magdalenae
1011 2204 1188 2275 Bartho
1225 2206 1370 2278 vitricus
1404 2208 1556 2279 eiusdem
1593 2211 1758 2283 ecclesiae

207 2330 370 2415 perpetuo
398 2324 560 2414 donavit,
600 2324 642 2395 de
671 2346 739 2416 qua
765 2325 909 2398 colonus
936 2326 1046 2416 ipsius
1072 2326 1159 2397 nibil
1186 2327 1387 2418 laborando,
1415 2330 1519 2401 solvit
1546 2334 1757 2404 monasterio

208 2466 266 2536 pro
292 2466 408 2517 annuo
434 2462 540 2517 censu
567 2446 715 2517 ruediarn
743 2468 902 2518 marcam.

305 2564 491 2671 Secunda
520 2567 759 2651 hortulanis,
796 2567 957 2638 adiacens
983 2568 1209 2659 monasterio,
1237 2570 1300 2641 sub
1328 2566 1492 2660 parocbia
1519 2572 1685 2644 ecclesiae
1713 2574 1755 2645 de
1791 2644 1796 2649 ,

206 2688 327 2759 Sancto
355 2687 466 2759 Paulo
494 2689 579 2778 sita,
616 2710 717 2779 quam
755 2689 969 2759 monasterio
1005 2689 1153 2761 Sanctae
1188 2690 1324 2761 Mariae
1360 2690 1590 2783 Magdalenae
1625 2694 1758 2785 legavit

206 2815 372 2899 perpetuo
399 2808 570 2900 Woyek
611 2809 805 2900 oppidanus
832 2809 1140 2901 SandomiriensiS‚
1177 2812 1273 2883 cuius
1301 2812 1442 2883 colonus
1469 2812 1556 2883 nihil
1583 2814 1755 2905 laborans

207 2930 306 3001 solvit
332 2952 398 3021 pro
426 2932 636 3035 monasterio
663 2931 811 3003 mediam
840 2951 1000 3002 marcam.

303 3048 435 3123 Tertia
466 3052 694 3135 bortulauia,
723 3053 787 3123 sub
814 3052 979 3142 parochia
1006 3052 1173 3125 ecclesiae
1192 3054 1310 3125 Sancti
1331 3054 1430 3125 Pauli
1459 3056 1536 3144 sita,
1565 3077 1666 3147 quarn
1685 3056 1755 3129 Ju-
1858 3076 1864 3095 ‘

204 3172 377 3256 bannes
406 3154 639 3245 Advocati
679 3172 901 3264 provincialis
928 3174 1209 3264 praedicatorum
1238 3173 1412 3265 poloniae,
1440 3178 1582 3269 propria
1609 3180 1755 3269 pecunia

203 3316 262 3384 pro
289 3265 502 3367 monasterio
529 3296 665 3367 Mariae
692 3294 922 3386 Magdalenae
950 3283 1176 3386 comparavit
1203 3298 1299 3369 cuius
1318 3298 1459 3369 colonus
1477 3300 1564 3371 nibil
1581 3300 1755 3389 laborans,

205 3415 304 3487 solvit
330 3438 395 3508 pro
422 3418 634 3488 monasterio
663 3416 810 3487 mediam
838 3438 999 3488 marcam.

303 3536 457 3611 Domus
486 3537 617 3610 acialis
658 3539 693 3608 in
722 3537 849 3628 oppido
876 3536 1165 3627 Sandomiriensi,
1201 3538 1237 3609 in
1265 3540 1411 3630 circulo,
1448 3562 1556 3632 prope
1582 3542 1761 3633 lapideam
1796 3540 1800 3546 ’

203 3660 303 3730 etiarn
331 3660 475 3731 acialem
502 3658 673 3731 Johannis
701 3658 744 3730 de
772 3658 1017 3747 GzisszoW,
1046 3660 1125 3729 olinr
1155 3659 1333 3730 castellani
1361 3660 1609 3751 cracoviensis,
1636 3670 1754 3767 eprpta

202 3801 261 3869 pro
288 3782 503 3853 monasterio
539 3780 687 3853 Sanctae
723 3780 858 3851 Mariae
885 3779 1115 3870 Magdalenae
1152 3802 1214 3870 per
1241 3778 1494 3852 Johaunem
1524 3782 1753 3854 Advocati

201 3903 444 3991 provincialem
472 3902 647 3992 Poloniae‚
674 3893 739 3993 pro
768 3903 891 3993 viginti
919 3902 1069 3991 quinque
1096 3902 1238 3989 marcis*
1258 3902 1322 3973 snb
1349 3903 1514 3992 parochia
1541 3903 1752 3977 Sandomiri-

111 4037 112 4044 ’
202 4024 272 4094 ensi
299 4026 387 4113 sita,
414 4029 449 4095 ot
481 4023 650 4096 arendata
686 4023 792 4095 solvit
826 4044 891 4113 pro
926 4023 1139 4093 monasterio
1176 4022 1322 4094 Sanctae
1358 4022 1493 4095 Mariae
1523 4024 1751 4115 Magdalenae

201 4165 300 4216 unam
328 4166 546 4236 sexagenam.
806 4124 811 4133 ⁸
1512 4223 1514 4228 ,

302 4266 507 4339 ldaocllum
535 4268 570 4339 in
599 4266 725 4357 oppido
753 4266 1041 4355 Sandomiriensi,
1069 4266 1233 4336 donatum
1262 4267 1473 4340 monasterio
1501 4266 1647 4338 Sanctae
1674 4266 1751 4338 Ma-

201 4386 270 4457 riae
296 4387 526 4479 Magdaleuae
554 4410 617 4478 per
644 4388 813 4459 Annam
840 4386 979 4459 viduam
1006 4386 1163 4458 relictam
1192 4386 1273 4457 olirn
1293 4442 1460 4457 .......
1479 4444 1488 4477 ,
1515 4388 1557 4459 de
1586 4410 1652 4479 quo
1681 4390 1749 4460 sol·
1838 4438 1854 4457 .

202 4516 327 4582 vuutur
354 4511 565 4582 monasterio
601 4510 759 4601 praefato
796 4516 868 4580 tres
904 4508 1037 4599 lapides
1065 4509 1139 4599 sepi
1167 4510 1255 4599 puri,
1282 4515 1318 4580 et
1344 4509 1458 4581 media
1484 4529 1600 4581 marca
1627 4532 1750 4582 census

201 4631 312 4701 annui.

303 4750 541 4826 Piscatores.
569 4752 805 4823 Lesztbko
833 4750 978 4842 Niger
1004 4749 1254 4841 Oracoviensis,
1281 4751 1571 4824 Sandomiriensis
1594 4758 1630 4823 et
1647 4750 1750 4843 Syra-

200 4872 326 4945 diensis
348 4861 433 4961 dux,
461 4880 497 4943 et
519 4874 623 4964 regni
650 4872 815 4944 Polouiae
842 4873 1039 4960 monarcha,
1067 4874 1248 4945 caritatem
1270 4873 1461 4945 munificam
1492 4880 1653 4963 satagens
1680 4872 1749 4945 fra-

200 4995 309 5067 tribus
336 4994 646 5086 praedicatoribus,
674 4994 770 5066 dedit
797 5002 833 5065 et
859 4994 1037 5084 inscripsit
1065 5002 1234 5084 perpetuo
1261 5016 1324 5085 pro
1351 4994 1519 5097 iratribus
1547 4994 1748 5065 monasterii
1826 5023 1828 5028 ·

181 5106 312 5187 'Sancti
338 5116 481 5206 Jacobi,
509 5122 544 5187 et
571 5122 823 5207 cousequenter
837 5122 913 5207 ‘pro
940 5115 1109 5187 tratribus
1137 5118 1240 5187 etiarn
1268 5116 1414 5188 Sanctae
1434 5116 1575 5198 ¹Mariae
1603 5114 1748 5205 Magda*

200 5236 303 5328 lenae,
331 5240 389 5329 qui
417 5238 581 5310 videntur
607 5260 712 5310 unum
740 5238 988 5314 monasterium
1024 5242 1060 5308 et
1086 5259 1191 5308 unum
1220 5260 1344 5329 corpus
1372 5258 1458 5327 csse,
1486 5237 1683 5309 libertatem
1712 5238 1746 5308 in

111 5363 113 5366 ’
200 5356 333 5430 flumine
360 5360 494 5453 Visla
530 5360 598 5430 duo
634 5360 798 5430 milliaria
833 5380 989 5447 sursum,
1018 5365 1054 5429 et
1082 5358 1150 5431 duo
1187 5360 1350 5429 milliaria
1376 5358 1467 5429 infra
1494 5356 1690 5449 Vislam,
1726 5380 1747 5429 a

201 5479 336 5552 civitate
364 5481 636 5559 Sandomiriensi
672 5481 885 5572 inchoando,
920 5480 1076 5571 piscandi
1104 5480 1325 5571 quoscunque
1352 5480 1482 5571 pisceS,
1520 5478 1562 5551 de
1590 5502 1657 5571 quo
1685 5480 1746 5551 bass

162 5700 166 5706 Ι
201 5598 299 5672 betur
325 5603 544 5695 privilegium
580 5602 733 5675 eiusdem
771 5602 1028 5675 Lestkonis
1065 5600 1185 5673 efficax
1213 5608 1249 5673 at
1276 5602 1416 5687 clarum.
1461 5601 1603 5673 Fratres
1631 5607 1746 5673 tamen

298 5895 346 5935 arn.
354 5895 452 5935 aenne.
461 5896 503 5937 111.
1541 5874 1580 5924 58
