4492 6592
1717 773 1765 846 tc

214 975 375 1065 pertinet.
410 975 451 1046 In
478 997 546 1066 qua
573 981 656 1048 sunt
681 976 773 1048 lanei
800 977 1053 1067 cmethonales,
1081 985 1117 1049 et
1145 979 1188 1050 de
1201 969 1374 1050 'omnibus
1402 979 1549 1052 solvitur
1574 987 1612 1052 et
1637 981 1765 1053 condu-

211 1096 299 1168 citur
326 1095 464 1191 decima
489 1097 713 1188 manipularis
740 1103 777 1170 et
803 1099 978 1189 canapalis
1005 1121 1068 1191 pro
1096 1080 1307 1172 monasterio
1324 1101 1360 1172 in
1378 1101 1592 1190 Brzesko,
1611 1107 1647 1173 et
1665 1103 1763 1174 valor

160 1239 165 1248 ·
213 1217 285 1287 eius
313 1218 520 1292 aestimatur
546 1219 590 1290 ad
618 1219 741 1309 viginti
769 1240 912 1291 marcus.
938 1220 1025 1291 Item
1052 1222 1208 1312 taberna,
1234 1223 1318 1303 item
1345 1222 1529 1313 hortulani,
1555 1223 1639 1294 item
1665 1245 1767 1315 prae-

210 1337 301 1409 dium
330 1335 386 1410 'est
413 1338 462 1410 ibi
488 1339 626 1411 unicum
653 1339 814 1428 militare,
841 1340 884 1411 de
911 1340 1008 1412 cuius
1035 1342 1129 1431 agris
1156 1343 1304 1414 solvitur
1330 1343 1464 1415 decima
1481 1345 1765 1434 manipularis...

313 1457 599 1550 Ponoaowrczn,
626 1460 710 1532 villa
736 1461 970 1551 parochialem
998 1463 1176 1534 ecclesiam
1204 1463 1335 1533 habens
1363 1464 1398 1534 in
1425 1487 1476 1554 se,
1503 1465 1601 1536 cuius
1628 1467 1764 1557 propri·

80 1645 88 1656 .
210 1585 284 1650 etas
310 1579 358 1650 ad
378 1635 385 1650 .
404 1635 412 1650 .
431 1635 439 1651 .
458 1580 500 1652 de
523 1581 633 1654 -arrnis
660 1579 799 1672 Story
825 1581 920 1653 Kon
948 1583 1108 1672 pertinet.
1134 1584 1175 1655 In
1203 1603 1270 1674 qua
1297 1591 1379 1656 sunt
1404 1585 1495 1655 lanei
1522 1587 1764 1676 cmctltonales,

210 1705 245 1772 et
269 1700 313 1771 de
342 1701 504 1774 omnibns
531 1702 678 1790 solvitur
705 1702 839 1774 decima
873 1703 1100 1794 manipularis
1126 1709 1164 1775 et
1188 1704 1366 1795 canapalis
1400 1725 1463 1796 pro
1491 1708 1703 1778 monasterio
1729 1708 1765 1776 in

210 1821 429 1912 Brzesko,
457 1828 493 1893 et
520 1823 618 1896 valor
645 1823 720 1895 eius
752 1824 959 1896 aestimatur
986 1823 1030 1896 ad
1049 1879 1056 1894 .
1076 1879 1083 1894 .
1102 1877 1137 1894 ..
1163 1825 1251 1897 Item
1273 1825 1442 1915 taberna,
1470 1827 1554 1898 item
1580 1827 1766 1917 hortulani,

209 1943 290 2014 itcrn
319 1943 513 2034 praedium.
939 1937 948 1956 ⁶

310 2063 514 2156 Srrrnnar,
541 2063 625 2138 villa
660 2065 724 2137 sub
761 2065 927 2157 parochia
953 2065 997 2138 de
1024 2063 1235 2158 Antiqua
1260 2049 1529 2140 Brzeschko
1556 2068 1641 2159 sita,
1667 2069 1767 2142 cuius

209 2185 412 2275 proprietas
448 2191 485 2258 et
520 2185 709 2258 dominium
745 2187 790 2260 ad
824 2182 1071 2260 monasterium
1108 2187 1429 2260 sanctimonialium
1465 2188 1509 2260 de
1535 2189 1767 2280 Zwyerzy·

80 2297 81 2306 ’
209 2325 350 2396 nyecz
380 2306 542 2397 pertinet
565 2305 608 2378 ln
636 2327 705 2398 qua
731 2312 812 2380 sunt
838 2307 930 2385 lanei
956 2309 1212 2399 cmctlronales‚
1238 2285 1275 2380 et
1301 2309 1345 2381 de
1371 2310 1531 2382 omnibus
1558 2310 1704 2382 solvitur
1731 2315 1768 2382 et
1852 2298 1856 2303 ’
1932 2382 1937 2395 ,

80 2457 81 2520 j
209 2425 418 2500 conducitur
444 2427 578 2500 decima
596 2427 832 2519 manipularis
860 2434 897 2500 et
910 2430 1099 2520 casopolis
1116 2415 1191 2520 'pro
1217 2431 1429 2502 monasterio
1456 2431 1492 2502 in
1519 2430 1766 2530 Brzeszlro.

207 2546 293 2618 ltem
320 2548 481 2640 taberna,
508 2548 593 2620 item
611 2548 805 2641 ,hortulani
832 2550 915 2622 itam
942 2551 1123 2641 praedium
1150 2558 1205 2622 est
1230 2551 1440 2623 manubiale.

308 2669 469 2760 Ruono,
504 2670 588 2742 villa
623 2671 688 2743 sub
723 2673 888 2762 parochia
923 2672 1088 2744 ecclesiae
1123 2671 1168 2744 de
1198 2671 1530 2745 Poborowicze
1555 2673 1641 2764 sita,
1668 2675 1765 2746 cuins

208 2791 381 2862 haeredes
408 2783 602 2878 stanislaus
628 2798 666 2864 et
691 2792 870 2865 lohannes
896 2794 940 2865 de
967 2793 1157 2865 Wronin
1184 2793 1318 2866 nobiles
1344 2795 1389 2865 de
1413 2795 1521 2884 armis
1539 2849 1547 2864 .
1566 2849 1600 2864 ..

309 2912 476 3004 Sesars,
503 2913 587 2984 villa
613 2915 677 2986 sub
703 2915 870 3005 parochia
897 2914 1178 2987 Scarbirniriensi-
1201 2915 1278 3006 sita,
1304 2915 1402 2988 cuius
1428 2916 1625 3006 proprietas
1651 2921 1688 2988 et
1705 2917 1766 2987 do·

80 3039 81 3068 ³
206 3034 350 3106 minium
381 3034 427 3106 ad
453 3035 702 3108 monasterium
730 3035 1052 3108 Sanctimouialium
1079 3037 1115 3106 in
1143 3035 1512 3129 Zwyerzynyessz
1537 3037 1698 3128 liminii·
1725 3037 1765 3106 ¹¹¹
1841 3137 1844 3142 ,
1916 3097 1921 3106 ·

208 3175 277 3245 qua,
298 3161 387 3227 sunt
413 3155 572 3228 undecim
598 3156 690 3228 lanei
718 3157 972 3246 cmcthonales,
999 3158 1082 3229 itcm
1109 3179 1180 3228 una
1205 3157 1351 3229 taberna
1376 3158 1509 3229 habens
1535 3177 1655 3248 agros,
1682 3159 1766 3228 item

208 3277 451 3366 hortulaniae3
487 3277 530 3348 de
567 3278 691 3369 quibus
727 3278 896 3366 omnibus,
914 3279 1062 3350 solvitur
1088 3284 1126 3349 et
1150 3278 1516 3351 conducitur‘decima
1542 3278 1767 3369 manipularis

208 3403 241 3468 et
265 3398 449 3488 canapalis
484 3419 548 3489 pro
575 3399 789 3471 monasterio
816 3400 852 3470 in
879 3395 1170 3489 Brzeschlro,
1196 3406 1234 3471 et
1262 3400 1360 3471 valor
1385 3400 1460 3471 eius
1487 3399 1694 3470 aestimatur
1722 3399 1766 3470 ad

210 3519 331 3610 viginti
361 3539 506 3592 marcas.
534 3520 622 3610 item
650 3525 704 3591 cst
730 3520 778 3592 ibi
806 3521 986 3610 praedium
1005 3521 1205 3592 coenobiale
1224 3520 1268 3591 de
1284 3520 1314 3590 Z
1322 3540 1656 3612 wyerzynyecz,
1675 3520 1766 3610 quod

209 3641 413 3716 nonssolvit
439 3639 544 3712 alicui
568 3639 737 3712 decimam
764 3628 1023 3732 manipularem,
1052 3641 1112 3712 sed
1134 3661 1211 3714 eam
1230 3642 1478 3713 monasterium
1496 3641 1768 3732 Zwyerzynense

81 3763 86 3856 J
210 3779 269 3850 pro
296 3782 337 3833 se
365 3761 470 3832 tollit

781 4279 1200 4367 SANDEOZENSE

342 4513 650 4592 monasterium
694 4511 855 4593 ordinis
897 4515 1328 4618 praemonstratensis
1360 4454 1401 4592 in
1434 4513 1624 4593 dioecesl

843 4649 1136 4734 cracoviensi.

322 4870 606 4943 Vladislaus
647 4872 820 4945 secundus
854 4861 994 4945 natione
1029 4873 1242 4963 Lithamas,
1278 4873 1443 4946 Poloniae
1479 4895 1559 4965 rex,
1586 4893 1663 4944 cum
1689 4854 1769 4963 post

93 4981 102 4988 ’
212 4991 396 5064 derelictos
422 4993 629 5083 gentilitatis
656 4993 816 5084 caliginis
843 5015 991 5084 errores,
1017 4996 1134 5066 lumen
1161 5015 1281 5067 sacrae
1298 4995 1380 5067 fidei
1399 5001 1435 5066 ct
1453 4995 1630 5085 religionis
1649 4993 1768 5064 ortho-

213 5113 321 5184 doxae
348 5115 385 5183 in
413 5119 554 5204 pectore
589 5115 665 5186 eius
699 5113 912 5204 refulsisset,
938 5115 1056 5207 plures
1088 5117 1123 5188 in
1151 5117 1248 5189 curia
1269 5137 1340 5188 sua
1366 5115 1476 5206 regali
1503 5115 1646 5187 tenebat
1672 5114 1767 5184 viros

212 5233 341 5324 doctos,
369 5233 534 5324 eruditos,
561 5235 743 5326 religiosos
770 5241 807 5308 et
833 5238 1058 5328 exemplares,
1086 5237 1145 5340 qui
1171 5237 1431 5327 praedicatione
1458 5257 1520 5308 sua
1547 5241 1582 5307 et
1600 5235 1767 5323 doctrina,

213 5360 280 5425 tam
302 5355 425 5454 ‚ipsum
452 5377 579 5446 regem,
608 5379 709 5447 qoam
737 5357 865 5430 milites
892 5379 973 5430 snos
1000 5366 1036 5431 et
1063 5380 1198 5430 omnem
1235 5359 1365 5429 curiam
1392 5379 1490 5429 suam
1518 5357 1626 5427 sacris
1653 5357 1765 5428 imbu-

215 5475 316 5548 ebant
343 5477 482 5548 assidse
510 5479 811 5568 praeceptionibus
839 5486 875 5550 et
902 5480 1050 5550 monitis.
1092 5479 1323 5550 Accesserant
1349 5480 1491 5568 insuper
1518 5499 1635 5568 regem
1663 5499 1763 5568 prae·
1882 5521 1890 5538 ·

214 5595 327 5686 fatum,
355 5597 492 5669 fervore
519 5598 713 5670 devotionis
741 5601 776 5670 in
804 5600 914 5670 Deum
941 5607 978 5670 et
1003 5600 1206 5689 religionem
1233 5620 1331 5671 suam
1357 5598 1555 5688 fulgentem,
1584 5599 1701 5688 plures
1720 5619 1764 5669 en

215 5715 380 5789 Bohemia
407 5723 444 5790 et
469 5717 640 5809 Pragensi
667 5717 783 5794 studio
817 5721 970 5812 insignes
997 5721 1159 5794 doctores
1186 5725 1222 5791 et
1246 5719 1334 5811 viri,
1361 5725 1396 5791 et
1422 5741 1510 5811 pene
1537 5721 1646 5792 totius
1672 5719 1767 5791 illius
