4492 6592
451 723 472 800 a

450 936 534 1010 item
561 953 698 1026 emens,
725 936 807 1006 item
834 930 952 1026 labor,
979 931 1063 1006 item
1083 925 1284 1030 pomulam
1318 929 1404 1006 item
1430 953 1588 1030 osazpep,
1613 930 1699 1008 item
1724 932 1891 1027 taberna,
1917 933 2001 1008 item

450 1058 635 1147 hortulani,
662 1057 746 1128 item
771 1055 1014 1144 molendinum,
1042 1057 1126 1126 item
1152 1056 1343 1145 praedium.
1370 1055 1457 1126 Item
1484 1076 1604 1128 omnes
1630 1057 1708 1147 agri
1733 1058 1837 1130 villae
1864 1057 2002 1130 solvunt

450 1185 486 1252 ct
512 1178 709 1275 conducunt
744 1176 910 1248 decimam
946 1176 1197 1266 manipularem
1223 1183 1260 1248 et
1285 1177 1495 1267 canapalem.
1534 1177 1675 1249 Donata
1700 1180 1913 1250 monasterio
1939 1198 2002 1268 per
2089 1209 2096 1224 ·

450 1300 732 1389 Stephanum
763 1298 941 1385 comitem,
982 1297 1134 1368 alienata
1159 1319 1182 1366 a
1206 1297 1428 1388 monasterio,
1454 1298 1525 1370 sita
1554 1299 1591 1369 in
1617 1299 1769 1370 dinecesi
1796 1298 2002 1389 Gnaanenai,

451 1441 539 1512 quae
556 1418 624 1494 fuit
645 1423 760 1490 antem
786 1417 870 1490 villa
897 1418 988 1508 olim,
1016 1417 1077 1489 sed
1104 1438 1196 1489 nunc
1223 1423 1277 1490 est
1303 1418 1476 1509 oppidum,
1502 1420 1539 1490 in
1562 1419 1695 1491 ditione
1712 1426 1749 1491 et
1765 1427 1888 1492 tenuta
1912 1421 2003 1492 mili·

449 1543 538 1632 tari,
565 1546 601 1612 et
628 1541 798 1612 asseritur
833 1539 925 1629 quod
961 1544 1082 1610 teneat
1107 1539 1194 1610 illud
1229 1537 1423 1610 Stanislaus
1454 1540 1498 1611 de
1533 1540 1683 1612 Lubin
1723 1541 1899 1630 palatinus
1935 1541 2002 1612 Po

298 1703 304 1712 ·
451 1663 564 1736 duliae
590 1661 634 1734 de
669 1661 771 1733 domn
797 1659 1030 1750 Powalya,
1066 1661 1165 1732 iuxta
1190 1659 1332 1732 fluvium
1358 1659 1566 1732 Proerna
1592 1662 1706 1733 situm.

398 1871 402 1882 Ι
553 1782 776 1872 Jnuszrczn,
803 1780 885 1852 villa
912 1782 976 1852 sub
1003 1780 1169 1871 parochia
1194 1779 1238 1852 de
1263 1780 1497 1871 Myechow
1523 1784 1601 1873 sita,
1628 1783 1725 1854 cuius
1742 1783 1941 1873 proprietas
1958 1782 2002 1854 ad

449 1905 701 1978 monasterium
725 1901 994 1992 Myenhoviense
1020 1901 1183 1992 pertinet
1226 1901 1267 1972 In
1295 1908 1471 1992 quaeunt
1505 1902 1687 1976 duodecim
1721 1904 1814 1974 lanei
1849 1903 2003 1976 cmetbo-

450 2026 557 2116 nales,
585 2031 621 2096 et
647 2023 792 2116 quilibet
819 2022 924 2096 solvit
957 2043 1021 2112 pro
1049 2041 1155 2094 oenen
1180 2043 1285 2093 unam
1311 2042 1482 2112 maroam3
1518 2026 1600 2095 item
1627 2045 1694 2096 ova
1719 2025 1886 2116 triginta,
1919 2025 2037 2096 item·

451 2146 563 2236 gallos
590 2151 755 2236 quatuor,
790 2145 873 2216 item
910 2163 1043 2240 caseon,
1069 2142 1175 2233 duos,
1209 2143 1294 2214 item
1329 2143 1468 2214 laborat
1503 2144 1651 2234 quilibet
1685 2145 1729 2218 de
1755 2145 1858 2217 laneo
1894 2166 2002 2218 unum

453 2267 544 2339 diem
570 2267 607 2338 in
634 2266 836 2356 septimana,
862 2264 1005 2354 proprio
1032 2283 1138 2334 curru
1155 2270 1217 2334 aut
1234 2268 1364 2352 aratro;
1390 2264 1473 2334 item
1493 2263 1679 2357 pownbom
1703 2273 1888 2356 utramque
1905 2265 2002 2338 labo

452 2395 542 2480 rant,
569 2389 651 2460 item
677 2407 814 2481 omzycp
841 2385 998 2475 solvunt3
1024 2386 1109 2458 item
1135 2385 1284 2456 taberna
1309 2406 1379 2456 una
1405 2385 1537 2456 babens
1563 2405 1677 2476 agros,
1704 2392 1741 2457 et
1765 2387 1872 2458 solvit
1898 2408 2003 2458 unam
2092 2372 2094 2375 ⁵

452 2527 677 2599 comagenam,
711 2508 795 2578 item
821 2507 1042 2578 hortulaniae
1076 2506 1166 2578 duae
1192 2511 1275 2576 sunt
1301 2506 1468 2578 habentes
1494 2527 1611 2596 agros.
1655 2507 1744 2578 Item
1770 2508 2004 2580 molendinum

452 2635 508 2702 est
533 2630 583 2700 ibi
600 2634 636 2700 et
654 2628 758 2700 solvit
782 2647 847 2716 pro
874 2647 980 2699 censu
1007 2632 1157 2718 quatuor
1166 2617 1318 2698 'marcas
1344 2626 1433 2698 Item
1459 2628 1641 2716 praedium
1668 2633 1723 2699 est
1748 2629 1798 2700 ibi
1825 2629 2005 2718 optimum,

453 2751 496 2824 de
523 2751 620 2824 cuius
646 2750 740 2840 agris
768 2749 832 2820 soli
858 2747 987 2820 tollunt
1014 2747 1191 2854 decimam.
1217 2747 1306 2818 Item
1333 2769 1453 2820 omnes
1479 2750 1554 2839 agri
1581 2749 1686 2820 villae
1711 2750 1852 2822 solvunt
1868 2757 1906 2820 et
1923 2770 2005 2820 con·

453 2873 585 2944 ducunt
618 2871 785 2944 decimam
821 2868 1070 2959 manipularem
1105 2874 1143 2939 et
1168 2869 1367 2971 canapalem
1402 2890 1468 2959 pro
1494 2871 1706 2942 monasterio
1733 2870 2005 2962 Myecboviensi,

454 2999 491 3064 et
509 2992 608 3066 valor
635 2993 709 3064 eius
736 2990 941 3062 aestimatur
959 2989 1003 3060 ad
1022 2989 1217 3079 quindecim
1235 3009 1380 3060 marcas.
1407 2988 1567 3062 Continet
1592 3011 1669 3062 cnm
1695 2991 2004 3080 Rzeszuszno,

455 3112 645 3202 Grampa
671 3118 707 3183 et
732 3111 906 3182 Minori
933 3107 1172 3202 Ozyaplye.
1198 3110 1336 3182 Donata
1362 3112 1574 3183 monasterio
1600 3131 1665 3202 per
1691 3112 1873 3184 Nicolaum
1899 3114 2005 3184 comi-

455 3240 526 3304 tem
553 3232 753 3324 palatinum.

558 3353 785 3443 fflnrnuczn,
812 3351 895 3424 villa
921 3351 985 3422 snb
1012 3351 1177 3441 parochia
1204 3351 1248 3423 de
1266 3405 1381 3422 .....
1408 3352 1485 3442 sita
1512 3353 1609 3425 ouius
1636 3354 1833 3444 proprietas
1860 3353 1905 3424 ad
1931 3375 2005 3424 mo

456 3475 645 3546 casterium
672 3473 940 3565 Myechoviense
967 3474 1128 3562 pertinet.
1154 3473 1195 3544 ln
1222 3494 1291 3563 qua
1317 3481 1400 3546 sunt
1425 3473 1518 3544 lanei
1544 3475 1778 3546 emetbonales
1804 3481 1840 3546 et
1859 3475 2006 3564 quilibet

456 3595 561 3667 solvit
579 3649 693 3684 .....
720 3595 803 3666 item
831 3615 905 3683 ove,
932 3595 1014 3666 item
1042 3593 1163 3684 gallos,
1190 3595 1272 3664 item
1299 3614 1428 3682 caseos,
1454 3594 1537 3664 item
1565 3595 1678 3685 labor,
1704 3596 1788 3666 item
1808 3593 2004 3689 pernotata,

456 3719 540 3788 item
558 3737 706 3810 osazyep,
733 3695 814 3786 item
834 3697 1000 3805 taberna,
1027 3716 1110 3786 item
1130 3714 1320 3803 hortulani,
1346 3716 1427 3784 item
1447 3715 1645 3806 praedium,
1663 3717 1747 3786 item
1765 3716 2007 3788 molendinum

455 3838 544 3908 Item
572 3857 689 3908 omnes
717 3837 793 3926 agri
825 3835 928 3909 villae
955 3835 1094 3908 solvunt
1125 3842 1162 3906 et
1188 3836 1385 3907 conducunt
1411 3836 1579 3906 decimam
1605 3837 1856 3927 manipularem
1883 3844 1921 3908 et
1947 3857 2004 3908 aa·

456 3959 652 4049 copulem...
688 3957 827 4030 Donata
853 3958 1062 4029 monasterio
1089 3978 1153 4048 per
1180 3957 1359 4028 Nicolaum
1388 3958 1546 4028 comitem
1578 3957 1781 4048 palatinum,
1806 3959 2006 4030 abenama

456 4080 676 4152 monasterio.

558 4201 883 4289 Laurunowucze,
909 4199 993 4271 villa
1018 4199 1149 4271 habens
1175 4200 1212 4269 in
1229 4220 1267 4270 ae
1294 4199 1527 4288 parochialem
1554 4199 1733 4272 ecclesiam
1759 4201 1919 4290 ligneam,
1946 4221 2004 4271 cu-

456 4323 510 4396 ius
536 4323 731 4412 proprietas
758 4322 793 4391 in
819 4319 1030 4392 fundationis
1066 4319 1256 4409 primordio
1290 4325 1431 4410 poterat
1456 4321 1502 4393 ad
1529 4322 1776 4393 monasterium
1802 4320 2004 4413 Myeobovi·

458 4464 539 4514 ense
557 4443 742 4533 pertinere;
769 4441 830 4512 sed
849 4440 932 4512 villa
949 4438 1107 4530 praefata
1124 4461 1147 4511 a
1162 4441 1376 4512 monasterio
1395 4440 1656 4532 MyeehovIensi
1673 4442 1803 4514 dudum
1826 4443 2003 4514 abstracta

458 4572 513 4636 est
539 4570 575 4634 et
602 4563 760 4652 alienata,
787 4562 841 4635 vel
868 4561 959 4634 forte
982 4563 1078 4634 iusta
1104 4563 1359 4652 permutatione
1386 4564 1545 4635 cambita.
1572 4563 1662 4635 Erat
1679 4569 1795 4636 autem
1812 4565 1913 4636 annis
1931 4563 2006 4654 plu-

427 4685 557 4780 rimis
582 4683 618 4756 in
645 4690 739 4756 sorte
766 4689 803 4756 et
828 4683 1042 4773 proprietate
1069 4685 1183 4773 regia,
1219 4684 1281 4756 sed
1317 4683 1370 4754 Vl
1385 4684 1599 4757 adislaus
1634 4684 1812 4758 Secundus
1839 4683 2005 4756 PolonIae

457 4827 520 4878 rex
554 4825 631 4878 earn
657 4801 809 4876 Johanni
835 4804 878 4875 de
906 4803 1139 4877 Thanczin
1175 4805 1231 4876 vel
1257 4805 1415 4895 donauit,
1452 4806 1506 4877 vel
1533 4806 1711 4896 obligavit
1754 4806 1795 4876 ln
1827 4826 1898 4895 qna
1924 4812 2006 4877 sunt

457 4927 604 5018 triginta
629 4925 722 4996 lanei
748 4925 979 5028 emethonales
1005 4931 1042 4996 et
1068 4925 1348 5015 solvitquilibet
1364 4979 1559 4996 ........
1585 4926 1674 4998 Item
1693 4926 1817 5016 viginti
1840 4926 2007 4996 tabernae

458 5049 628 5122 habentes
654 5067 768 5138 agros,
794 5053 831 5118 et
857 5046 1032 5137 quaelibet
1058 5046 1164 5118 solvit
1180 5099 1295 5116 .....
1330 5046 1418 5118 Item
1445 5047 1489 5118 de
1515 5048 1611 5137 agris
1637 5045 1914 5120 emethonalibns
1939 5046 2007 5118 sol-

459 5171 553 5244 vitur
580 5169 713 5242 decima
739 5167 964 5259 manipularis
991 5174 1027 5238 et
1053 5169 1229 5257 canapalis
1255 5168 1474 5257 praebendae
1492 5167 1724 5258 cracoviensi,
1750 5189 1839 5258 quae
1855 5167 2008 5258 appella·

459 5301 519 5364 tur
536 5291 809 5380 Lanthkowskn‚
836 5297 872 5361 et
898 5289 996 5362 valor
1022 5289 1098 5360 eius
1124 5289 1328 5360 aestimatur
1354 5289 1398 5360 ad
1426 5291 1627 5380 octuaginta
1660 5311 1806 5362 marcas.
1849 5289 1938 5360 Item
1964 5289 2008 5360 de

460 5414 555 5502 agris
580 5415 802 5486 tabernarum
822 5411 970 5484 solvitur
987 5411 1119 5482 decima
1137 5410 1361 5501 manipularis
1379 5411 1545 5482 eeclesiae
1571 5413 1608 5482 in
1635 5410 2013 5484 Lantbkowicze:

460 5531 599 5604 Donata
633 5534 843 5605 monasterio
878 5553 941 5623 per
975 5553 1119 5604 uxorem
1159 5516 1469 5641 Gnyewomiri
1486 5538 1544 5602 ··et
1578 5532 1685 5606 filium
1716 5533 1800 5604 eiua.
1844 5532 2007 5603 Alienata
