4492 6592
365 799 412 820 „
512 727 586 798 am

512 933 716 1011 aestimatur
743 929 786 1001 ad
815 949 874 1000 sex
901 948 1047 1017 marcas,
1074 927 1261 1018 aliqnando
1288 925 1333 996 ad
1359 925 1539 996 duodecim
1558 945 1701 996 marcas.
1728 925 1816 996 Item
1833 925 1995 995 taberna
2014 945 2075 994 una

511 1041 642 1143 babens
670 1071 782 1140 agros.
810 1050 896 1120 Item
924 1049 1145 1120 hortulaniae
1173 1053 1323 1138 quatuor
1348 1047 1518 1117 babentes
1545 1066 1659 1134 agros,
1685 1046 1730 1116 de
1758 1047 1886 1135 quibus
1918 1043 2074 1116 omnibus

510 1170 658 1242 solvitur
693 1169 826 1240 decima
861 1169 1085 1258 manipularis
1121 1189 1186 1258 pro
1212 1167 1425 1238 monasterio
1453 1166 1572 1237 Sancti
1600 1166 1762 1236 Andreae
1788 1161 2073 1260 inportatam

509 1291 597 1361 Item
624 1289 859 1362 molendinum
886 1310 954 1360 non
983 1296 1047 1360 est.
1075 1289 1164 1360 Item
1191 1287 1335 1388 praedia
1360 1287 1430 1358 duo
1457 1287 1633 1374 militaria,
1660 1296 1696 1357 et
1723 1287 1912 1377 quodlibet
1941 1285 2075 1355 nonnbi

310 1434 319 1444 ·
395 1488 398 1494 ,
511 1433 615 1482 uuum
643 1411 779 1482 laneum
807 1412 980 1499 continet,
1009 1411 1051 1480 de
1089 1411 1215 1499 quibus
1242 1409 1390 1479 solvitur
1416 1408 1551 1478 decima
1576 1409 1802 1498 manipularis
1829 1427 1901 1496 pro
1932 1404 2075 1475 ecclesia

512 1533 547 1601 in
576 1529 898 1621 Zarnowyecz.

615 1649 818 1738 Honorum,
846 1651 929 1721 villa
964 1651 1029 1721 sub
1057 1649 1223 1738 parocbia
1249 1647 1417 1718 ecclesiae
1442 1647 1486 1718 de
1512 1647 1821 1737 zarnowyecz
1850 1648 1952 1734 sita,
1980 1645 2071 1714 cuius

396 1755 400 1760 ¹
513 1772 709 1862 proprietas
745 1770 789 1840 ad
816 1771 1073 1840 serenissimum
1101 1768 1267 1839 Poloniae
1293 1789 1411 1857 regem
1438 1769 1599 1857 pertinet
1636 1768 1676 1838 ln
1705 1789 1773 1856 qua
1800 1773 1886 1838 snnt
1916 1765 2073 1834 undecim

511 1892 603 1962 lanei
631 1890 882 1978 cmethonales‚
911 1889 953 1960 de
990 1889 1114 1978 quibus
1150 1890 1310 1959 omnibus
1336 1889 1485 1958 solvitur
1511 1889 1644 1959 decima
1671 1887 1924 1977 manipularis,
1954 1892 1993 1955 et
2019 1905 2074 1973 per

513 2017 662 2101 quatuor
697 2011 836 2100 ierngas
872 2009 1065 2098 canapalis,
1093 2011 1304 2080 monasterio
1341 2009 1651 2079 sanctimonialium
1679 2007 1797 2078 Sancti
1825 2006 2017 2091 Andreae,
2041 2011 2072 2074 et

512 2132 664 2222 propriis
692 2131 850 2202 curribus
873 2130 1018 2200 ducitur
1043 2131 1078 2200 in
1105 2129 1269 2200 borreum
1296 2151 1318 2199 a
1343 2130 1664 2201 sanctimonialibus
1691 2129 1888 2212 locandum,
1918 2133 1959 2196 et
1979 2125 2069 2196 valor

516 2253 590 2322 eius
626 2253 830 2322 aestimatur
865 2251 909 2320 ad
944 2251 1062 2320 decem
1098 2270 1241 2321 marcas.
1280 2251 1370 2321 Item
1396 2253 1543 2321 taberna
1569 2271 1639 2320 nna
1665 2251 1798 2320 babens
1826 2269 1948 2338 agros.
1991 2247 2071 2316 Item

450 2423 456 2430 -
514 2371 735 2445 hortulaniae
761 2391 829 2441 uon
857 2378 948 2459 sunt,
976 2371 1058 2440 item
1086 2371 1320 2441 molendinum
1343 2377 1493 2441 nonest
1519 2371 1609 2441 ltem
1627 2370 1807 2460 praedium
1824 2375 1883 2439 est
1903 2368 1957 2438 ibi
1972 2385 2070 2436 unum

513 2492 667 2581 regium;
693 2490 737 2560 de
763 2490 907 2579 praedio
934 2491 1031 2580 regio
1067 2495 1104 2560 et
1138 2491 1287 2561 taberna
1322 2491 1470 2562 solvitur
1494 2492 1627 2562 decima
1654 2489 1883 2590 manipularis
1913 2507 1982 2577 pro
2006 2507 2072 2557 mo

514 2610 677 2682 mosterio.
694 2610 1009 2684 sanctimonialium
1035 2611 1071 2680 in
1097 2608 1314 2706 pontianam

619 2729 889 2820 Minrsszrczn,
918 2730 999 2801 villa
1026 2731 1090 2802 sub
1109 2729 1276 2819 parocbia
1294 2731 1461 2803 ecclesiae
1479 2732 1523 2802 de
1542 2730 1850 2819 Zarnowyecz
1875 2730 1964 2816 sita,
1982 2729 2070 2798 caius

460 2929 465 2932 ,
516 2851 639 2922 haeres
666 2851 908 2922 serenissimus
934 2849 1099 2922 Poloniae
1126 2871 1198 2922 rex.
1225 2852 1266 2920 ln
1293 2873 1362 2940 qua
1388 2858 1469 2922 suut
1495 2852 1613 2922 decem
1639 2851 1732 2921 lanei
1758 2849 2011 2935 cmetbonnles,
2031 2847 2068 2917 de

516 2971 640 3061 quibus
668 2972 826 3042 omnibus
854 2971 1000 3043 solvitur
1036 2971 1169 3042 decima
1194 2972 1438 3061 manipularis,
1465 2981 1502 3042 et
1528 2991 1591 3061 per
1618 2977 1769 3061 quatuor
1795 2971 1944 3061 ierngaa
1970 2986 2063 3039 cana

515 3091 604 3181 palis
630 3093 841 3162 monasterio
869 3089 986 3162 Sancti
1013 3091 1186 3179 Andreae,
1213 3097 1249 3162 et
1275 3093 1413 3162 ducitur
1439 3093 1475 3161 in
1502 3093 1704 3163 monasterii
1719 3079 1901 3178 borreum,
1921 3096 1961 3160 et
1977 3087 2066 3159 valor

517 3211 591 3284 eius
626 3212 831 3282 aestimatur
866 3211 910 3284 ad
941 3212 1091 3301 quinque
1127 3231 1271 3282 marcas.
1305 3211 1394 3282 Item
1420 3213 1567 3282 taberna
1593 3233 1663 3286 una
1688 3212 1820 3282 babens
1847 3231 1967 3300 agros,
1991 3209 2064 3278 itan

516 3330 735 3403 hortulaniae
762 3331 849 3402 duae
877 3323 1044 3402 babentes
1072 3351 1186 3421 apros,
1211 3333 1296 3404 item
1323 3331 1556 3403 molendinum
1583 3341 1638 3402 est
1665 3351 1771 3402 uuum
1798 3333 1937 3402 babens
1955 3345 2066 3418 agrem

519 3451 561 3522 de
589 3451 747 3522 omnibus
775 3451 922 3522 solvitur
949 3451 1081 3522 decima
1113 3453 1339 3541 manipularis
1366 3473 1430 3540 pro
1458 3453 1670 3523 monasterio
1699 3450 1819 3522 Sancti
1845 3450 2012 3520 Andreae
2032 3447 2081 3515 in'
2128 3471 2133 3482 ·

515 3567 738 3666 pontianam,
766 3579 907 3661 praeter
942 3571 1075 3661 aliquos
1112 3593 1240 3662 paucos
1276 3593 1381 3662 agros
1407 3574 1591 3660 tabernae,
1618 3572 1814 3661 dequibus
1841 3567 2062 3642 ecclesiaein

518 3691 546 3764 Z
555 3711 834 3783 arnowyecz.
861 3692 950 3764 Item
978 3692 1157 3782 praedium
1184 3694 1321 3766 unicum
1348 3694 1492 3782 regium,
1520 3693 1563 3764 de
1588 3694 1686 3764 mins
1712 3694 1809 3783 agris
1835 3692 1986 3764 solvitur
2011 3687 2061 3759 de·

519 3813 608 3883 eima
634 3812 858 3903 manipularis
886 3812 1051 3884 ecclesiae
1077 3813 1113 3883 in
1141 3812 1460 3904 Zarnowyecz.
1918 3838 1923 3844 ·

622 3932 938 4022 Ynzuoaowrozr,
965 3935 1048 4004 villa
1076 3935 1140 4006 sub
1168 3936 1333 4024 parocbia
1359 3935 1403 4006 de
1428 3935 1735 4025 Zarnowyecz
1762 3935 1839 4022 sita,
1867 3935 1965 4004 caius
1990 3949 2058 4020 pro

519 4056 649 4144 prietes
677 4054 722 4124 ad
748 4055 1005 4126 serenissimum
1033 4053 1199 4126 Poloniae
1225 4075 1342 4145 regem
1369 4057 1531 4144 pertinet.
1557 4055 1598 4126 ln
1625 4076 1695 4145 qua
1721 4062 1804 4126 sunt
1830 4073 1956 4125 novem
1981 4049 2059 4120 lanei

519 4174 762 4263 cmethonales,
791 4176 874 4244 item
902 4195 971 4246 una
997 4176 1145 4252 taberna
1170 4176 1301 4248 babens
1328 4197 1443 4266 agros,
1469 4177 1513 4248 de
1539 4178 1666 4267 quibus
1693 4176 1852 4247 omnibus
1870 4175 2057 4245 solvitarct

519 4295 723 4366 conducitur
751 4295 883 4368 decima
909 4296 1135 4384 manipularis
1160 4304 1198 4368 et
1224 4298 1399 4386 canamlis
1427 4319 1490 4386 pro
1517 4298 1727 4367 monasterio
1753 4295 1873 4366 Sancti
1899 4294 2057 4378 Andreae,

520 4421 556 4484 et
581 4414 679 4484 valor
706 4416 779 4485 eius
808 4417 1010 4486 aestimatur
1038 4415 1083 4486 ad
1110 4424 1244 4505 septem
1271 4435 1405 4488 marcas
1431 4417 1617 4507 aliquando
1644 4417 1689 4488 ad
1715 4415 1842 4487 decem.
1876 4416 1964 4486 Item
1987 4414 2056 4482 bor·

520 4534 673 4604 tulaniae
701 4555 770 4605 non
797 4542 887 4606 sunt.
914 4535 1002 4606 Item
1031 4537 1210 4624 praedium
1238 4545 1397 4608 nonest.
1801 4517 1805 4523 ⁴

629 4653 818 4742 Wunnow,
846 4655 929 4724 villa
956 4656 1020 4726 sub
1046 4653 1213 4746 parocbia
1238 4657 1404 4728 ecclesiae
1432 4659 1475 4728 de
1501 4657 1727 4727 Irzandze
1754 4657 1841 4746 sita,
1867 4658 1966 4728 cuius
1989 4655 2056 4724 bae

521 4775 621 4848 redes
648 4773 905 4863 lohannes,
933 4776 1182 4866 Abraham,
1209 4777 1451 4868 Nicolaus,
1477 4778 1808 4867 Wyr'zhyanta,
1834 4776 2054 4853 Jobanues

521 4897 564 4967 de
591 4897 692 4968 domo
720 4893 994 4968 Grilfonum.
1015 4898 1069 4968 ‘lu
1098 4919 1166 4988 qua
1193 4907 1275 4968 sunt
1300 4899 1392 4970 lanei
1418 4899 1670 4987 cmetlmnales,
1692 4898 1845 4969 'solvitur
1869 4906 1908 4969 et
1935 4895 2054 4968 ducitur

520 5017 806 5108 per,cmethones
834 5017 967 5092 decima
982 5019 1228 5108 manipularis,
1255 5026 1291 5090 et
1317 5040 1381 5109 per
1407 5026 1557 5110 quatuor
1583 5020 1721 5108 ierugas
1748 5021 1934 5108 canapalis,
1957 5024 1990 5087 et
2004 5031 2052 5083 ra·

520 5139 574 5212 lor
600 5140 675 5212 eius
702 5140 906 5210 aestimatur
924 5139 968 5210 ad
987 5193 994 5208 .
1014 5194 1021 5208 .
1040 5194 1047 5208 .
1066 5159 1210 5210 marcas.
1238 5139 1316 5210 Non
1343 5141 1449 5212 babet
1480 5163 1556 5211 eam
1583 5142 1830 5212 monasterinm
1859 5141 1894 5210 in
1913 5159 1974 5210 sua
1988 5153 2051 5226 pos·

522 5261 684 5332 sessione.
712 5260 798 5331 item
826 5261 982 5349 taberna,
1010 5262 1091 5332 item
1119 5261 1305 5350 hortulani,
1331 5263 1413 5332 item
1432 5262 1674 5332 molendinum.
1703 5261 1790 5331 ltem
1807 5261 1951 5350 praedia
1965 5256 2047 5348 quiu-

487 5447 495 5462 ,
522 5401 597 5470 que,
625 5381 667 5452 de
696 5382 819 5470 quibus
847 5381 1030 5454 solvuntur
1056 5381 1209 5466 decimae
1236 5382 1469 5472 manipulares
1495 5403 1559 5472 pro
1586 5381 1733 5454 ecclesia
1758 5382 1795 5451 iu
1820 5379 2049 5463 Rokitbno.

521 5500 683 5572 Alienata
717 5509 772 5572 est
807 5523 828 5572 a
853 5504 1082 5593 monasterio,
1109 5509 1146 5573 et
1171 5502 1318 5574 solvitur
1353 5525 1444 5576 nuuc
1471 5525 1535 5593 pro
1562 5502 1708 5573 ecelesia
1734 5503 1771 5572 in
1797 5478 1831 5570 Κ
1837 5501 1963 5591 ydow
1984 5500 2047 5587 poti

520 5619 640 5691 laneos
667 5621 900 5694 cmethonales
928 5622 1069 5696 decima
