4492 6592
420 873 425 881 ’
481 921 554 994 aas

329 1144 333 1154 “
476 1126 721 1200 Bodzantb
732 1145 781 1197 ae
809 1125 972 1215 episcopo
990 1131 1072 1196 tnnc
1090 1123 1314 1196 Gracoviensi
1331 1144 1395 1214 per
1412 1123 1575 1196 iniuriam
1593 1123 1747 1213 ablatas,
1765 1122 1858 1194 inter
1877 1123 2027 1213 praefata

476 1251 545 1321 duo
581 1247 793 1318 monasteria
827 1245 944 1318 Sancti
962 1228 1144 1317 'Andreae
1170 1254 1207 1317 et
1234 1245 1476 1336 Antiquae
1502 1223 1708 1332 Sandecz
1735 1246 1905 1335 partitur,
1941 1265 2044 1316 anno-

476 1369 615 1442 Domini
630 1344 765 1458 Ι130();
801 1388 947 1458 quarum
983 1367 1241 1438 restitutionem
1278 1366 1360 1437 dnm
1387 1367 1663 1441 Bodzantha
1698 1367 1880 1456 episcopus
1907 1365 2028 1437 Gracu-

476 1492 603 1564 niensis
639 1497 676 1561 et
702 1489 984 1578 interpellatione
1021 1489 1168 1560 honesta
1201 1491 1339 1578 exigere
1359 1480 1444 1590 xnon
1472 1493 1608 1578 posset,
1636 1489 1680 1558 ad
1709 1487 2026 1557 Innocentium

478 1631 602 1702 papam
631 1610 815 1681 Sextum
844 1610 966 1680 habuit
992 1630 1189 1698 recursum,
1220 1629 1427 1698 causamque
1454 1607 1636 1697 Affrae,
1672 1609 1907 1697 Antiquae
1932 1607 2029 1678 San-

478 1734 574 1804 decz
601 1739 637 1802 et
655 1731 677 1802 J
684 1731 858 1801 alendae
882 1729 1000 1801 Sancti
1020 1729 1184 1800 Andreae
1203 1730 1392 1801 abbatissis
1402 1737 1449 1831 Δοἱῥ
1467 1751 1586 1800 earum
1606 1730 1853 1817 conuentibus,
1880 1730 1917 1798 in
1934 1727 2032 1800 Urbe

478 1853 521 1924 de
540 1853 650 1943 spolio
670 1853 869 1943 committit,
888 1871 928 1922 ac
946 1838 1065 1923 coram
1077 1851 1318 1921 Bernhardo
1336 1852 1597 1941 archiepiscopo
1612 1849 1854 1940 Neopolitano,
1873 1849 2032 1920 auditore
2141 1926 2142 1929 Ἴ

480 1975 524 2046 de
543 1979 690 2064 utroque
709 1961 875 2044 coenobie
894 1993 957 2062 per
975 1973 1182 2042 sententiam
1201 1971 1437 2062 diffinitivam,
1456 1971 1563 2043 refert
1582 1973 1810 2059 sententiam3
1827 1971 2036 2060 fueruntque

481 2096 677 2168 abbatissae
705 2101 741 2164 et
760 2094 1038 2176 sanctimoniales
1057 2093 1235 2184 praefatae
1263 2095 1419 2164 censuris
1437 2094 1637 2184 apostolicis
1655 2098 1812 2183 tempore
1830 2113 1901 2163 non
1920 2111 2037 2181 paruo,

481 2215 590 2286 donec
616 2215 659 2286 de
687 2215 779 2286 omni
807 2213 1066 2303 satisfacerent,
1094 2215 1420 2286 excommunicatae.
1461 2213 1515 2285 Ne
1533 2221 1649 2286 autem
1676 2215 1896 2302 malignitate
1923 2213 2038 2302 aliqua
2074 2207 2078 2214 ’

481 2317 649 2425 bumana,
677 2336 776 2424 dolo,
803 2335 944 2407 vafricia
973 2335 1026 2406 vel
1045 2333 1182 2422 fraude,
1209 2336 1393 2426 oppidum,
1420 2335 1539 2424 villae,
1560 2336 1758 2424 caeterique
1775 2355 1901 2405 census
1927 2333 2038 2404 eidem

480 2456 692 2552 monasterio
720 2451 948 2528 Sandeczensi
976 2456 1148 2526 indolem
1175 2463 1259 2527 tnnc
1285 2434 1433 2526 collatae
1458 2457 1571 2545 'possit
1597 2457 1643 2526 ab
1664 2456 1786 2526 eodem
1805 2455 1953 2527 alienari
1979 2459 2039 2524 aut

482 2576 647 2667 distrahi,
685 2579 777 2667 ipsas
806 2577 848 2648 ad
876 2583 1079 2667 perpetua-m
1111 2579 1163 2648 rei
1190 2578 1390 2648 memoriam
1417 2577 1619 2667 singillatim
1646 2577 1916 2648 conscribendas
1942 2575 2039 2646 duxi-

482 2719 577 2787 mus,
613 2697 662 2786 pii
688 2697 855 2786 principis
882 2697 1096 2768 Boleslai
1124 2697 1290 2768 Pudici
1320 2705 1357 2768 et
1384 2717 1469 2768 suae
1497 2696 1802 2788 Kunegundis
1830 2696 1978 2785 virginis
2004 2702 2039 2766 et

483 2815 656 2890 consortis
683 2819 884 2889 excellentis
911 2831 998 2908 opus
1017 2805 1166 2908 insigne,
1192 2819 1285 2908 apud
1313 2817 1513 2908 praesentes
1540 2827 1577 2889 et
1594 2826 1755 2912 posteros
1773 2819 1886 2891 vivaci
1914 2833 2039 2886 memo

449 2951 454 2961 ¹
484 2939 537 3008 ria
564 2943 763 3008 testatnros.
803 2937 905 3008 Anno
934 2946 1049 3010 autem
1077 2939 1217 3009 Domini
1249 2940 1366 3027 1280,
1393 2944 1492 3009 sexta
1518 2939 1574 3009 die
1600 2937 1704 3024 Jnlii,
1733 2937 2039 3027 Kunegundis

484 3057 634 3129 foemina
651 3059 763 3148 beata,
791 3059 929 3130 ducissa
947 3036 1187 3130 cracoviensis
1214 3066 1250 3130 et
1277 3060 1491 3130 Boleslai
1517 3059 1681 3130 Pndici
1708 3060 1839 3148 relicta,
1866 3058 2038 3156 fundatis

466 3159 564 3250 'nem
598 3179 707 3267 ipsam
745 3179 808 3250 sub
836 3201 899 3250 suo
927 3179 1029 3251 titulo
1065 3187 1113 3250 et·
1128 3181 1266 3252 nomine
1294 3181 1488 3268 innovavit,
1526 3181 1581 3251 cui
1608 3181 1824 3251 innovationi
1861 3176 2037 3249 Lestlro

467 3297 627 3388 ¹Niger
652 3303 734 3369 tunc
761 3299 831 3370 dux
858 3299 1097 3396 (bracariensis
1125 3302 1233 3372 robur
1259 3283 1312 3372 sui
1341 3321 1528 3372 consensus
1555 3301 1691 3372 adiecit.

593 3416 871 3492 monasterium
891 3419 1083 3513 Antiquae
1103 3419 1282 3524 Sandecz
1302 3422 1406 3493 iuxta
1435 3423 1617 3513 oppidum
1637 3419 1816 3494 Sandecz
1844 3419 2038 3512 Antiquae

488 3539 523 3609 in
551 3543 651 3628 parte
679 3539 839 3610 orientali
867 3542 969 3612 sitnm
998 3547 1066 3631 est,
1094 3561 1192 3613 muro
1220 3547 1359 3631 petroso
1386 3541 1605 3632 fabricatum,
1637 3544 1674 3612 in
1700 3543 1798 3613 cuius
1825 3541 1973 3611 ecclesia
1999 3540 2039 3610 ad

489 3665 623 3749 partem
652 3653 852 3751 australem,
880 3683 1004 3752 corpus
1024 3683 1160 3734 sacrum
1180 3663 1309 3734 Beatae
1336 3661 1639 3753 Kunegundis
1667 3664 1843 3752 Virginis,
1870 3662 2040 3746 consortis

490 3781 704 3852 Boleslai
740 3782 900 3854 Pndici
936 3785 1035 3874 regni
1072 3783 1237 3857 Poloniae
1273 3785 1370 3856 ducis
1406 3791 1442 3856 et
1478 3787 1702 3875 monarchae,
1744 3805 1833 3875 quae
1869 3783 1937 3855 fnit
1974 3782 2041 3853 filia

490 3902 633 3973 Belae
660 3901 860 3994 Hungariae
888 3906 998 3995 regis,
1026 3907 1204 3996 atneptis
1231 3906 1363 3978 Beatae
1391 3905 1693 3998 Helizabeth,
1721 3907 1899 3996 proneptis
1928 3911 2039 3976 autem

494 4021 641 4094 Sanctae
687 4023 933 4115 Hedvigis,
980 4028 1183 4116 requiescit,
1228 4027 1338 4099 multa
1376 4028 1619 4099 miraculorum
1658 4029 1871 4100 sublimitate
1908 4026 2042 4098 assidue

495 4143 707 4234 clarescens,
748 4151 784 4216 et
819 4146 1026 4236 prodigiosis
1063 4148 1226 4238 operibus
1253 4147 1396 4238 fulgens.
1444 4148 1533 4218 Item
1567 4149 1814 4221 monasterinm
1849 4147 2040 4238 praefatum

494 4263 600 4334 babet
640 4263 711 4334 illic
747 4266 913 4353 optimum
952 4274 988 4338 et
1027 4266 1231 4340 foecundum
1269 4268 1467 4358 praedium,
1508 4269 1551 4339 de
1578 4270 1675 4340 cuins
1712 4271 1806 4360 agris
1841 4291 1911 4341 non
1939 4267 2039 4338 solvit

496 4383 599 4457 alicui
627 4383 794 4455 decimam
827 4387 1093 4478 manipularem,
1129 4389 1293 4460 sedeam
1321 4409 1385 4479 pro
1411 4409 1449 4460 se
1475 4390 1586 4478 tollit,
1620 4392 1718 4461 etin
1747 4391 1846 4462 suum
1880 4391 2039 4461 horreum

494 4503 635 4575 inducit.
1076 4602 1079 4608 ,

602 4625 689 4695 Item
718 4627 927 4718 notandum,
954 4631 1045 4719 quod
1082 4631 1204 4703 civitas
1229 4630 1272 4732 ‚N
1282 4652 1367 4702 ova
1392 4630 1599 4704 Sandecz
1634 4634 1749 4723 regia,
1775 4633 1922 4723 singulis
1948 4632 2040 4702 annis
2140 4623 2142 4633 ⁴

501 4765 564 4835 pro
583 4744 673 4817 festo
702 4744 905 4820 Natiuitatis
932 4747 1072 4850 Christi,
1086 4753 1174 4852 sive
1200 4773 1243 4824 ex
1266 4752 1394 4842 debito,
1413 4754 1486 4824 sive
1504 4774 1547 4823 ex
1565 4754 1899 4836 consuetudinalem
1918 4752 2039 4824 dudum

499 4866 679 4957 antiquata
706 4874 742 4938 et
768 4871 994 4960 praescripta,
1022 4872 1132 4944 mittit
1158 4874 1356 4946 abbatissae
1383 4880 1420 4944 et
1447 4874 1639 4964 virginibus
1666 4874 1980 4945 sanctimonialium
2004 4872 2041 4943 de
2141 4946 2142 4951 ,

497 4987 705 5078 Antiqua
741 4988 947 5061 Sandecz
984 4999 1134 5082 quatuor
1169 4993 1256 5065 ollas
1293 4995 1364 5065 vini
1390 4995 1590 5084 hungarici,
1618 4996 1875 5085 item'qnatnor
1901 4994 2040 5084 lepores,

500 5109 583 5180 item
609 5110 772 5212 quinque
810 5132 1001 5202 sexagenas
1037 5115 1256 5203 simularum,
1292 5117 1329 5186 in
1355 5135 1614 5206 recompensam
1649 5121 1689 5186 'nt
1714 5136 1795 5187 reor
1820 5116 1908 5186 iuris
1938 5115 2039 5186 civilis
2133 5149 2137 5154 ·

499 5251 581 5301 suae
617 5231 752 5304 civitati
788 5235 918 5324 erepti,
946 5233 998 5308 vel
1033 5255 1196 5324 agrorum
1231 5244 1267 5328 et
1293 5242 1492 5326 pratorum,
1519 5257 1605 5327 qnos
1632 5221 1782 5327 atquae
1809 5258 1901 5308 nova
1927 5236 2059 5308 civitas·

500 5353 689 5442 0ccnpavit.
978 5361 983 5368 '

605 5472 778 5546 Sarnaca
806 5475 1001 5567 Anmoun,
1028 5475 1191 5567 oppidum
1218 5479 1350 5551 habens
1377 5481 1411 5550 in
1439 5499 1478 5550 se
1504 5479 1684 5550 ecclesiam
1711 5478 1962 5568 parochialem,
1987 5497 2041 5567 per

503 5591 687 5681 plebanum
722 5602 805 5666 tunc
840 5595 992 5668 eiusdem
1029 5599 1094 5668 loci
1123 5606 1313 5689 muratam,
1348 5603 1445 5675 cuius
1481 5601 1677 5690 proprietas
1712 5607 1749 5670 et
1783 5599 1973 5670 dominium
2004 5598 2039 5668 ad

504 5714 784 5785 sanctimoniales
811 5717 1064 5790 Sandeczenses
1092 5721 1255 5809 pertinet.
1290 5721 1331 5790 ln
1358 5742 1425 5810 qua
1452 5728 1534 5792 sunt
1561 5722 1810 5811 quinquaginta
1836 5721 1928 5790 lanei
1954 5721 2050 5822 oppi-⁴

504 5831 689 5924 danorum,
718 5842 754 5906 et
789 5837 936 5926 quilibet
971 5839 1014 5910 de
1034 5839 1142 5911 laneo
1178 5841 1283 5912 solvit
1317 5842 1442 5930 viginti
1472 5862 1613 5931 grossos
1639 5841 1790 5912 latorum
1815 5841 2042 5929 Pragensiun,
