4492 6592
340 789 345 799 ,
474 737 546 812 198

471 947 630 1037 proprios
656 967 759 1037 agros
785 949 823 1017 et
847 949 960 1036 prata,
978 963 1042 1035 pro
1061 963 1125 1016 suo
1142 941 1287 1034 praedio
1303 947 1341 1016 et
1357 941 1575 1015 necessitate.
1601 936 1855 1012 mamercum
1874 931 2016 1029 Uyazd,

470 1067 687 1158 Szdsnya

527 1251 532 1260 .
573 1187 716 1277 Urszn,
743 1187 827 1260 villa
853 1187 918 1260 sub
945 1187 1112 1277 parochia
1138 1186 1304 1258 ecclesiae
1329 1185 1373 1257 de
1400 1177 1799 1275 0ppatbkorricze
1824 1181 1903 1270 sita,
1922 1179 2018 1250 iuxta

468 1309 609 1382 fluvium
635 1308 896 1400 Dunayecz‚
923 1308 1021 1379 euius
1056 1309 1253 1398 proprietas
1279 1307 1325 1378 ad
1349 1305 1598 1378 monasterium
1625 1303 1831 1379 'Ibiuciense
1857 1300 2017 1390 pertinet

470 1430 510 1502 Iu
538 1450 608 1520 qua
643 1415 726 1502 sunt
760 1435 840 1502 octo
875 1429 967 1500 lanei
1002 1429 1257 1517 emethonales,
1284 1434 1321 1500 et
1347 1428 1494 1518 quilibet
1519 1426 1626 1498 solvit
1650 1443 1715 1515 pro
1741 1443 1848 1495 ceusu
1873 1420 2018 1496 mediam

468 1571 620 1624 marcam
655 1555 692 1622 et
718 1550 805 1622 duos
831 1570 991 1640 grossos,
1018 1550 1101 1622 item
1129 1570 1196 1622 ora
1221 1550 1386 1640 trIginta,
1410 1549 1496 1620 item
1522 1547 1633 1637 gallos
1659 1546 1765 1635 duos,
1790 1545 1876 1616 item
1902 1561 2019 1613 caseos

468 1672 566 1763 duos,
592 1673 675 1744 Item
702 1672 810 1762 labor,
837 1672 920 1744 item
946 1661 1094 1744 taberna
1120 1677 1176 1742 est
1202 1691 1272 1742 una
1297 1671 1430 1742 babens
1456 1689 1569 1760 agros,
1596 1687 1685 1758 quae
1711 1666 1817 1738 solvit
1832 1685 1898 1755 pro
1917 1683 2019 1734 censu

470 1847 550 1884 ...,
577 1793 662 1864 item
688 1792 890 1864 hortulania
916 1813 986 1864 una
1012 1797 1066 1864 est
1091 1792 1225 1874 habeus
1252 1812 1375 1882 agros3
1400 1792 1486 1862 item
1512 1789 1692 1880 praedium
1719 1808 1789 1858 non
1814 1791 1885 1875 est,
1911 1805 2018 1874 neque
2141 1815 2143 1822 ·

469 1913 711 1986 molendinum.
738 1913 826 1984 Item
853 1919 934 2003 post
960 1933 1079 1984 omnes
1105 1933 1210 2002 agros
1235 1912 1383 1984 solvitur
1398 1912 1534 1984 decima
1550 1908 1776 2000 manipularis
1793 1911 1830 1978 et
1846 1905 2019 1995 canapalis
2075 1998 2080 2006 ἱ
2141 1901 2143 2002 J

469 2054 533 2124 pro
558 2035 709 2125 capitulo
736 2032 967 2124 cracoviensi,
995 2039 1031 2106 et
1057 2033 1263 2106 conducitur
1289 2034 1441 2126 propriis
1467 2032 1627 2104 curribus
1652 2032 1690 2102 iu
1707 2030 1872 2101 borreum
1889 2048 1913 2098 a
1930 2027 2019 2117 oapi-

469 2155 543 2226 tulo
570 2153 763 2246 locandum,
790 2161 827 2227 et
853 2155 951 2227 valor
975 2155 1052 2228 eius
1079 2155 1286 2227 aestimatur
1312 2155 1357 2228 ad
1383 2154 1579 2246 quindecim
1596 2171 1740 2224 marcas
1765 2149 1928 2222 Gontiuat
1944 2168 2016 2218 cum

470 2273 873 2367 Oppathkowieze
899 2281 937 2348 et
962 2275 1181 2368 Szdanya
1408 2359 1411 2368 ,

573 2395 767 2488 Samari,
794 2397 877 2470 villa
911 2398 976 2470 snb
1012 2398 1179 2488 parochia
1212 2397 1256 2469 de
1282 2396 1675 2488 Oppatbkowicze
1701 2394 1791 2483 sita,
1816 2393 1916 2465 cuius
1942 2411 2018 2481 pro·

470 2517 601 2608 prietes
628 2517 674 2590 ad
700 2517 947 2590 monasterium
976 2517 1202 2591 Thincziense
1228 2519 1391 2609 pertinet
1416 2518 1458 2588 In
1485 2538 1553 2608 qna
1579 2522 1661 2588 suut
1678 2537 1739 2588 sex
1757 2515 1851 2586 lanei
1868 2512 2018 2586 emetha

469 2638 575 2730 nales,
602 2645 638 2710 et
665 2639 810 2730 quilibet
836 2640 941 2712 solvit
967 2661 1030 2730 pro
1057 2660 1163 2712 censu
1189 2640 1338 2712 mediam
1364 2659 1524 2728 marcam,
1551 2640 1635 2710 item
1661 2656 1728 2710 ova
1753 2635 1910 2726 triginta,
1937 2635 2017 2706 item

469 2759 597 2849 gallum
623 2781 738 2850 unum,
765 2760 850 2832 item
877 2780 1013 2834 caseum
1041 2781 1156 2849 unum,
1182 2761 1267 2833 item
1293 2761 1403 2851 labor,
1429 2761 1513 2832 item
1539 2756 1838 2854 pmooborrqitem
1864 2775 2018 2849 comptem

469 2881 551 2952 item
578 2881 725 2956 taberna
751 2888 806 2954 est
832 2882 880 2955 ibi
907 2883 1040 2955 habens
1066 2902 1179 2973 agros,
1206 2889 1244 2954 et
1268 2881 1373 2954 solvit
1399 2887 1550 2972 quatuor
1567 2899 1702 2952 marcas
1720 2900 1785 2969 pro
1802 2898 1920 2967 censu,
1938 2878 2018 2948 Item
2113 2926 2119 2932 -

469 3001 688 3074 hortulanioe
715 3023 784 3074 non
811 3009 902 3096 sunt
928 3003 1107 3094 praedium
1133 3024 1203 3074 non
1220 3008 1283 3093 est
1301 3013 1413 3094 neque
1431 3002 1673 3075 molendinum.
1698 3001 1787 3072 Item
1804 3019 1925 3071 omnes
1943 2999 2016 3088 agri

468 3122 571 3194 villae
597 3123 737 3196 solvunt
765 3123 931 3195 decimam
958 3124 1209 3215 manipularem
1234 3130 1273 3197 et
1298 3124 1508 3215 canapalem,
1535 3144 1600 3214 pro
1618 3121 1771 3213 capitulo
1788 3120 2018 3207 Gramriensi,

469 3247 505 3312 et
532 3243 726 3314 conducunt
752 3264 838 3335 eam,
864 3250 901 3316 et
927 3244 1025 3316 valor
1051 3244 1127 3318 eius
1154 3245 1362 3319 aestimatur
1379 3245 1424 3318 ad
1442 3250 1576 3336 septem
1595 3263 1739 3316 marcas.
1765 3240 1928 3314 (1011111111
1944 3261 2017 3312 cum

471 3360 867 3452 Oppathkowicze
894 3371 930 3437 et
956 3364 1156 3457 Uyazd.¹
1516 3439 1518 3443 ,

575 3482 765 3575 coniunx,
793 3485 841 3558 ibi
868 3487 1076 3576 paroehialis
1102 3487 1257 3577 ecclesia,
1284 3487 1395 3561 Beato
1422 3486 1578 3560 Martino
1604 3486 1729 3576 dicata,
1747 3479 1844 3557 cuius
1863 3485 2018 3574 proprie·

469 3609 524 3675 tas
551 3604 594 3676 ad
622 3607 865 3678 monasterium
895 3607 1119 3680 Thincziense
1146 3609 1308 3698 pertinet.
1335 3609 1375 3680 In
1402 3629 1472 3700 qua
1496 3614 1579 3680 sunt
1604 3608 1698 3680 lanei
1723 3605 1968 3690 cmetbouales,
1984 3611 2020 3675 et

470 3726 615 3816 quilibet
642 3727 745 3798 solvit
764 3781 771 3798 .
790 3781 798 3798 .
816 3781 842 3818 .,
868 3729 952 3800 item
979 3750 1054 3818 ova,
1081 3730 1165 3801 item
1192 3730 1312 3819 gallos,
1340 3732 1423 3802 item
1450 3750 1579 3819 caseos,
1605 3731 1689 3801 item
1715 3729 1825 3817 labor,
1852 3729 1938 3799 item
1960 3749 2017 3823 po

446 3844 612 3938 ,11111111
639 3847 721 3918 item
748 3869 905 3944 campa),
932 3850 1015 3922 item
1042 3851 1229 3940 tabernae,
1255 3851 1340 3923 item
1366 3851 1609 3938 hortulaniae;
1631 3851 1714 3922 item
1742 3848 1924 3939 praedium
1952 3869 2016 3928 11011

468 3973 531 4038 est.
566 3967 653 4040 Item
689 3989 808 4042 omnes
845 3955 921 4060 'agri
956 3971 1060 4044 villae
1095 3971 1235 4043 solvunt
1269 3971 1436 4043 decimam
1472 3972 1686 4062 pecuniolam
1722 3991 1786 4061 pro
1811 3970 2017 4041 emlesiain

469 4087 871 4179 Oppatbkowicze.
907 4092 994 4164 Item
1031 4092 1192 4164 scoltetia
1217 4098 1272 4164 est
1299 4094 1358 4182 ibi,
1384 4094 1517 4166 babens
1543 4093 1631 4165 dnos
1656 4093 1795 4181 laneos,
1822 4091 2017 4182 dequibus

468 4209 661 4283 decimatur
686 4213 862 4304 manipulo
890 4213 1056 4286 ecclesiae
1079 4214 1115 4285 in
1143 4213 1372 4306 Choynyk.

573 4332 891 4424 Bmousouuczq
918 4334 1005 4406 alias
1033 4335 1218 4425 Bnarcza,
1246 4336 1330 4407 villa
1356 4336 1421 4407 sub
1448 4336 1613 4426 parochia
1630 4335 1674 4406 de
1693 4333 1915 4404 Gromnilr
1942 4336 2019 4420 sita,

468 4453 564 4524 colus
599 4453 793 4543 proprietas
828 4454 873 4526 ad
909 4457 1157 4528 monasterium
1193 4456 1418 4529 ThinczIense
1457 4457 1618 4547 pertinet.
1657 4457 1698 4526 ln
1725 4475 1793 4546 qua
1819 4461 1903 4548 sunt
1929 4455 2017 4526 lanei

468 4573 711 4665 emethonales,
738 4581 775 4647 et
802 4577 947 4666 quilibet
974 4577 1079 4649 solvit
1097 4631 1106 4648 .
1124 4632 1132 4647 .
1151 4633 1177 4667 .,
1203 4578 1288 4649 item
1314 4598 1389 4668 ova,
1417 4580 1501 4650 item
1526 4579 1647 4669 gallos
1674 4578 1758 4648 item
1785 4597 1917 4666 caseos,
1935 4579 2016 4648 item

467 4693 583 4784 labor,
611 4695 693 4766 item
714 4696 916 4790 potandam,
943 4699 1026 4770 item
1053 4720 1212 4794 omzyep3
1239 4700 1321 4771 item
1347 4701 1532 4789 tabernae,
1559 4701 1642 4770 item
1669 4699 1908 4787 hortulaniae,
1935 4700 2016 4769 Item

467 4816 658 4905 praedium.
693 4817 782 4890 Item
809 4839 927 4892 omnes
956 4821 1031 4910 agri
1058 4821 1162 4892 villae
1189 4821 1329 4894 solvunt
1355 4821 1522 4893 decianam
1558 4821 1771 4912 pecunialem
1807 4821 2017 4892 monasterio

469 4936 696 5010 chinonensi.

570 5059 852 5152 annuntiatus,
880 5063 963 5134 villa
989 5063 1054 5134 sub
1089 5063 1256 5153 parochia
1282 5063 1446 5135 eeclesiae
1480 5063 1524 5134 de
1551 5062 1778 5136 'l'bucbow
1807 5065 1894 5153 sita,
1922 5065 2016 5135 cuius

466 5183 663 5272 proprietas
699 5182 744 5254 ad
776 5185 1021 5256 monasterium
1051 5183 1256 5256 Thinciense
1283 5187 1445 5275 pertinet.
1485 5185 1524 5255 In
1552 5206 1620 5275 qua
1646 5192 1728 5260 suot
1754 5185 1903 5274 triginta
1928 5184 2014 5255 lanei

470 5303 698 5395 emethonum,
725 5303 822 5376 etde
841 5306 999 5376 omnibus
1019 5305 1166 5376 solvitur
1184 5327 1248 5396 pro
1266 5326 1370 5380 censu
1389 5327 1452 5397 per
1471 5327 1573 5378 uuam
1601 5327 1678 5377 cum
1705 5306 1850 5378 dimidia
1875 5325 2013 5387 marcas,

467 5423 548 5494 item
576 5446 653 5516 ova,
682 5426 765 5498 item
793 5426 923 5516 gallos,
950 5427 1033 5498 item
1061 5448 1165 5498 unum
1194 5449 1350 5516 caseum3
1386 5429 1469 5498 item
1496 5429 1658 5499 laborant
1684 5424 1848 5521 increpui,
1875 5427 2011 5512 arando,

467 5545 676 5636 seminando,
703 5548 874 5638 metendo,
901 5548 1132 5639 conducendo,
1159 5555 1261 5638 prata
1286 5548 1519 5620 falcastraudo
1546 5550 1619 5620 suis
1645 5549 1829 5639 impensis;
1856 5550 1940 5620 item
1950 5569 2012 5642 po·

466 5661 599 5734 mabam
609 5691 621 5750 ;
647 5669 730 5739 item
758 5669 915 5758 taberna
941 5671 1024 5742 item
1052 5670 1290 5759 hortulaniae3
1326 5673 1408 5742 item
1435 5670 1614 5761 praedium
1640 5670 1842 5741 coenobiale
1866 5691 1937 5741 nos
1962 5673 2011 5739 est
