4492 6592
1747 735 1796 804 41

137 933 139 941 ’
239 931 427 1004 medietate
454 932 500 1003 ad
526 933 779 1023 proprietatem
817 933 1036 1023 monasterii,
1063 954 1127 1024 pro
1155 935 1342 1006 medietate
1370 957 1451 1008 vero
1478 936 1694 1010 infirmorum
1720 960 1799 1030 per·

236 1054 346 1143 tr'uet3
373 1054 416 1126 de
444 1076 512 1145 quo
539 1055 639 1129 annis
666 1055 812 1145 singulis
839 1075 902 1144 pro
930 1075 1035 1127 censu
1062 1057 1272 1146 proveniunt
1299 1078 1359 1128 ser
1387 1079 1533 1148 marcae,
1559 1081 1706 1150 quarum
1724 1066 1797 1134 tres

234 1175 330 1246 tollit
356 1177 523 1266 magister
549 1177 622 1248 sive
649 1176 867 1266 praepositus
894 1177 1105 1266 monasterii,
1131 1178 1284 1268 reliquas
1311 1200 1395 1250 vero
1422 1186 1495 1250 tres
1513 1201 1648 1252 marcas
1666 1182 1796 1254 tollunt

235 1298 438 1388 provisores
465 1298 690 1386 infirmorum,
717 1297 753 1368 in
781 1319 900 1378 eorum
927 1299 1155 1372 necessitates
1183 1301 1470 1372 convertendas..

345 1419 548 1494 maelium
577 1421 753 1512 primurn.
790 1419 876 1492 Item
903 1419 940 1490 iu
968 1419 1089 1492 eadem
1116 1421 1259 1496 civitate
1286 1419 1508 1494 cracoviensi
1534 1429 1590 1494 est
1614 1425 1797 1497 macellum

236 1563 346 1614 uuum
373 1542 546 1632 carnium,
574 1542 667 1614 inter
693 1541 838 1614 macella
864 1542 994 1636 regia,¹
1007 1541 1098 1632 quod
1132 1563 1224 1614 nuuc
1249 1548 1348 1614 tenet
1373 1543 1615 1634 sigismundus
1641 1546 1795 1619 carnifex
1919 1604 1923 1609 .
2070 1559 2073 1562 ’

237 1664 359 1736 consul
386 1661 635 1753 cracoviensis,
663 1663 708 1745 ad
726 1664 975 1753 proprietatem
995 1669 1031 1735 et
1049 1663 1238 1736 dominium
1256 1665 1460 1738 monasterii
1478 1667 1661 1756 hospitalis
1676 1667 1795 1740 Sancti

237 1785 389 1876 Spiritus
415 1787 603 1876 pertinens,
631 1787 723 1876 quod
750 1786 897 1876 singulis
924 1785 1025 1856 anuis
1052 1807 1115 1877 pro
1143 1807 1248 1858 ceusu
1277 1787 1382 1858 solvit
1408 1788 1494 1860 duas
1521 1809 1666 1862 marcas.

242 1949 246 1954 -
344 1906 549 1982 Macellum
577 1907 807 1982 seeundum.
849 1908 938 1978 Item
975 1907 1159 1980 iraeadem
1194 1909 1338 1982 civitate
1367 1907 1589 1982 Oracoviensi
1615 1916 1671 1982 est
1701 1912 1796 1984 aliud
1837 1973 1842 1990 .

237 2029 419 2102 macellum
454 2029 628 2118 carnium,
657 2028 749 2100 inter
780 2027 926 2099 macella
953 2029 1069 2118 regia,
1097 2029 1190 2119 quod
1218 2052 1310 2102 nunc
1337 2035 1435 2102 tenet
1462 2029 1654 2104 Stauislaus
1682 2032 1795 2105 dictus

237 2150 433 2241 Staszko
470 2151 555 2222 civis
592 2149 849 2240 Cracovieusis,
886 2150 1024 2222 ratione
1061 2153 1180 2224 uxoris
1215 2152 1358 2224 relictae
1386 2153 1587 2245 Kytlycz
1615 2153 1796 2243 carnificis,

237 2273 329 2363 quod
357 2273 404 2346 de
426 2294 517 2344 auno
544 2272 649 2344 tertio
677 2272 713 2342 in
740 2271 902 2362 tertium,
930 2293 994 2362 pro
1022 2294 1127 2346 censu
1164 2294 1279 2346 annuo
1307 2275 1413 2346 solvit
1439 2276 1652 2347 monasterio
1679 2277 1824 2366 hospi-⁴

235 2395 316 2468 talis
344 2395 490 2466 Sanctae
517 2393 639 2467 Crucis
666 2394 752 2466 duos
779 2394 914 2484 lapides
942 2395 1027 2486 sepi,
1056 2401 1091 2466 et
1120 2417 1189 2468 uon
1216 2396 1306 2485 plns.

341 2515 589 2605 Cnowonnzn,
618 2516 701 2588 villa
727 2511 828 2590 entra
854 2515 1029 2588 civitatem
1058 2515 1335 2607 Oracovieusem,
1362 2518 1426 2590 sub
1445 2518 1610 2608 parochia
1627 2518 1794 2590 ecclesiae

236 2639 354 2710 Sancti
381 2639 550 2730 Stephani
577 2638 620 2710 de
648 2637 877 2712 Gracovia
904 2639 982 2729 sita,
1010 2639 1107 2710 ouius
1134 2639 1333 2730 proprietas
1368 2646 1405 2712 et
1431 2639 1622 2714 dominium
1648 2640 1694 2711 ad
1720 2661 1795 2712 mo·

236 2761 426 2848 casterium
462 2753 646 2850 hospitalis
682 2759 830 2832 Sanctae
867 2759 988 2842 Crucis
1017 2761 1180 2852 pertinet
1220 2762 1261 2832 In
1288 2783 1358 2852 qua
1383 2769 1466 2835 sunt
1493 2761 1675 2834 duodecim
1701 2762 1794 2834 lanei

235 2883 424 2954 franconici
462 2881 714 2971 auctionales,
752 2882 796 2954 de
831 2881 956 2972 quibus
992 2883 1029 2954 in
1057 2883 1229 2956 solutione
1256 2905 1381 2956 census
1407 2885 1515 2956 annui
1543 2891 1597 2956 est
1624 2885 1795 2956 mirabilia

236 3004 450 3092 differentia3
478 3003 585 3094 aliqui
612 3004 702 3076 enim
730 3004 930 3076 emethones
956 3004 1087 3076 habent
1114 3005 1275 3094 proprios
1301 3026 1413 3096 agros,
1441 3011 1478 3078 et
1497 2985 1636 3078 solvunt
1652 3027 1675 3076 a
1691 3006 1792 3076 laneo

238 3126 366 3217 viginti
399 3131 549 3212 scottos,
585 3125 669 3196 item
706 3125 813 3215 aliqui
849 3126 980 3198 habent
1008 3126 1119 3198 solum
1145 3147 1252 3200 unum
1279 3127 1458 3218 quartale,
1486 3126 1529 3200 dc
1557 3149 1626 3218 quo
1653 3128 1794 3200 solvunt
1883 3197 1891 3218 ,

142 3288 155 3302 .
235 3249 353 3320 decern
381 3229 541 3339 grossos3
569 3248 657 3326 item
681 3247 813 3318 habent
839 3247 948 3337 aliqui
975 3248 1126 3320 medium
1153 3249 1332 3339 quartale,
1358 3249 1403 3322 de
1429 3271 1498 3340 quo
1525 3249 1666 3322 solvunt
1693 3249 1793 3339 quin·

235 3393 301 3462 qne
328 3391 491 3461 grossos3
517 3370 601 3442 item
628 3369 737 3459 aliqui
763 3375 885 3442 tenent
911 3390 1014 3460 agros
1041 3391 1105 3461 par¹
1131 3369 1260 3447 flames
1286 3366 1429 3461 emptos,
1458 3393 1606 3462 quorum
1624 3372 1733 3462 aliqui
1750 3371 1793 3442 de

233 3492 385 3583 quartali
412 3492 551 3564 solvunt
577 3509 748 3580 marcam;
784 3479 867 3576 item
895 3491 1003 3582 aliqui
1030 3512 1241 3583 sexagenum
1267 3493 1408 3568 solvunt
1435 3493 1478 3564 de
1506 3493 1679 3584 quartali3
1708 3493 1794 3564 item
1836 3561 1843 3569 .

234 3615 276 3686 de
304 3614 419 3686 medio
446 3613 538 3684 lanei
566 3613 673 3704 aliqui
702 3613 841 3684 solvunt
860 3612 945 3684 duas
965 3635 1175 3704 sexagena83
1203 3614 1378 3705 integrum
1396 3615 1535 3686 laneum
1553 3615 1669 3686 nullus
1686 3620 1793 3686 tenet.

233 3737 323 3809 Item
351 3735 498 3825 quilibet
525 3735 568 3806 de
595 3736 695 3806 laneo
722 3735 826 3807 solvit
861 3741 1012 3825 quatuor
1038 3736 1169 3826 gallos,
1196 3738 1278 3808 item
1305 3737 1452 3826 triginta
1479 3758 1554 3807 ova
1588 3736 1677 3808 Item
1703 3755 1793 3809 eme·

235 3861 361 3932 tirones
381 3857 484 3930 villae
511 3856 690 3948 praefatae
717 3877 799 3928 non·
818 3857 981 3930 laborant
1016 3858 1151 3948 aliquos
1190 3856 1265 3930 dies
1291 3860 1329 3928 iu
1357 3859 1568 3948 septimana,
1595 3877 1708 3947 neque
1733 3857 1796 3930 du-

233 3988 350 4052 cturas
369 3979 511 4068 iaciunt,
532 3985 673 4068 praeter
700 3979 882 4052 ducturam
909 3978 1100 4069 lignorum3
1128 3979 1224 4069 ligna
1250 3980 1342 4050 enim
1368 3980 1405 4050 iu
1432 3979 1566 4050 Visla
1591 3985 1794 4070 comparata

233 4125 297 4192 pro
335 4102 546 4174 necessitate
582 4101 804 4189 monasterii,
833 4105 998 4172 tenentur
1035 4121 1084 4172 err
1104 4101 1242 4174 Visla
1268 4105 1428 4174 extracta
1453 4100 1604 4190 propriis
1632 4100 1792 4171 curribus

233 4225 429 4296 conducere
457 4223 501 4296 ad
527 4224 659 4295 curiam
687 4229 723 4294 et
746 4223 949 4295 monasterii
968 4223 1094 4294 dotem.
1121 4223 1211 4294 ltem
1230 4201 1415 4316 pometum
1432 4221 1604 4312 duplicem
1622 4221 1792 4312 laborant,

232 4346 381 4418 serendo
408 4367 518 4435 grano
545 4344 753 4418 monasterii
767 4365 830 4433 pro
859 4365 940 4416 vere
968 4351 1005 4416 et
1032 4345 1155 4434 lryeum
1182 4365 1304 4434 agros,
1330 4349 1369 4416 et
1394 4349 1472 4416 sata
1497 4343 1659 4415 metendo
1688 4341 1808 4433 atque

233 4468 521 4570 conducendorin
547 4468 709 4538 horreum
739 4467 951 4538 monasterii.
990 4467 1080 4541 Item
1107 4487 1227 4539 omnes
1253 4468 1453 4538 cmethones
1481 4467 1584 4541 villae
1611 4464 1792 4557 praefatae

234 4591 375 4662 solvunt
402 4589 568 4663 decimam
596 4587 856 4678 manipularem,
884 4593 919 4660 et
946 4609 1010 4678 per
1033 4568 1183 4678 quatuor
1200 4590 1340 4680 ierugas
1358 4588 1561 4678 canapalem
1579 4588 1792 4660 monasterio

233 4711 418 4802 hospitalis
445 4711 593 4786 Sanctae
620 4708 743 4782 Crucis
770 4709 924 4798 plenarie
951 4715 988 4780 et
1015 4729 1057 4783 er
1075 4710 1233 4800 integro,
1259 4717 1297 4781 et
1321 4714 1487 4782 tenentur
1514 4710 1611 4780 illam
1638 4710 1792 4800 propriis

233 4836 395 4906 curribus
423 4833 550 4904 ducere
577 4833 614 4902 in
640 4832 806 4903 horreum
833 4851 854 4900 a
881 4832 1050 4921 magistro
1078 4832 1282 4904 monasterii
1308 4832 1500 4920 locandum,
1528 4836 1563 4902 et
1593 4831 1691 4904 valor
1718 4831 1792 4918 eius

232 4955 439 5047 aestimatur
474 4955 520 5028 ad
547 4954 742 5046 quindecim
777 4971 921 5024 marcas.
963 4952 1051 5024 Item
1088 4953 1125 5024 in
1139 4953 1273 5024 eadem
1301 4954 1384 5025 villa
1410 4959 1467 5025 est
1492 4952 1674 5044 praedium
1702 4952 1791 5042 opti-

155 5093 161 5106 ·
232 5100 325 5158 mum
363 5076 581 5165 coenobiale,
615 5076 749 5148 habens
784 5073 934 5164 optimos
967 5095 1089 5164 agros,
1117 5075 1162 5146 ad
1198 5074 1291 5164 qnod
1327 5075 1481 5164 pertinet
1517 5079 1612 5146 totus
1639 5092 1791 5161 campus,

234 5199 404 5290 incipiens
431 5219 453 5270 a
479 5197 636 5270 custodia
672 5201 773 5296 entra
809 5195 1006 5286 Cl'eparz
1034 5197 1077 5268 de
1103 5217 1213 5288 prope
1248 5195 1430 5268 ecclesiam
1457 5195 1577 5266 Sancti
1591 5194 1791 5285 ‘Valentini
1848 5203 1853 5211 “

233 5321 331 5393 cuius
369 5303 536 5392 ecclesiae
572 5321 696 5392 hortus
732 5323 805 5390 stat
838 5319 875 5390 in
911 5318 1105 5399 coenobiali
1138 5327 1281 5408 campo,
1307 5317 1351 5388 de
1378 5317 1503 5408 quibus
1530 5316 1669 5406 quidem
1696 5317 1790 5406 agris

232 5441 482 5516 monasterium
510 5442 595 5514 nulli
623 5442 730 5543 solvit·
754 5439 922 5514 decimam
948 5439 1208 5530 manipularem,
1236 5439 1297 5512 sed
1324 5458 1400 5510 eam
1427 5459 1491 5528 pro
1516 5459 1556 5510 se
1581 5437 1676 5509 tollit
1701 5444 1738 5509 et
1754 5439 1792 5508 iu

232 5563 398 5634 horreum
426 5581 525 5634 suum
553 5561 695 5634 inducit.
722 5563 811 5636 Item
838 5562 874 5634 in
902 5560 1023 5634 eadem
1050 5560 1135 5634 villa
1160 5564 1244 5632 sunt
1268 5559 1339 5630 tria
1355 5538 1458 5648 prata
1475 5560 1687 5650 monasterii,
1706 5580 1791 5650 quo-

230 5706 306 5756 rum
335 5703 442 5754 unum
469 5689 632 5754 tenentur
660 5685 862 5761 emethoues
889 5681 1168 5756 Grovodrza
1192 5680 1407 5774 falcastrare,
1434 5687 1472 5756 et
1497 5703 1540 5755 err
1557 5682 1617 5756 illo
1636 5701 1705 5755 rmo
1724 5701 1787 5772 per

336 5824 387 5864 ura.
401 5823 498 5865 amaea
511 5824 554 5864 111.
1584 5832 1600 5880 q
