4492 6592
490 764 565 837 aas
634 709 679 763 ²

489 970 643 1041 Rosze.
669 967 709 1039 In
738 971 913 1057 qua'sunt
938 967 1029 1039 lanei
1057 965 1317 1057 oppidanorum,
1343 967 1387 1039 de
1414 968 1539 1058 quibus
1556 940 1715 1039 omnibus
1733 966 1881 1037 solvitur
1897 972 1936 1037 et
1953 964 2047 1037 solui

495 1088 606 1178 debet,
633 1088 676 1159 de
703 1088 836 1159 iustitia
862 1094 899 1159 st
925 1088 968 1159 de
994 1089 1070 1159 iure
1096 1093 1134 1158 et
1158 1087 1305 1159 conduci
1331 1089 1463 1197 decima
1487 1087 1714 1177 manipularis
1740 1109 1805 1178 pro
1831 1086 2047 1159 monasterio

492 1209 803 1291 sanctimonialium
844 1208 963 1281 Sancti
998 1207 1162 1279 Andreae
1196 1210 1233 1279 in
1267 1208 1510 1298 (trasonis,
1544 1214 1582 1279 et
1606 1209 1706 1280 valor
1731 1209 1808 1279 eius
1835 1209 2074 1288 aestimatur,

375 1341 379 1348 '
490 1331 534 1402 ad
554 1384 670 1399 .....
698 1350 857 1401 marcas..
879 1330 966 1399 Item
995 1330 1175 1419 praedium
1203 1330 1238 1399 in
1266 1330 1385 1401 eodem
1413 1329 1541 1421 oppido
1567 1328 1728 1418 militare,
1754 1329 1798 1399 de
1823 1329 1920 1399 cuius
1948 1329 2046 1417 agris

490 1452 637 1523 solvitur
673 1450 805 1521 decima
841 1449 1068 1539 manipularis
1105 1450 1273 1521 ecclesiae
1309 1450 1500 1539 parochiali
1527 1451 1563 1521 in
1590 1449 1944 1539 Gurosuwanlry.
1971 1447 2046 1518 No·

457 1647 459 1657 ,
490 1571 653 1660 tandum,
680 1570 772 1661 quod
807 1570 973 1642 decimam
1014 1570 1265 1660 manipularem
1301 1572 1336 1642 in
1364 1570 1492 1661 oppido
1518 1569 1673 1660 praelato
1699 1569 2046 1658 Ouroszuankp

488 1694 580 1763 iuste
607 1698 644 1763 et
670 1692 823 1782 legitime
851 1690 894 1761 ad
922 1691 1168 1762 monasterium
1204 1691 1528 1763 sanctimonialium·
1543 1691 1662 1762 Sancti
1688 1689 1852 1761 Andreae
1877 1690 1913 1760 in
1941 1689 2045 1761 cta-

490 1834 539 1885 co
553 1813 630 1883 via
656 1812 887 1903 pertinentem
915 1834 956 1883 ex
985 1814 1151 1901 antiquo,
1176 1812 1242 1884 sub
1268 1818 1384 1883 aetate
1409 1832 1487 1882 mea
1512 1815 1688 1900 recenter,
1714 1811 1885 1882 violenter
1910 1810 2047 1900 primus

490 1916 671 2007 ¹abstrauit
698 1932 950 2004 Grzeslaus
976 1933 1020 2005 de
1047 1930 1261 2004 Grrzibou
1289 1932 1496 2005 castellanus
1522 1931 1752 2021 Lublinensis,
1778 1937 1815 2003 et
1830 1930 1991 2003 fundarit
2008 1931 2045 2017 in

467 2046 533 2127 ¹eu
565 2054 797 2145 praebendam
823 2054 861 2125 iu
887 2052 1237 2143 (luroszwanlrpp
1263 2058 1409 2143 uterque
1435 2052 1667 2131 damnationis
1692 2073 1791 2140 reus,
1816 2052 1937 2141 etqui
1964 2070 2043 2121 eam

493 2177 663 2248 violenter
689 2174 841 2263 abstulit,
868 2180 905 2245 et
931 2174 1213 2265 praebendarius,
1240 2175 1300 2265 qui
1325 2195 1401 2247 eam
1428 2174 1556 2247 iniusta
1581 2174 1739 2264 percipit

599 2295 870 2367 Onrnszurczu
897 2294 951 2365 vel
979 2293 1253 2384 Gumoarium,
1280 2301 1316 2366 et
1342 2315 1431 2385 quae
1458 2295 1569 2365 vetari
1595 2294 1733 2371 nomine
1759 2294 1886 2365 ammso
1904 2289 2045 2361 Wirz-

490 2419 624 2489 bicza
659 2416 827 2489 hactenus
866 2420 1030 2504 vocatur,
1065 2417 1130 2488 sub
1166 2416 1333 2506 parochia
1366 2416 1534 2487 ccclesiae
1568 2416 1612 2487 de
1648 2413 1813 2485 Chlina
1839 2414 1918 2501 sita
1944 2414 2044 2483 cuius

491 2538 687 2629 proprietas
722 2536 766 2607 sd
803 2536 1058 2609 serenissimum
1095 2536 1259 2608 Poloniae
1294 2558 1411 2629 regem
1447 2537 1610 2627 pertinet
1653 2535 1693 2605 ln
1730 2554 1798 2624 qna
1834 2540 1916 2611 sunt
1950 2534 2046 2605 lanei

495 2656 737 2746 cruethonales‚
766 2648 810 2729 de
837 2657 962 2747 quibus
990 2658 1149 2729 omnious
1175 2654 1323 2729 solvitur
1348 2658 1483 2729 decima
1507 2655 1744 2745 manipularis,
1761 2661 1798 2725 et
1815 2674 1878 2743 per
1895 2659 2046 2743 quatuor

495 2780 634 2869 ierugns
663 2778 858 2869 omapalis,
886 2782 922 2849 et
952 2778 1091 2851 ducitur
1125 2778 1277 2869 propriis
1304 2778 1464 2849 curribus
1489 2777 1525 2847 in
1552 2775 1714 2847 horreum
1742 2795 1806 2865 pro
1832 2774 2046 2845 monmtmio

497 2899 807 2972 sanctimonialium
825 2898 954 2998 ¹Sancti
982 2898 1154 2988 Andreae,
1181 2904 1218 2969 et
1243 2897 1343 2969 valor
1368 2898 1443 2969 eius
1469 2896 1745 2969 aestimatur-ad
1763 2948 1876 2965 .....
1898 2912 2045 2965 marcas.

492 3021 579 3093 Item
607 3020 761 3110 taberna,
788 3020 870 3091 item
899 3019 1074 3091 hortulani
1102 3073 1208 3108 ....,
1234 3019 1318 3104 item
1344 3018 1577 3090 molendinum
1595 3072 1710 3087 .....
1746 3016 1833 3087 Item
1856 3014 2042 3105 praedium

490 3142 623 3233 regium
650 3140 765 3211 estin
793 3140 914 3212 eadem
941 3140 1034 3229 villa,
1062 3140 1106 3211 dc
1132 3136 1230 3212 cuius
1256 3130 1527 3230 agris'solvitur
1543 3138 1677 3210 decima
1693 3136 1918 3227 manipularis
1934 3135 2041 3206 altari

491 3262 608 3334 Sancti
643 3260 815 3333 Vladislai
855 3260 949 3351 regis
984 3262 1019 3332 in
1056 3260 1213 3333 Ecclesia
1246 3260 1467 3332 cracoviensi
1503 3280 1525 3330 a
1559 3258 1788 3330 casimiro
1827 3256 2043 3329 Secundo

491 3380 656 3453 Poloniae
692 3402 790 3471 rege,
826 3401 889 3471 pro
925 3380 1077 3452 remedio
1114 3382 1248 3453 animae
1281 3380 1523 3452 Vladislai
1548 3379 1729 3451 Loktek
1755 3377 1921 3449 Pelopiae
1947 3378 2044 3467 regia

491 3501 660 3591 genitoris
687 3502 748 3583 sui.
776 3506 812 3573 et
837 3506 918 3573 anta
946 3502 1084 3574 bustum
1112 3502 1187 3573 eius
1213 3500 1369 3589 fundato,
1395 3507 1432 3572 et
1458 3500 1557 3598 palor
1582 3500 1658 3571 eius
1684 3498 1889 3570 aestimatur
1906 3496 1952 3568 ad
1969 3502 2045 3567 tros

352 3711 356 3720 x
437 3668 441 3673 -
490 3642 634 3693 marcas.

594 3741 747 3815 Bouuzn
780 3797 787 3812 .
815 3796 822 3811 .
850 3798 857 3811 .

593 3862 797 3935 Zaruscnn
826 3918 833 3932 .
861 3916 869 3932 .
897 3918 903 3933 .

516 4036 529 4054 η
595 3984 874 4056 Szrunzsnrczn
910 3983 996 4055 alias
1023 3982 1167 4057 Wonra
1193 3982 1474 4071 szmcnsun,
1494 3984 1574 4055 sub
1609 3984 1774 4073 parochia
1804 3982 1848 4053 de
1874 3981 2042 4052 Zurno-

489 4128 520 4176 w
529 4125 637 4196 yecz
665 4106 742 4193 sita,
768 4106 865 4177 cuius
892 4104 1088 4194 proprietas
1115 4110 1153 4175 et
1178 4103 1366 4173 dominium
1393 4103 1437 4173 ad
1464 4104 1720 4174 serenissimum
1739 4123 1855 4192 regem
1873 4101 2040 4173 Polcniae

488 4227 649 4316 pertinet
676 4226 717 4297 In
745 4247 813 4316 qua
840 4233 922 4297 sunt
947 4226 1039 4297 lanei
1066 4225 1311 4312 cmetlmnales,
1337 4224 1381 4295 de
1407 4225 1532 4314 quibus
1558 4224 1726 4311 omuibus,
1744 4224 1891 4293 solvitur
1907 4210 2041 4293 decima

488 4344 732 4436 manipularis,
759 4353 796 4417 et
830 4366 894 4436 per
931 4352 1079 4435 quatuor
1113 4346 1253 4436 ierngas
1288 4345 1483 4435 campalis,
1510 4350 1555 4415 et·
1572 4364 1636 4434 per
1662 4344 1862 4415 cmcthones
1888 4342 2041 4433 propriis

489 4466 649 4538 curribus
676 4464 814 4538 ducitur
841 4467 876 4537 in
905 4467 1067 4538 horreum
1099 4486 1164 4555 pro
1191 4467 1403 4538 monasterio
1428 4466 1544 4537 Sancti
1572 4465 1751 4553 Andreae,
1777 4470 1815 4535 et
1841 4463 1939 4533 valor
1965 4463 2041 4533 eius

490 4588 695 4659 aestimatur
722 4588 766 4657 ad
786 4642 793 4656 .
812 4642 846 4657 ..
874 4606 1028 4676 marcas,
1055 4587 1137 4658 itam
1164 4586 1330 4675 taberna,
1357 4588 1439 4658 item
1466 4586 1660 4674 hortulani,
1688 4587 1771 4656 item
1798 4583 2042 4655 molendinum.

443 4749 447 4767 ι
489 4706 577 4777 item
604 4706 783 4796 praedium
811 4707 954 4797 regium,
982 4707 1025 4778 de
1052 4707 1149 4777 cuius
1175 4708 1272 4797 agris
1294 4707 1441 4779 solvitur
1458 4707 1594 4778 decima
1610 4705 1918 4796 manipularispro
1935 4704 2042 4774 altari

490 4825 608 4899 Sancti
644 4826 815 4899 Vladislai
850 4828 943 4918 mgis
977 4829 1013 4899 in
1048 4826 1206 4898 Ecclesia
1240 4826 1481 4915 Gracoviensi,
1517 4848 1540 4897 a
1574 4826 1804 4897 Gasimiro
1830 4824 2040 4895 Secundo

490 4946 656 5019 Poloniae
682 4968 781 5038 rege,
809 4949 844 5019 in
872 4948 1060 5019 remedium
1095 4949 1231 5019 animae
1266 4947 1505 5018 Vladislai
1540 4946 1720 5018 Loktelr
1756 4945 1921 5017 Polcniae
1948 4944 2041 5033 regis

489 5068 618 5160 patris,
646 5074 681 5140 et
703 5064 787 5139 'ante
818 5068 1037 5159 sepulchrum
1070 5087 1170 5139 suurn
1195 5066 1351 5159 fundato,
1377 5074 1415 5139 et
1441 5068 1538 5139 valor
1565 5067 1639 5138 eius
1665 5066 1869 5137 aestimatur
1895 5064 1941 5135 ad
1967 5069 2039 5135 tres

488 5210 632 5263 marcas.

592 5311 798 5384 Bosnanrn
801 5364 942 5382 ......

593 5432 794 5522 Murszsu,
830 5432 914 5503 villa
942 5432 1006 5503 sub
1041 5431 1207 5521 parochia
1233 5430 1277 5501 de
1304 5430 1464 5501 Borow
1490 5431 1577 5518 sita,
1612 5434 1649 5499 et
1675 5428 1741 5499 sub
1766 5430 1888 5498 nostra
1922 5431 2038 5497 aetate

487 5554 523 5623 in
552 5554 658 5645 sylvis
685 5552 997 5625 sanctimonialium
1016 5553 1052 5621 in
1072 5552 1180 5623 cruda
1204 5551 1323 5622 radice
1350 5551 1474 5638 locato„
1501 5549 1598 5621 cuius
1625 5549 1823 5638 proprietas
1850 5546 1895 5617 ad
1921 5566 2037 5619 mona-

489 5673 634 5746 sterium
661 5674 778 5747 Sancti
805 5674 968 5747 Andreae
995 5672 1156 5763 pertinet
1182 5672 1223 5743 lu
1252 5692 1321 5762 qua
1347 5677 1429 5743 sunt
1455 5668 1660 5760 quindecim.
1677 5670 1771 5741 lanei
1797 5668 2037 5755 cmethouales,
