4492 6592
477 689 553 782 erc
645 633 651 738 ἶ

433 947 435 952 .
478 895 647 982 laborant,
673 893 755 962 item
784 911 921 986 osszycp
948 911 1016 964 non
1044 892 1198 982 solvunt;
1233 893 1318 962 item
1344 892 1493 963 taberna
1517 910 1588 962 una
1613 891 1745 962 babens
1772 909 1909 980 agros,
1936 888 2036 960 soluit

477 993 580 1086 unam
608 1033 824 1104 sexagenum,
851 1013 935 1084 item
961 1013 1181 1084 hortulaniae
1208 1033 1276 1085 non
1304 1019 1406 1102 sunt,
1432 1013 1515 1084 item
1543 1011 1723 1102 praedium
1750 1031 1824 1082 uon
1855 1015 1933 1100 est,
1960 1011 2037 1081 item

476 1117 627 1206 laborat
640 1133 758 1206 eadem
779 1133 863 1204 villa
879 1135 915 1204 in
943 1135 1138 1224 septimana
1164 1139 1237 1204 tres
1264 1133 1338 1204 dies
1365 1134 1510 1224 proprio
1536 1137 1657 1203 aratro
1682 1138 1745 1204 aut
1771 1149 1909 1218 curm3
1936 1131 2039 1202 babet

474 1275 541 1346 pro
558 1276 596 1326 se
623 1261 660 1326 et
677 1255 819 1345 praedio
839 1275 901 1341 suo
920 1255 1038 1326 lanam
1056 1261 1092 1326 et
1110 1254 1216 1326 soluit
1234 1254 1442 1326 decimam...
1462 1251 1550 1325 Item
1566 1273 1686 1324 omnes
1704 1254 1781 1344 agri
1798 1254 1921 1324 totins
1940 1250 2038 1323 villae
2129 1263 2130 1294 ³

476 1376 616 1448 solvunt
643 1355 809 1448 decimam
837 1376 1085 1466 manipularem
1113 1381 1150 1445 et
1175 1377 1392 1466 canapalem‚
1419 1375 1464 1447 de
1489 1394 1559 1446 nno
1586 1393 1709 1464 campe
1733 1395 1798 1464 pro
1830 1374 2039 1464 episcopatu

477 1495 713 1608 cracoviensi,
741 1501 777 1566 et
803 1516 868 1586 pro
895 1496 1041 1566 ecclesia
1068 1496 1102 1565 in
1131 1495 1399 1585 Xangnicze
1423 1501 1460 1568 et
1485 1496 1564 1567 eius
1587 1495 1736 1585 plebano
1763 1495 1809 1567 de
1839 1495 1982 1584 altero,
2006 1501 2040 1565 et

446 1615 449 1620 “
477 1618 575 1690 valor
610 1618 685 1688 eius
721 1637 781 1688 aes
781 1618 926 1688 timetur
961 1617 1006 1686 ad
1043 1616 1161 1687 decem
1192 1635 1326 1687 marcas
1361 1616 1405 1687 de
1440 1636 1510 1688 nno
1543 1635 1665 1706 campo
1701 1617 1756 1690 vel
1783 1615 1961 1688 aestivali
1987 1617 2039 1687 rel

476 1739 645 1830 hyemali3
671 1759 762 1810 anno
790 1742 904 1809 autem
932 1737 1039 1808 tertio
1071 1737 1165 1808 tollit
1191 1741 1301 1808 totam
1328 1737 1550 1827 episcopatus
1577 1737 1829 1808 Gracoriensis.
1875 1735 2039 1855 Confluat

336 1947 341 1954 ,
477 1883 553 1934 cnm
580 1859 903 1950 Moylrowiczc‚
930 1858 1214 1949 Bialrnpicze
1240 1863 1277 1929 et
1302 1858 1578 1949 Xangnicze

581 1981 748 2071 Donnnr,
775 1980 859 2050 villa
884 1979 952 2051 sub
975 1980 1142 2069 parocbia
1168 1980 1211 2050 de
1238 1977 1506 2071 Xangnioze
1532 1982 1734 2074 altamira
1760 1981 1972 2071 proprietas
1997 1979 2038 2050 ad

478 2103 727 2175 monasterinm
754 2101 978 2172 Thincziense
1005 2101 1167 2191 pertinet
1202 2101 1243 2171 ln
1271 2122 1340 2192 qua
1365 2122 1435 2173 non
1461 2109 1543 2174 sunit
1569 2104 1660 2174 lanei
1687 2102 1954 2190 cmetbonales,
1980 2101 2038 2172 sed

477 2223 717 2296 tantummodo
740 2219 820 2294 octo
846 2222 1085 2312 hortulaniae,·
1102 2227 1138 2293 et
1164 2223 1312 2313 quilibet
1337 2223 1442 2294 solvit
1467 2229 1546 2295 octo
1571 2244 1713 2314 grossos
1730 2243 1795 2315 pro
1814 2243 1940 2312 censu,
1958 2201 2042 2292 iten'

478 2365 545 2418 ova
579 2367 648 2416 non
685 2343 840 2433 solvunt,
867 2343 951 2414 item
977 2342 1087 2432 gallos
1115 2364 1184 2414 non
1211 2345 1368 2433 solvunt,
1385 2345 1478 2415 ¹item
1505 2363 1624 2418 casem
1650 2365 1719 2416 non
1746 2345 1916 2432 selrunt3
1957 2333 2034 2414 bern

429 2459 432 2464 ’
477 2467 638 2538 laborant
665 2483 768 2536 unum
796 2463 885 2534 diem
914 2464 949 2534 in
978 2463 1172 2554 septimana
1197 2465 1341 2554 proprio
1367 2482 1472 2536 curru
1498 2471 1559 2536 aut
1586 2470 1723 2554 aratro3
1749 2467 1832 2540 item
1851 2462 2032 2560 modom

478 2607 550 2660 nen
573 2587 752 2675 laborant,
780 2585 864 2657 item
891 2605 1028 2680 oaczpcp
1051 2581 1124 2656 ¹non
1152 2585 1311 2686 solvunt3
1337 2587 1423 2656 item
1447 2587 1595 2657 tabem
1622 2594 1677 2658 est
1702 2587 1755 2657 ibi
1779 2607 1870 2676 uua,
1901 2586 2029 2656 babens

477 2729 590 2799 agros,
617 2727 705 2798 quae
732 2705 837 2776 soluit
863 2725 926 2795 pro
954 2723 1059 2778 censu
1087 2727 1191 2778 unam
1217 2727 1445 2796 sexagenam3
1472 2708 1553 2778 item
1582 2707 1789 2797 hortularia
1816 2688 1906 2777 itero
1936 2725 2031 2796 prae
2090 2740 2093 2744 ·

478 2830 571 2900 dium
598 2835 653 2899 est
680 2827 889 2916 coenobiale,
916 2826 959 2897 de
987 2847 1056 2919 qno
1081 2829 1330 2898 monasterium
1348 2827 1441 2898 tollit
1460 2847 1525 2918 pro
1541 2849 1579 2899 se
1596 2828 1773 2900 decimam.
1801 2829 1894 2899 leem
1916 2845 2030 2897 omnm

477 2952 554 3041 agri
580 2949 682 3021 villae
718 2948 858 3020 solvunt
892 2953 929 3018 et
963 2947 1160 3019 conducunt
1194 2948 1360 3020 deciman
1388 2950 1639 3040 manipularem
1673 2955 1711 3020 et
1736 2951 1945 3040 canapalern
1971 2965 2029 3036 pro

477 3071 624 3144 ecclesia
648 3069 839 3159 parochiali
866 3067 901 3138 in
929 3066 1206 3158 Xangnicze,
1233 3076 1269 3141 et
1295 3070 1394 3140 valor
1420 3070 1495 3141 eius
1513 3071 1781 3142 aestirmtnrad
1799 3071 1924 3142 decern
1944 3089 2029 3139 mar·

478 3213 546 3263 cas.
574 3189 733 3262 Confinat
717 3195 834 3260 tcum
863 3187 1100 3279 Jaksicze,
1127 3189 1488 3262 Sziroslauicze
1498 3191 1819 3282 MXangnicze
1846 3170 2027 3280 Moylro

478 3313 626 3400 winae,
654 3309 948 3399 Bislsnpicze.

581 3427 915 3520 winteswille
942 3431 1005 3502 sub
1033 3431 1199 3522 parocbia
1224 3431 1268 3502 de
1294 3430 1503 3503 Gzirkeu
1528 3427 1605 3522 sita
1632 3433 1730 3503 cuius
1755 3434 1958 3523 proprietas
1984 3430 2024 3500 ad

477 3551 723 3624 monasterinm
759 3551 964 3622 Thinciense
999 3551 1160 3663 pertinet
1200 3551 1240 3621 ln
1277 3573 1345 3641 qua
1375 3557 1457 3622 sant
1490 3557 1563 3623 tres
1598 3552 1690 3623 lanei
1716 3554 1965 3640 cmetbonales‚
1990 3555 2023 3619 et

476 3675 615 3746 soluunt
640 3694 704 3762 pro
731 3693 836 3744 censu
862 3673 948 3743 duas
976 3691 1109 3744 marcas
1138 3672 1257 3761 simul,
1285 3673 1368 3743 item
1397 3693 1463 3744 oua
1488 3674 1653 3763 triginta,
1679 3675 1763 3743 item
1789 3675 1904 3763 gallos
1931 3673 2021 3754 dnos,

477 3797 560 3866 item
588 3815 724 3868 caseum
761 3815 886 3882 nuum3
921 3794 1004 3864 item
1040 3794 1178 3864 labores
1206 3794 1341 3883 aliquos
1368 3815 1436 3864 non
1463 3793 1613 3884 buum,
1639 3795 1722 3865 item
1749 3794 1932 3889 poscebam
1958 3809 2019 3863 uon
2127 3860 2128 3873 2

475 3917 644 4006 laborant,
672 3915 752 3985 item
781 3935 918 4008 orcamp
946 3936 1013 3984 non
1041 3915 1196 4002 solvunt3
1223 3915 1304 3984 item
1323 3916 1490 3985 tabernae
1509 3926 1576 3986 non
1596 3916 1787 4006 enubilem
1806 3915 2019 3987 bortulaninc
2122 3904 2126 3965 ῗ

476 4059 544 4108 non
571 4043 661 4126 suna
689 4037 770 4106 item
798 4035 978 4126 praedium
1006 4035 1205 4106 coenobiale
1232 4055 1300 4103 non
1328 4039 1391 4104 est.
1418 4035 1504 4105 ltem
1532 4052 1651 4106 omnes
1670 4037 1748 4124 agri
1765 4035 1869 4106 villae
1888 4035 2020 4106 solrnnt
2123 4016 2127 4025 ’

476 4157 641 4228 decimam
669 4157 917 4246 manipularem
946 4177 1009 4245 pro
1036 4155 1181 4226 ecclesia
1207 4160 1244 4224 et
1269 4136 1417 4245 plebano
1444 4156 1479 4225 in
1508 4156 1772 4246 Lapszicze‚
1799 4159 1899 4228 cuins
1929 4154 2018 4229 valor
2125 4124 2126 4149 ¹

476 4279 520 4349 ad
548 4285 698 4368 quatuor
724 4297 878 4366 marcas3
905 4277 988 4347 item
1016 4283 1071 4348 est
1097 4275 1145 4346 ibi
1174 4275 1333 4346 scoltetia
1358 4277 1490 4348 babens
1508 4277 1595 4348 duos
1615 4279 1743 4348 laneos.
1770 4277 1934 4350 eandm
1948 4293 2016 4346 cun

477 4399 831 4488 Wanszowicze,
857 4397 1166 4485 Damorowka
1194 4396 1547 4532 Bratbnczicze,
1576 4399 1876 4489 Bognczicze,
1904 4397 2017 4470 Gnir·
2123 4396 2127 4405 '

476 4520 580 4608 lew,
607 4517 835 4590 Banszow.
2123 4506 2127 4595 Ϊ

577 4637 797 4709 Xnnemcnn
824 4637 984 4729 Maesa,
1021 4637 1103 4708 villa
1129 4639 1261 4710 babens
1289 4639 1467 4710 ecclesiam
1494 4639 1765 4730 parochialem
1755 4661 1790 4710 m
1818 4661 1867 4731 se,
1895 4641 2013 4711 Sancto
2127 4670 2128 4673 ¹

475 4759 651 4849 Stephano
677 4759 752 4849 regi
779 4757 938 4850 dicatam,
965 4759 1061 4830 cuius
1076 4761 1272 4854 proprietas
1291 4759 1338 4830 ad
1353 4762 1599 4833 monasterium
1629 4760 1835 4832 Tbinoiense
1864 4763 2013 4852 pertinet,
2123 4784 2128 4827 s

475 4882 603 4953 donata
629 4879 840 4952 monasterio
867 4899 930 4970 per
944 4879 979 4965 ,J
989 4880 1120 4950 uditb
1149 4880 1313 4951 Poloniae
1339 4881 1503 4970 reginam.
1530 4881 1569 4952 ln
1590 4902 1658 4971 qua
1684 4887 1766 4953 sunt
1782 4882 1912 4953 'decem
1931 4878 2011 4953 lanei
2122 4890 2127 4975 ξ

369 5083 373 5100 .
475 5002 725 5092 emethonales,
760 5001 804 5072 de
833 5021 977 5092 qnorum
1006 4995 1160 5090 quolibet
1185 5001 1332 5072 solvitur
1366 5021 1431 5090 pro
1458 5021 1562 5072 censo
1590 5021 1705 5072 annuo
1741 5023 1813 5074 una
1837 5020 2010 5094 sexagena
2123 4978 2128 5065 ἶ

343 5125 346 5131 “
474 5125 558 5194 item
586 5144 652 5194 ova
677 5123 831 5212 triginta,
858 5123 941 5192 item
969 5121 1051 5211 galli
1079 5121 1167 5209 duo;
1203 5124 1285 5192 item
1313 5141 1432 5192 caseos
1459 5143 1527 5193 non
1555 5123 1714 5211 solrout3
1749 5123 1833 5194 item
1862 5123 2011 5196 laborant
2121 5125 2127 5189 l

475 5249 547 5312 tres
575 5243 711 5314 diesin
739 5244 942 5333 septimana,
982 5244 1123 5332 proprio
1151 5263 1255 5313 curru
1282 5249 1343 5313 aut
1369 5249 1507 5332 aratro,
1542 5244 1625 5313 item
1648 5242 1832 5337 peneadem
1858 5267 1930 5317 non
1955 5241 2012 5314 sol·
2123 5228 2129 5280 ³

475 5369 578 5451 vunt,
613 5365 695 5433 item
713 5455 714 5458 Ἴ
732 5364 878 5434 taberna
913 5385 982 5434 nna
1017 5363 1155 5453 plebani
1178 5365 1322 5435 babens
1356 5383 1479 5452 agra,
1506 5369 1541 5432 et
1567 5364 1672 5435 solvit
1704 5369 1854 5454 quatuor
1880 5379 2010 5444 marces,

475 5481 559 5550 item
585 5483 673 5554 duae
700 5483 917 5558 hortulaniae
944 5485 1102 5575 plebani,
1140 5489 1177 5554 et
1203 5484 1365 5555 laborant
1389 5485 1499 5575 diem,
1536 5486 1618 5556 item
1649 5486 1870 5557 hortulaniac
1906 5504 2010 5559 mona·

476 5601 576 5672 sterii
602 5608 690 5691 octo,
717 5603 820 5673 solvit
838 5604 1012 5694 quaelibet
1030 5611 1179 5694 quatuor
1195 5625 1337 5694 grossos
1355 5611 1392 5675 et
1410 5627 1515 5676 unum
1532 5605 1625 5678 diem
1641 5606 1823 5695 pedestres
1850 5606 2010 5680 laborant.
