4492 6592
483 743 554 819 166

479 973 544 1044 600
577 973 615 1025 00
641 951 725 1025 00116
760 957 796 1024 06
831 951 935 1041 00016,
971 957 1008 1024 06
1043 951 1080 1022 16
1118 951 1232 1041 60160
1268 950 1407 1022 illorum
1441 951 1550 1022 babet
1574 950 1827 1040 hamalarium,
1867 949 1908 1020 in
1935 948 2045 1022 altero

478 1074 731 1146 braseatorium
759 1073 972 1144 0616600610
1000 1072 1239 1161 caulatorium3
1266 1091 1387 1143 omnes
1414 1078 1532 1143 06606
1558 1073 1654 1144 borti
1679 1071 1827 1162 praefati
1856 1090 1927 1160 600
1954 1091 2045 1141 006-

479 1194 705 1266 6660610606
732 1199 769 1264 06
794 1193 1006 1264 additionem
1032 1194 1257 1283 pecuniarum
1283 1193 1442 1264 conversi
1467 1198 1550 1264 sunt
1576 1192 1613 1263 in
1631 1194 1773 1265 bortum
1798 1211 1929 1279 6666,
1954 1191 2047 1262 01000

383 1343 388 1350 ·
480 1315 660 1386 ecclesiam
686 1312 805 1386 Sancti
831 1313 1092 1386 Bartholomaei
1118 1314 1279 1385 locatum.
1324 1313 1411 1384 Item
1436 1314 1686 1386 monasterium
1712 1311 1916 1403 praefatum
1943 1312 2049 1382 babet

481 1434 573 1507 infra
599 1434 764 1526 oppidum
800 1433 1033 1506 Olobuczense
1060 1436 1096 1506 iu
1124 1441 1254 1524 atrata,
1291 1455 1379 1525 quae
1412 1434 1458 1506 de
1485 1432 1776 1506 Globuczsko
1801 1433 1838 1503 in
1868 1431 1918 1502 W
1926 1431 2049 1522 yllo·

481 1557 722 1648 wyoczsko
750 1555 921 1645 decurrit,
949 1555 1034 1628 duas
1066 1555 1234 1645 piscinas,
1268 1555 1467 1626 immediate
1502 1555 1570 1626 sibi
1596 1555 1797 1645 contiguas,
1832 1573 1918 1624 curn
1946 1552 2048 1641 pleno

480 1677 566 1768 iure,
593 1678 741 1748 situatas
767 1676 803 1746 iu
829 1681 987 1748 torrente
1014 1676 1286 1766 Brinnicza,
1313 1682 1350 1748 et
1366 1677 1507 1747 6006106
1534 1675 1619 1747 emit
1644 1675 1865 1746 Andreas
1895 1693 2047 1763 praepo-

480 1799 569 1870 situs
596 1795 841 1869 Olobuczensis
876 1797 970 1886 apud
996 1795 1181 1868 Albertum
1217 1803 1253 1867 et
1278 1796 1456 1868 andream
1492 1796 1646 1867 Kukla
1671 1817 1735 1886 pro
1762 1795 1892 1886 viginti
1920 1794 2047 1864 marala

486 1920 596 1990 1466.
636 1918 724 1988 Item
759 1918 866 1988 babet
892 1918 1140 1990 monasterium
1176 1915 1371 2007 praefatum
1406 1917 1569 1990 videlicet
1595 1924 1757 2007 quartam
1783 1917 1961 2007 piscium
1982 1915 2047 1985 sub

479 2039 648 2110 limitibus
674 2044 710 2108 et
735 2039 894 2110 terminis
920 2038 1039 2128 oppidi
1065 2037 1309 2110 Globucaansis
1333 2058 1456 2110 versus
1483 2039 1601 2110 villam
1628 2037 1848 2129 lay-hydra
1874 2037 2044 2109 01660606

482 2180 570 2250 6600
597 2157 905 2251 Gorylowsky
932 2167 1046 2231 stau
1073 2160 1302 2232 communiter
1327 2159 1533 2250 appelletur,
1561 2161 1648 2231 00610
1674 2159 1823 2249 amplam
1850 2164 1890 2229 et
1908 2157 2045 2245 bonam,

412 2299 419 2316 ·
482 2301 584 2370 quam
612 2279 825 2350 Andreas
853 2281 1073 2370 praepositus
1110 2279 1354 2352 Olobu'czeusis
1385 2281 1421 2350 in
1449 2288 1578 2352 sortem
1606 2286 1811 2370 perpetuam
1837 2276 2045 2349 monasterii

483 2398 725 2472 Globuczensis
758 2420 821 2489 pro
849 2402 1032 2490 sexaginta
1067 2401 1194 2472 marcis
1221 2403 1410 2474 communis
1446 2403 1612 2491 pecuniae
1645 2401 1862 2496 compararit
1895 2398 1998 2469 1465
2016 2415 2044 2467 a

484 2521 572 2592 Item
599 2521 635 2591 in
654 2499 779 2592 eodem
798 2521 930 2612 oppido
958 2520 1258 2594 Globuczslro
1284 2543 1353 2595 nou
1379 2528 1435 2594 est
1461 2522 1602 2612 aliquod
1629 2521 1809 2611 praedium
1835 2519 1962 2610 regale
1988 2514 2047 2588 ue-

481 2661 548 2732 que
575 2642 680 2712 curia
724 2640 812 2712 Item
838 2623 921 2713 sunt'
947 2642 983 2712 in
1002 2643 1122 2714 eodem
1151 2642 1279 2733 oppido
1309 2643 1378 2714 dno
1405 2639 1920 2732 60106660066000616100
1947 2639 2043 2728 oppi-

370 2859 375 2865 ·
481 2761 564 2834 dum
591 2763 627 2833 in
654 2768 822 2834 60000660.

588 2878 833 2956 Thelaneum
863 2878 1140 2956 Olobuczenaa
1167 2904 1211 2955 er
1237 2884 1381 2974 antiquo
1406 2889 1563 2974 6066000
1590 2883 1727 2954 tollitur
1754 2887 1791 2952 06
1816 2879 2042 2972 recipiturin

482 3002 610 3092 oppido
637 3000 938 3092 Globuczsko,
965 3009 1002 3073 et
1028 3004 1195 3074 universa
1226 3005 1302 3075 eius
1328 3005 1506 3094 perceptio
1534 3005 1609 3076 siue
1637 3003 1866 3075 diminutione
1896 3000 1944 3072 ad
1970 3019 2041 3070 mo-

482 3121 941 3206 60060666610106000600
976 3125 1138 3213 pertinet.
1177 3125 1316 3196 Dantur
1350 3131 1467 3196 06606
1493 3145 1558 3215 600
1584 3125 1748 3196 theloneo
1774 3121 1994 3210 huiuamodi,
2019 3138 2041 3189 0

484 3242 640 3332 quolibet
665 3243 754 3313 bore
782 3248 818 3314 et
844 3263 949 3315 vacca
975 3251 1050 3316 tres
1077 3245 1222 3335 denarii,
1249 3247 1332 3318 item
1359 3245 1403 3317 de
1429 3246 1585 3336 qualibet
1610 3265 1724 3336 capra,
1751 3265 1816 3316 ore
1837 3250 1875 3316 06
1892 3241 2042 3332 scropha

484 3361 554 3438 duo
582 3362 736 3450 denarii,
764 3363 847 3434 item
875 3365 918 3436 de
946 3365 1101 3455 quolibet
1128 3387 1219 3457 aquo
1245 3387 1395 3455 currum,
1422 3367 1478 3439 vel
1504 3367 1699 3438 vehiculum
1724 3368 1888 3439 trahente
1906 3363 2039 3435 medius

482 3503 644 3574 grossus;
660 3484 754 3556 1606
781 3503 803 3556 0
830 3485 964 3558 duobus
992 3487 1089 3576 equis
1117 3489 1177 3577 qui
1203 3487 1382 3577 pelluntur
1407 3488 1463 3561 vel
1489 3488 1665 3560 ducuntur
1681 3487 1816 3559 modius
1832 3505 1989 3576 grossus.

589 3601 787 3676 Bntlrowa.
824 3606 913 3678 Item
948 3607 2037 3698 6066666661016600060010010060000660606010600

483 3725 641 3796 omnibus
678 3727 860 3817 oppidanis
895 3733 931 3800 et
966 3729 1174 3802 suburbanis
1207 3729 1523 3821 Klobuozeusibus,
1549 3731 1731 3802 cervisiam
1767 3736 1829 3801 aut
1854 3728 2033 3800 medonem

482 3847 766 3940 propinantibus,
794 3849 853 3939 qui
880 3857 1025 3922 vocatur
1052 3849 1222 3938 666606ος
1258 3852 1405 3943 qnilibet
1431 3855 1524 3924 enim
1549 3845 1731 3925 cerrIsiam
1758 3853 1794 3922 in
1822 3850 1952 3941 oppido
1979 3853 2037 3918 aut

483 3969 659 4040 suburbiis
695 3971 770 4042 eius
806 3972 1015 4062 propinans,
1050 3978 1191 4046 tenetur
1225 3975 1437 4046 monasterio
1473 3971 1611 4046 solvere
1637 3995 1742 4046 uuum
1769 3991 1951 4064 grossum,
1979 3967 2036 4059 qui

483 4090 663 4162 cervisiam
690 4097 727 4162 et
753 4091 932 4164 medonem
959 4093 1211 4185 propitiarent,
1237 4100 1377 4167 6060660
1403 4095 1539 4168 solvere
1564 4096 1777 4167 monasterio
1795 4100 1871 4166 tres
1888 4107 2036 4184 grossos
2132 4111 2136 4120 ·

525 4247 529 4260 ·
574 4207 811 4284 *Or-atomum
841 4209 972 4286 Sancti
1003 4211 1301 4289 Bar-tholomaei
1328 4217 1416 4287 Item
1434 4222 1535 4288 extra
1552 4217 1717 4307 oppidum
1735 4215 1971 4287 Globaczense
1987 4215 2037 4282 est

483 4329 628 4401 ecclesia
664 4329 696 4400 S.
724 4331 983 4404 Bartholomaei
1018 4335 1151 4424 lignea,
1178 4355 1256 4406 cum
1289 4339 1497 4410 coemeterio
1524 4337 1610 4409 satis
1637 4337 1772 4427 amplo,
1791 4337 1867 4407 iuri
1894 4341 1932 4406 et
1959 4350 2035 4425 pro·

481 4450 625 4539 prietati
662 4453 863 4524 monasterii
899 4452 1144 4527 Olobuczensis
1180 4457 1216 4527 in
1251 4459 1411 4530 omnibus
1446 4465 1483 4529 06
1504 4478 1577 4549 600
1603 4459 1719 4531 omnia
1744 4459 1923 4547 subiecta,
1952 4471 2035 4546 quae

483 4589 547 4659 per
563 4569 691 4642 fratres
718 4574 920 4646 monasterii
956 4575 1101 4665 singulis
1139 4577 1262 4650 diebm
1289 4578 1471 4651 domiuicis
1498 4586 1535 4651 et
1560 4581 1596 4651 16
1623 4579 1723 4652 100610
1749 4578 1897 4650 Sanctae
1924 4573 2034 4648 Trini-

482 4690 577 4780 tatis,
596 4691 832 4766 Dedicationis
859 4701 895 4767 06
920 4695 953 4768 S.
980 4695 1241 4770 Bartholomaei
1267 4697 1448 4790 officiatur,
1473 4706 1619 4792 propter
1644 4700 1919 4789 66160οο06000
1935 4715 2033 4788 6000

483 4810 684 4884 chianorum
721 4811 1023 4904 Olobuczansinm,
1059 4839 1147 4909 quae
1182 4820 1219 4892 in
1254 4841 1297 4892 00
1331 4822 1431 4892 etin
1457 4822 1532 4894 eius
1566 4822 1774 4919 coemeterio
1805 4820 2032 4910 requiescunt
2080 4861 2086 4868 ,

482 4929 599 5003 Pestis
626 4934 717 5004 enim
744 4941 902 5028 tempore
929 4944 974 5010 06
993 4939 1029 5010 16
1056 4940 1135 5010 aliis
1162 4961 1300 5032 quoque
1326 4943 1562 5033 temporibus,
1589 4943 1634 5014 ad
1660 4941 1862 5014 evitandum
1887 4939 2033 5011 10060000

482 5057 520 5123 06
554 5073 704 5144 venena,
740 5063 885 5147 propter
920 5060 1167 5132 arctitudinem
1201 5069 1238 5133 06
1274 5062 1442 5134 ecclesiae
1477 5063 1687 5136 coenobIalis
1713 5069 1751 5133 et
1776 5059 1978 5133 coemeterii
2001 5061 2034 5126 et

482 5173 610 5264 oppidi,
636 5175 843 5248 6616011110
870 5198 1018 5270 corpora
1043 5182 1244 5254 mortalium
1269 5203 1313 5259 ex
1339 5182 1425 5254 vicis
1451 5183 1620 5274 adducta,
1647 5173 1722 5256 illic
1745 5183 1976 5273 sepeliuntur.

589 5291 749 5369 Hortor.
790 5296 893 5369 quta
919 5307 1035 5372 autem
1062 5303 1310 5376 coemeterium
1336 5300 1456 5375 Sancti
1482 5303 1744 5376 Bartholomaei
1771 5309 1826 5374 est
1852 5321 1936 5373 0000
1961 5315 2031 5372 curu

482 5412 605 5504 horto,
631 5415 677 5488 ad
712 5421 959 5492 monasterium
994 5419 1228 5496 Olobuczeuse
1243 5425 1449 5515 6006160000,
1476 5425 1521 5497 da
1547 5425 1673 5516 quibus
1699 5444 1765 5515 pro
1790 5443 1907 5494 annno
1933 5438 2031 5492 oenau

484 5532 634 5604 solvitur
660 5540 870 5612 monasterio
898 5539 1125 5616 Globuczensi
1148 5565 1238 5616 uuus
1263 5542 1364 5618 10060.
1451 5549 1457 5558 “

589 5651 804 5731 Macellum.
832 5659 921 5732 item
947 5662 984 5733 iu
1010 5665 1131 5736 eodem
1158 5665 1286 5756 oppido
1304 5665 1413 5739 babet
1428 5667 1676 5738 monasterinm
1694 5665 1929 5737 Olobuczense
1946 5665 2033 5734 inter
