4492 6592
450 733 556 804 18.

552 939 749 1032 Sanowrr,
776 940 860 1012 uilla
886 940 950 1012 snb
977 940 1145 1032 parochia
1170 938 1214 1011 de
1239 938 1397 1030 Kygyc
1424 939 1504 1028 sita,
1522 938 1619 1010 cuius
1637 938 1834 1028 proprietas
1851 937 2005 1028 pertinet

450 1063 494 1133 ad
530 1061 778 1134 monasterium
814 1060 1101 1154 Myechoviense‚
1128 1062 1165 1132 in
1193 1081 1261 1152 qua
1296 1066 1377 1132 sunt
1411 1066 1544 1150 septem
1570 1060 1663 1130 lanei
1688 1059 1941 1149 emetbonales,
1968 1065 2006 1130 et

445 1182 590 1274 quilibet
617 1181 722 1254 solvit
740 1237 747 1252 .
767 1236 774 1251 .
793 1236 801 1252 .
820 1236 845 1272 .‚
877 1181 962 1252 item
990 1202 1056 1254 ova
1083 1181 1240 1271 triginta,
1266 1181 1351 1252 item
1376 1181 1489 1272 gallos
1516 1181 1613 1271 duos,
1640 1180 1723 1251 item
1750 1201 1870 1257 caseos
1897 1180 1996 1269 duos,

447 1305 530 1374 item
557 1303 668 1393 labor,
694 1303 777 1376 item
797 1301 991 1398 promebam,
1019 1304 1102 1374 item
1129 1325 1265 1399 osazyep
1293 1303 1432 1375 solvunt
1450 1323 1514 1394 pro
1533 1303 1755 1374 monasterio.¹
1779 1302 1868 1372 Item
1886 1302 2004 1372 taber-

442 1445 507 1496 nae
534 1445 604 1496 non
632 1430 714 1497 sunt
745 1425 780 1495 in
808 1424 928 1496 eadem
956 1426 1057 1516 villa,
1084 1446 1194 1516 neque
1221 1424 1462 1516 hortulaniae,
1489 1445 1601 1515 neque
1628 1423 1873 1496 molendinum.
1912 1423 2003 1494 Item

441 1551 496 1618 est
522 1547 558 1617 in
585 1545 707 1618 eadem
735 1546 817 1618 villa
842 1568 949 1618 unum
976 1545 1157 1636 praedium
1183 1546 1393 1636 coenobiale,
1422 1546 1465 1617 de
1491 1546 1589 1618 cuius
1616 1546 1712 1636 agris
1738 1545 1886 1618 solvitur
1904 1544 1998 1614 deci·

442 1688 498 1738 ma
525 1667 750 1758 manipularis
777 1667 942 1740 ecclesiae
970 1667 1162 1757 parochiali
1188 1668 1224 1738 in
1250 1666 1419 1760 Kygye.
1445 1667 1534 1738 Item
1561 1687 1680 1738 omnes
1707 1667 1784 1756 agri
1810 1666 1912 1738 villae
1931 1665 2002 1738 sol-

442 1793 529 1860 vunt
556 1794 591 1858 et
617 1787 814 1860 conducunt
840 1787 1009 1860 decimam
1045 1787 1297 1879 manipularem
1323 1793 1359 1860 et
1385 1789 1602 1879 cauapalem,
1629 1788 1691 1860 sed
1718 1788 1793 1859 eius
1821 1787 2001 1878 perceptio

443 1909 710 1982 diversificatur:
737 1930 816 1980 nam
843 1909 885 1980 de
914 1931 982 1980 una
1008 1909 1197 1982 medietate
1224 1930 1388 1998 agrorum
1414 1909 1563 2000 percipit
1580 1909 1676 1980 illam
1694 1908 1893 2000 praebenda
1909 1906 1994 1978 Kel-

394 2119 399 2133 .
443 2031 588 2102 oriensis
614 2030 817 2122 Zydowslm,
844 2031 887 2102 de
910 2031 1021 2102 altera
1038 2051 1122 2102 vero
1140 2030 1328 2104 medietate
1345 2031 1494 2122 percipit
1510 2031 1606 2102 illam
1623 2031 1769 2102 ecclesia
1786 2029 1996 2122 parochialis

444 2153 479 2222 in
507 2151 671 2244 Kygye.
699 2151 859 2224 (lonfinat
886 2173 964 2226 cum
992 2152 1159 2243 Kygye,
1186 2150 1674 2243 Szandziwoyowicze.

548 2272 788 2363 Innowumr,
815 2273 899 2344 villa
925 2273 989 2346 sub
1008 2272 1174 2362 parochia
1191 2271 1235 2344 de
1253 2271 1665 2364 Swyantbomarza
1690 2291 1799 2362 prope
1816 2271 2002 2344 Bodzan-

361 2393 365 2402 '
394 2429 396 2434 ¹
445 2394 545 2466 czin
574 2394 651 2483 sita,
678 2395 774 2464 euius
801 2395 999 2485 proprietas
1026 2393 1071 2464 ad
1098 2393 1347 2466 monasterium
1373 2393 1641 2484 Myecboviense
1667 2393 1828 2483 pertInet
1859 2393 1901 2464 ln
1929 2414 2000 2482 qua

443 2521 526 2587 sunt
562 2519 694 2606 septem
729 2515 821 2588 lanei
848 2515 1100 2605 cmethonales,
1113 2521 1164 2592 ‚et
1191 2515 1337 2606 quilibet
1363 2515 1469 2586 solvit
1494 2535 1600 2586 unam
1626 2535 1796 2604 marcam,
1822 2515 1906 2584 item
1933 2535 2002 2586 ova

443 2636 605 2726 triginta,
632 2636 713 2706 item
741 2637 852 2726 gallos
880 2635 986 2726 duos,
1014 2637 1097 2706 item
1125 2657 1243 2708 caseos
1270 2636 1366 2708 duos.
1405 2636 1494 2708 ltem
1519 2636 1658 2708 laborat
1684 2636 1829 2727 quilibet
1854 2636 1999 2725 proprio

444 2778 550 2827 curru
576 2763 637 2828 aut
663 2762 779 2829 aratro
807 2759 843 2829 in
871 2758 1222 2847 septimana...Item
1242 2756 1428 2852 powobom
1453 2779 1522 2828 non
1549 2759 1719 2830 laborant
1746 2758 1836 2828 Item
1862 2779 2000 2851 oaszyep

443 2878 584 2950 solvunt
619 2899 683 2970 pro
718 2880 939 2950 monasterio.
980 2879 1067 2950 item
1095 2886 1177 2950 sunt
1203 2880 1239 2950 in
1266 2879 1387 2955 eadem
1413 2879 1497 2950 villa
1523 2879 1612 2950 duae
1638 2880 1805 2950 tabernae
1831 2879 2001 2950 babentes
2119 2907 2123 2914 ·

443 3019 557 3090 agros,
584 3005 620 3070 et
647 3001 823 3090 quaelibet
850 3000 955 3070 solvit
982 3021 1045 3089 per
1069 3021 1232 3072 marcam.
1257 2999 1346 3072 Item
1373 3007 1454 3072 sunt
1482 3000 1570 3073 dnae
1592 3000 1810 3072 hortulaniae
1828 3000 1998 3072 habentes

443 3141 556 3210 agros,
584 3119 759 3210 quaelibet
785 3120 891 3191 solvit
918 3141 978 3212 sex
1004 3142 1156 3211 grossos,
1183 3127 1219 3192 et
1245 3121 1383 3192 laborat
1409 3121 1500 3194 diem
1528 3143 1632 3193 unum
1650 3123 1686 3192 in
1706 3122 1899 3210 septimana
1917 3141 1999 3210 pro·

443 3241 521 3330 prio
549 3261 662 3312 curru.
689 3241 777 3312 Item
805 3245 859 3312 est
885 3262 991 3312 unum
1018 3242 1198 3331 praedium
1225 3243 1434 3333 coenobIale,
1461 3243 1504 3314 de
1532 3243 1629 3314 cuius
1656 3242 1750 3332 agris
1777 3242 1909 3312 decima
1926 3263 1999 3314 ma-

441 3360 611 3452 nipularis
638 3361 786 3440 solvitur
812 3361 1075 3452 praepositurae
1094 3360 1289 3434 Kelcziensi
1307 3363 1343 3432 in
1358 3360 1575 3457 pooitbwom.
1601 3363 1689 3434 Item
1708 3385 1777 3434 non
1795 3369 1850 3434 est
1868 3363 1999 3434 molen-

444 3481 571 3552 dinum.
598 3481 685 3552 Item
714 3503 832 3554 omnes
860 3483 936 3572 agri
963 3483 1066 3554 villae
1093 3483 1236 3554 solvunt
1267 3489 1304 3556 et
1330 3483 1528 3556 conducunt
1554 3485 1722 3556 decimam
1748 3483 1998 3574 manipularem

443 3607 480 3674 et
507 3601 707 3694 canapalem
735 3624 799 3694 pro
826 3603 1069 3694 praepositura
1094 3603 1300 3695 Kelcziensi,
1327 3610 1364 3676 et
1390 3605 1488 3676 valor
1514 3605 1590 3676 eius
1615 3606 1820 3677 aestimatur
1846 3605 1890 3676 ad
1918 3612 1997 3676 octo

443 3743 586 3794 marcas.
616 3722 777 3796 Continet
804 3745 879 3796 cum
907 3724 1140 3818 Brzeszye
1159 3779 1166 3794 .
1185 3779 1219 3795 ..

547 3843 737 3936 Yunuczn,
773 3845 857 3918 villa
893 3845 957 3918 sub
984 3846 1151 3938 parochia
1182 3846 1348 3920 ecclesiae
1374 3848 1417 3919 de
1445 3847 1760 3921 Wroczirzisz
1786 3848 1873 3938 sita,
1899 3849 1997 3920 cuius

441 3965 637 4055 proprietas
664 3973 701 4037 et
727 3966 915 4038 dominium
942 3967 987 4040 ad
1013 3967 1263 4042 monasterium
1288 3968 1557 4059 Myeoboviense
1584 3969 1744 4059 pertinet
1769 3969 1811 4039 In
1830 3969 1998 4060 quaeunt

441 4091 515 4157 tres
542 4085 634 4158 lanei
670 4089 922 4180 emethonaleo,
949 4095 987 4160 et
1014 4090 1160 4180 quilibet
1184 4091 1291 4164 solvit
1315 4112 1380 4181 pro
1407 4111 1512 4162 censu
1539 4090 1686 4162 mediam
1713 4112 1883 4181 marcam,
1910 4092 1995 4162 item

441 4226 506 4277 ova
542 4207 704 4298 triginta,
741 4209 824 4280 item
858 4209 970 4299 gallos
1007 4211 1112 4300 droa,
1148 4212 1233 4282 item
1266 4231 1386 4282 caseos
1412 4211 1517 4302 duos,
1543 4212 1628 4282 item
1654 4212 1815 4284 laborant
1841 4212 1932 4284 diem
1959 4213 1996 4282 iu

443 4326 650 4425 septimana!
672 4327 814 4416 proprio
852 4349 956 4400 curru
983 4335 1045 4400 aut
1071 4335 1200 4402 aratro.
1240 4331 1329 4402 Item
1355 4353 1492 4426 osszpep
1519 4332 1658 4404 solvunt
1683 4353 1747 4423 pro
1773 4333 1994 4404 monasterio.

439 4446 526 4516 Item
546 4445 732 4540 poscebam
758 4470 826 4520 non
854 4448 1025 4522 laborant.
1052 4449 1141 4522 Item
1167 4452 1333 4524 tabernae
1360 4473 1430 4524 non
1455 4460 1546 4524 sunt.
1572 4453 1659 4525 Item
1686 4453 1906 4525 hortulaniae
1923 4475 1993 4525 non

439 4572 528 4636 sunt.
555 4566 644 4638 ltcm
671 4567 904 4642 molendinum
932 4592 1000 4643 non
1028 4579 1083 4644 est
1108 4573 1146 4644 in
1172 4573 1293 4646 eadem
1319 4574 1411 4646 villa.
1438 4575 1526 4646 ltem
1552 4575 1733 4666 praedium
1752 4597 1820 4647 non
1839 4582 1894 4648 est
1912 4595 1991 4648 eoe-

439 4687 576 4758 nobiale
604 4688 638 4758 in
667 4689 784 4760 eadem
812 4691 904 4762 villa.
930 4693 1019 4764 Item
1045 4699 1127 4783 post
1153 4715 1272 4766 omnes
1298 4716 1401 4808 agros
1428 4697 1531 4768 villae
1558 4696 1705 4768 solvitur
1731 4697 1865 4768 decima
1881 4698 1994 4768 mani·

303 4823 308 4834 ‘
439 4808 572 4897 pularis
609 4813 644 4879 et
680 4812 873 4902 campalis,
909 4834 973 4903 pro
1010 4815 1156 4888 ecelesia
1195 4817 1233 4886 in
1260 4815 1610 4890 Wroczirziscb
1637 4819 1830 4908 parochiali
1856 4826 1892 4891 et
1918 4821 1993 4890 eins

438 4929 597 5021 plebano,
625 4931 760 5002 eteius
788 4933 886 5004 valor
913 4935 1118 5007 aestimatur
1144 4937 1190 5008 ad
1217 4937 1303 5010 duas
1331 4959 1474 5011 marcas.
1503 4939 1662 5011 Confinat
1687 4960 1764 5010 cnm
1795 4939 1992 5011 Wroczi-

437 5052 604 5142 rniseh‚
632 5053 744 5124 altera
770 5053 972 5128 Yedlcza
999 5057 1216 5148 militar-i,
1241 5059 1472 5152 Zagayow.

541 5172 691 5265 Ouaow,
718 5175 801 5248 villa
828 5177 890 5249 sub
921 5179 1087 5268 parocbia
1114 5180 1157 5250 de
1184 5180 1478 5254 Prandoczin
1506 5182 1583 5275 sita,
1610 5184 1707 5254 cuius
1731 5183 1928 5274 proprietas
1945 5183 1991 5254 ad

437 5297 683 5368 monasterium
711 5297 979 5390 Myechoviense
1006 5301 1170 5392 pertinet.
1197 5303 1237 5372 ln
1265 5325 1333 5394 qua
1361 5311 1442 5376 sunt
1468 5311 1546 5376 octo
1573 5305 1665 5376 lanei
1693 5305 1937 5395 emetbonales,
1954 5311 1991 5376 et

437 5415 583 5504 quilibet
618 5419 722 5492 solvit
757 5441 821 5510 pro
858 5442 962 5494 censu
998 5443 1101 5494 unam
1138 5445 1344 5514 sexagenam
1381 5447 1445 5516 pro
1473 5429 1683 5498 monasterio
1710 5427 1990 5516 blpecnovienst3

436 5537 519 5606 item
547 5559 613 5609 ova
639 5541 794 5633 triginta,
820 5545 902 5618 item
929 5544 1039 5634 gallos
1068 5552 1227 5638 quatuor,
1254 5548 1337 5618 item
1365 5567 1483 5641 caseos
1510 5548 1607 5618 duos.
1634 5548 1721 5618 Item
1748 5548 1887 5618 laborat
1913 5549 1989 5638 qui-

435 5658 522 5730 libet
549 5682 653 5732 unam
681 5663 770 5734 diem
799 5665 946 5736 mediam
974 5666 1010 5735 in
1038 5667 1239 5759 septimana,
1265 5671 1407 5760 proprio
1435 5690 1540 5740 curru
1566 5675 1627 5740 aut
1643 5677 1774 5759 aratro,
1793 5691 1856 5760 per
1874 5676 1986 5741 totum
