4492 6592
421 805 425 812 ,
486 719 557 797 188

358 1017 361 1021 ,
481 933 675 1004 conducunt
709 951 784 1004 eam
820 949 883 1022 pro
911 929 1121 1004 monasterio
1148 925 1366 1004 Thincziensi
1391 949 1538 1023 manum
1566 927 1703 1024 dando,
1729 934 1773 1005 de
1802 932 1918 1006 tritico
1944 929 2025 1008 duas
2135 1035 2137 1050 Ι

483 1074 672 1144 mensuras,
698 1053 784 1124 duas
811 1073 960 1142 avenae,
991 1053 1078 1125 duas
1104 1053 1263 1146 siliginis.
1297 1053 1457 1128 Confinat
1483 1075 1559 1127 cum
1587 1053 1781 1146 Caulow,
1807 1055 2026 1146 Kassaou,

482 1173 800 1265 Nowawyesz,
828 1173 984 1245 Ribna.

585 1293 706 1366 Nown
733 1293 885 1384 Wrnsz,
925 1279 989 1366 sub
1027 1295 1193 1384 parochia
1227 1296 1271 1367 de
1307 1296 1490 1387 Lyszky
1527 1297 1613 1388 sita,
1639 1297 1737 1392 cuius
1763 1297 1959 1388 proprietas
1984 1299 2024 1370 ad

479 1416 726 1487 monasterium
761 1415 966 1486 Thinciense
994 1416 1154 1505 pertinet.
1190 1416 1230 1486 In
1257 1437 1326 1507 qna
1353 1422 1434 1488 sunt
1459 1417 1641 1488 duodecim
1667 1417 1761 1490 lanei
1787 1418 2050 1508 ometbonales,'
2129 1458 2136 1501 ;

479 1542 516 1608 et
542 1535 689 1628 quilibet
716 1536 821 1607 solvit
848 1557 911 1626 pro
939 1556 1042 1607 censu
1070 1537 1218 1608 medIam
1254 1558 1405 1608 marcam
1432 1537 1581 1609 latorum
1607 1559 1827 1629 grossorum,
1853 1540 1939 1609 item
1965 1560 2027 1610 ova
2130 1526 2135 1648 ξ

480 1651 669 1748 duodecim,¹
696 1659 778 1728 item
804 1655 915 1746 gallos
943 1662 1100 1747 quatuor,
1131 1641 1214 1728 item
1241 1677 1360 1729 caseos
1386 1657 1484 1748 duos,
1512 1659 1595 1730 item
1622 1659 1784 1733 laborant
1808 1656 1968 1754 a'udayni,
1993 1665 2024 1730 et

478 1785 549 1851 tam
576 1800 639 1869 pro
667 1799 748 1850 vere
776 1797 878 1868 quam
905 1797 968 1868 pro
995 1779 1118 1868 hyeme
1144 1783 1308 1850 tenentur
1334 1799 1445 1880 arare,
1463 1781 1644 1871 semidare,
1663 1786 1803 1870 metere,
1820 1780 2024 1868 conducere

477 1901 562 1972 item
590 1897 774 1994 poscebam
801 1919 869 1970 non
904 1898 1083 1989 laborant,
1111 1900 1194 1970 item
1221 1921 1358 1994 osozyep
1385 1921 1454 1972 non
1481 1886 1639 1989 solvunt,
1672 1901 1757 1972 item
1783 1902 1931 1973 taberna
1957 1922 2024 1972 una

477 2021 610 2094 habens
646 2041 767 2110 agros,
796 2039 883 2110 quae
919 2018 1024 2091 solvit
1057 2025 1130 2090 tres
1162 2041 1314 2111 marcas,
1339 2022 1376 2092 in
1402 2042 1486 2092 area
1511 2021 1617 2093 etiam
1643 2021 1870 2112 cmetbonali,
1897 2018 1935 2092 in
1962 2042 2026 2111 qua

480 2141 684 2232 propinatur
711 2141 866 2231 cervisia
895 2139 1042 2212 solvitur
1069 2161 1138 2212 una
1164 2163 1240 2213 curn
1267 2141 1382 2213 media
1407 2125 1532 2232 marca,
1559 2147 1702 2233 propter
1728 2143 1910 2214 tabernam
1928 2163 2025 2232 prae·

456 2261 601 2351 latam3
627 2263 711 2334 item
737 2261 932 2350 hortulani;
967 2262 1049 2332 item
1087 2261 1266 2352 praedium
1294 2263 1494 2336 coenobiale
1519 2283 1589 2344 non
1616 2269 1671 2334 est
1697 2264 1734 2333 in
1760 2261 1918 2353 praefata
1935 2263 2024 2335 villa

476 2379 563 2455 Ibem
591 2404 709 2455 omnes
736 2376 812 2473 agri
838 2380 940 2454 villae
967 2381 1106 2452 solvunt
1134 2382 1300 2453 decimam
1328 2404 1397 2453 non
1416 2383 1665 2473 manipularem
1684 2388 1720 2456 et
1737 2383 1948 2474 canapalem,
1967 2385 2024 2454 sed

475 2523 551 2576 eam
573 2503 773 2575 conducunt
799 2523 863 2593 pro
890 2503 1099 2574 monasterio
1126 2501 1240 2574 dando
1266 2523 1430 2593 granum,
1457 2503 1544 2575 duas
1580 2506 1911 2595 mensurastritici,
1939 2505 2022 2576 duas

473 2623 638 2715 siliginiS,
674 2624 760 2696 duas
797 2643 935 2696 avenae.
975 2623 1062 2694 Item
1099 2622 1258 2713 praefata
1293 2623 1394 2712 villa,
1430 2645 1500 2694 una
1535 2645 1611 2695 cum
1638 2625 1723 2698 villa
1748 2625 2020 2718 Praeginya,

466 2745 614 2817 solvunt
640 2745 850 2848 monasterio
877 2764 1015 2817 vaccam
1042 2743 1223 2836 profesto
1249 2727 1368 2814 Sancti
1395 2743 1501 2815 Petri.
1527 2745 1616 2816 Item
1643 2745 1902 2836 villapraefata
1920 2747 2023 2816 solvit
2130 2813 2133 2842 ,

475 2867 734 2956 quatuordecim
761 2886 901 2956 grossos
937 2885 1001 2955 pro
1029 2885 1138 2955 perna
1164 2865 1263 2936 lardi.
1298 2865 1387 2936 Item
1414 2870 1496 2937 sunt
1522 2866 1572 2938 ibi
1599 2867 1667 2939 duo
1694 2867 1787 2939 lanei
1813 2852 2022 2939 scoltetiales

472 2992 508 3056 et
534 2989 607 3058 tres
635 2993 789 3077 quartae,
818 2987 963 3077 quilibet
990 2986 1094 3058 solvit
1120 2992 1271 3077 quatuor
1297 3007 1447 3076 grossos,
1474 3007 1578 3059 uuam
1604 3007 1801 3060 mensuram
1819 2987 1970 3076 siliginis
1988 2993 2021 3056 et
2129 3000 2134 3072 1,

472 3107 558 3178 duas
577 3125 715 3180 avenae.
742 3106 902 3178 Continet
920 3127 996 3178 cum
1022 3107 1255 3197 Kasszow,
1281 3106 1535 3198 Ozulowek,
1561 3107 1721 3199 Ribna,
1748 3107 2020 3198 Praeginya

339 3229 347 3233 ’
473 3225 809 3318 Gzyrnyechow
837 3233 874 3298 et
900 3226 1090 3298 Raczna.

575 3346 808 3437 Pandoram,
835 3347 917 3418 villa
943 3349 1007 3420 sub
1034 3348 1201 3438 parochia
1226 3349 1270 3420 de
1288 3345 1627 3438 Gzyrnyecbow
1653 3348 1732 3439 sita,
1749 3347 1847 3419 cuius
1865 3349 2021 3438 proprie

470 3471 524 3536 tas
552 3467 595 3556 ad
623 3468 879 3540 monasterium
905 3467 1131 3540 Thmcziense
1166 3469 1328 3559 pertinet.
1363 3469 1403 3539 In
1430 3489 1499 3559 qua
1526 3475 1608 3542 sunt
1635 3475 1785 3559 quatuor
1811 3469 1902 3558 lanei
1931 3490 2019 3540 cmo-

469 3588 637 3677 thonales,
664 3595 700 3659 et
727 3588 872 3678 quilibet
898 3589 1002 3662 solvit
1028 3611 1091 3679 pro
1119 3608 1224 3661 ceusu
1250 3590 1397 3664 mediam
1426 3609 1576 3662 marram
1608 3576 1815 3680 communis,
1844 3592 1928 3660 item
1954 3612 2020 3662 ova
2136 3646 2137 3673 2

469 3708 658 3799 duodecim,
673 3711 754 3780 item
772 3709 883 3799 gallos
901 3717 1059 3800 quatuor,
1078 3731 1197 3782 caseos
1215 3711 1311 3800 duos,
1329 3712 1413 3782 item
1431 3710 1593 3782 laborant
1609 3707 1769 3805 increpo,
1787 3717 2016 3801 teneaturque
2042 3787 2047 3792 ,

468 3849 627 3920 agros...;
644 3831 727 3901 item
747 3828 932 3924 peccabam
950 3851 1019 3902 non
1037 3831 1207 3921 laborant,
1226 3833 1309 3902 item
1326 3853 1463 3925 osszycp
1482 3853 1550 3902 non
1568 3831 1724 3920 solvunt3
1750 3833 1833 3932 item
1850 3832 2017 3902 tabernae
2138 3848 2139 3907 i

467 3954 564 4044 duae,
591 3933 660 4024 una
686 3952 896 4041 monasterii,
918 3952 1034 4026 ,altera
1053 3953 1232 4042 militaris,
1260 3953 1343 4024 item
1370 3952 1589 4028 hortulaniae
1616 3974 1685 4024 non
1704 3936 1795 4042 sunt,
1814 3953 1898 4024 item
1916 3973 2015 4042 prae·
2135 3963 2140 4041 ᾗ

466 4075 559 4146 dium
587 4096 655 4147 non
682 4080 737 4146 est
763 4073 812 4145 ibi
840 4073 1045 4144 coenobiale.
1073 4074 1160 4144 Item
1187 4093 1305 4144 omnes
1331 4073 1407 4162 agri
1433 4073 1535 4144 villae
1561 4057 1610 4144 de
1631 4073 1834 4178 monasterii
1860 4073 2015 4162 proprie-

465 4203 555 4287 tate,
587 4197 726 4268 solvunt
760 4193 928 4270 decimam
963 4195 1213 4284 manipularem
1240 4199 1277 4265 et
1302 4194 1520 4285 canapalem,
1548 4199 1584 4264 et
1608 4193 1805 4277 ,conducunt
1831 4214 1909 4298 eam
1931 4193 2014 4265 Gra·
2137 4201 2141 4282 j

465 4319 616 4390 coviensi
652 4318 836 4407 episcopo,
858 4321 917 4386 aut
952 4315 1066 4386 dando
1102 4315 1188 4386 duas
1224 4336 1402 4388 mensuras
1428 4315 1556 4406 tritici,
1576 4315 1669 4386 duas
1696 4315 1844 4405 siliginis
1872 4320 1907 4385 et
1934 4320 2010 4385 octo
2139 4308 2142 4321 '

466 4444 596 4509 scottos
623 4438 793 4526 latorum;
828 4439 911 4508 item
936 4441 1102 4508 tenentur
1128 4455 1315 4526 procurare
1351 4436 1509 4507 nuntium
1536 4435 1785 4526 episcopalem,
1811 4437 1942 4508 babent
1967 4436 2009 4506 de

466 4557 661 4630 conditione
680 4558 860 4630 solutionis
879 4557 1030 4652 decimae
1048 4556 1199 4628 Johan
1211 4558 1283 4628 nis
1296 4555 1538 4629 -Gracoviensis
1556 4557 1709 4646 episcopi
1728 4557 1959 4648 privilegium,
1976 4558 2010 4627 in

467 4679 703 4770 Thanecn
725 4679 926 4769 repositum,
952 4699 1056 4749 unum
1085 4697 1161 4748 cum
1189 4677 1272 4748 villa
1298 4674 1455 4756 Ribna
1482 4676 1569 4751 Item
1595 4682 1678 4747 sunt
1704 4677 1752 4748 ibi
1779 4678 1880 4766 lanei,
1906 4677 2010 4768 perti·

464 4805 586 4871 nentes
609 4797 653 4869 ad
671 4797 863 4870 Iohannem
883 4794 1159 4888 Skawmsky
1186 4797 1229 4868 de
1255 4796 1356 4868 domo
1383 4795 1569 4869 Doliwa
1596 4794 1756 4868 Gonfinat
1783 4819 1860 4869 cnm
1888 4797 2007 4871 Ozir-

463 4921 694 5011 nyechow,
716 4919 1037 5007 Ruszoczicze,
1061 4917 1422 5008 Brodlaltibna,
1445 4916 1580 4989 Nona
1597 4915 1756 5010 Wyesz
1782 4925 1819 4990 et
1837 4919 2005 4990 Raczna

567 5041 864 5130 Gzrsnrncnow,
891 5039 973 5112 villa
1008 5038 1241 5128 parochialem
1267 5038 1446 5130 ecclesiam
1473 5037 1605 5110 liabens
1632 5041 1667 5110 in
1695 5060 1749 5130 se,
1777 5041 1875 5112 cuius
1902 5040 2002 5111 villae

462 5164 658 5254 proprietas
685 5183 749 5254 pro
776 5153 845 5232 nna
871 5167 971 5250 parte
997 5161 1150 5250 pertinet
1176 5159 1220 5229 ad
1247 5159 1493 5231 monasterinm
1521 5160 1756 5261 Thincziense.
1782 5162 1823 5234 ln
1843 5183 1911 5253 qua
1928 5166 2004 5233 sunt
2141 5153 2143 5226 ἐ

463 5285 530 5355 duo
557 5286 648 5368 lanei
675 5283 909 5355 cmetlronales
936 5290 973 5353 et
998 5264 1154 5372 quilibet
1171 5281 1276 5353 solvit
1301 5301 1366 5370 pro
1393 5301 1497 5352 censu
1516 5337 1523 5351 .
1542 5337 1550 5350 .
1569 5306 1596 5371 .;
1623 5262 1710 5354 item
1730 5304 1800 5354 ova
1817 5283 2002 5370 duodecim,
2141 5285 2143 5370 ῗ

460 5405 542 5476 item
568 5407 679 5495 gallos
696 5411 854 5497 quatuor,
872 5405 954 5476 item
981 5423 1099 5474 caseos
1126 5401 1222 5491 dnos,
1248 5403 1331 5474 item
1358 5403 1476 5491 labor·;
1503 5403 1584 5474 item
1604 5402 1789 5497 powabam
1814 5427 1883 5476 non
1910 5405 2000 5476 labo
2141 5451 2143 5510 q

437 5536 562 5617 -rant3
588 5529 672 5601 item
697 5552 833 5624 ossayep
855 5547 928 5598 non
946 5523 1105 5612 solvunt;
1132 5524 1216 5594 item
1242 5519 1407 5595 tabernae
1434 5545 1503 5594 non
1521 5531 1602 5596 sunt
1621 5526 1656 5595 in
1675 5521 1775 5615 parte
1792 5526 2000 5616 monasterii,

460 5649 543 5718 item
578 5651 771 5739 hortulani,
807 5651 890 5720 item
925 5646 1104 5737 praedium
1140 5645 1338 5716 coenobiale
1372 5645 1422 5715 ibi
1456 5667 1526 5718 non
1562 5651 1624 5716 est.
1667 5646 1755 5718 Item
1790 5646 1855 5736 pro
1890 5647 1996 5716 altera
