4492 6592
419 764 652 862 ¹ma.

501 975 538 1039 et
571 969 818 1040 monasterinm
855 967 896 1037 de
933 966 1154 1056 Msthew,
1188 968 1342 1070 habeant
1377 967 1529 1038 decimas
1556 968 1809 1057 manipulares,
1837 970 1912 1040 iure
1930 973 2062 1048 tamen
2131 930 2138 1007 l

498 1087 709 1178 parochiali,
736 1088 882 1177 quilibet
908 1087 1028 1158 laneus
1065 1107 1247 1177 possessus
1274 1088 1310 1158 in
1339 1088 1441 1159 dictis
1468 1087 1577 1179 villis,
1606 1088 1712 1159 solvit
1735 1090 1948 1161 monasterie
1973 1089 2061 1160 (llo-
2136 1094 2137 1125 ;

497 1210 659 1281 buczensi
686 1230 791 1280 unum
818 1210 960 1280 chorum
989 1209 1136 1298 siliginis
1163 1215 1199 1280 et
1225 1231 1332 1282 uuum
1359 1210 1502 1282 cherum
1519 1221 1670 1300 avenae,
1697 1200 1881 1283 mensurae
1898 1212 2062 1302 aequalis

499 1328 761 1418 Globuczensis,
788 1334 997 1419 teneturque
1025 1329 1170 1418 quilibet
1196 1330 1334 1401 emetha
1361 1330 1532 1419 siliginem
1559 1337 1597 1402 et
1623 1351 1767 1401 avenam
1793 1331 1992 1404 huiusmodi
2022 1334 2061 1402 in
2136 1354 2137 1391 ³

496 1451 742 1522 monasterinm
769 1448 1001 1523 Clobuczcnse
1028 1449 1210 1539 inducere3
1236 1471 1356 1521 mensa
1382 1451 1588 1541 episcopalis
1606 1453 1712 1522 hahet
1730 1452 1880 1524 decimas
1900 1455 1938 1523 in
1956 1453 2061 1523 Tru·
2136 1508 2137 1547 ,

500 1571 779 1662 szkolyaszy
820 1578 857 1641 et
896 1569 1262 1662 Gywanevvicze,
1302 1573 1549 1644 monasterium
1590 1579 1707 1644 autem
1742 1574 1981 1648 Msthoviense
2022 1575 2061 1644 in
2136 1558 2137 1587 ³

499 1692 723 1782 Opathov
764 1699 799 1762 ct
839 1692 1147 1784 Walenczovv,
1183 1694 1284 1764 datas
1320 1694 1435 1768 cidem
1476 1696 1686 1766 monasterie
1723 1695 1957 1768 Mstheviensi
1991 1717 2061 1786 per

498 1813 683 1885 ivonem
719 1813 917 1905 episcopum
954 1813 1231 1886 Graeoviensem
1267 1813 1655 1906 ,Trusakolyaszy
1683 1821 1807 1888 anmm
1841 1839 1913 1890 non·
1948 1818 2061 1889 solvit
2136 1866 2137 1925 l

499 1956 640 2026 meamne,
667 1935 728 2006 sed
753 1935 990 2008 tantummodo
1019 1935 1198 2006 denarium
1225 1935 1345 2008 Sancti
1371 1936 1478 2007 Petri.

460 2057 462 2064 ’
602 2057 643 2128 Iu
672 2055 1016 2149 Gywauowieze
1043 2059 1211 2148 scultetis,
1239 2079 1327 2150 qnae
1354 2059 1461 2130 habet
1487 2063 1560 2130 tres
1587 2046 1706 2129 laneos
1733 2061 1798 2130 sub
1824 2080 1877 2150 se,
1905 2060 1950 2131 de
1978 2061 2059 2150 qui·
2136 2070 2137 2153 j

499 2177 565 2248 bus
592 2178 750 2249 omnibus
778 2179 925 2250 solvitur
952 2178 1084 2248 decima
1110 2179 1302 2268 pecunialis
1328 2195 1393 2269 pro
1420 2180 1631 2250 manseleria
1653 2179 1888 2271 Clobnczeusi,
1907 2181 1951 2252 de
1969 2203 2059 2279 quo·
2136 2166 2137 2255 ἕ

500 2299 587 2370 libet
612 2299 712 2371 laneo
740 2319 863 2370 novem
890 2320 1040 2388 grossos.

603 2417 644 2490 In
671 2419 1017 2512 Rambyelycze,
1044 2420 1129 2490 villa
1147 2421 1211 2492 suh
1230 2421 1395 2511 parochia
1413 2422 1579 2493 ecclesiae
1596 2422 1639 2492 de
1657 2421 1950 2494 Olobuczslro
1974 2425 2058 2512 sita,

500 2541 536 2614 in
564 2545 715 2630 quaest
742 2541 901 2612 scoltetia
927 2541 1060 2612 habens
1087 2541 1175 2613 dnos
1201 2543 1321 2612 laneos
1346 2543 1487 2633 liberes,
1514 2543 1557 2613 de
1584 2544 1710 2633 quibus
1728 2545 1888 2616 ominibus
1906 2544 2058 2616 solvitur
2136 2564 2137 2617 l

500 2661 633 2733 decima
659 2662 848 2751 pecunialis
875 2683 938 2753 per
965 2683 1024 2734 sex
1045 2717 1052 2733 .
1072 2719 1079 2734 .
1098 2717 1106 2734 .
1123 2664 1336 2736 monasterio
1362 2663 1596 2754 Clebuczensi,
1624 2665 1790 2736 decimam
1809 2670 1926 2736 summ
1945 2667 2056 2736 mani-

499 2764 655 2873 pularem
682 2784 821 2856 solvunt
847 2785 1060 2874 episcopatui
1088 2785 1320 2857 Oracoviensi.

527 3219 830 3300 monasterium
864 3227 1058 3322 quartum
1091 3223 1253 3302 ordinis
1285 3183 1587 3305 canonicorum
1621 3223 1877 3328 regularium
1913 3225 2029 3306 Beati

833 3358 1052 3464 Augustini
1086 3359 1390 3442 cracoviensis
1422 3363 1637 3443 dioecesis
1670 3366 1709 3442 in

1164 3581 1386 3640 nnasznvu.

537 3853 538 3858 η
603 3770 782 3842 iohannes
809 3769 971 3841 Andreae
998 3769 1041 3840 de
1068 3769 1324 3863 Thancayn,
1351 3778 1495 3844 vocatus
1521 3773 1780 3844 Rabstinslr
1789 3797 1813 3865 y
1848 3775 2049 3846 domicellus

502 3898 537 3963 et
563 3892 662 3962 miles
678 3889 929 3988 ‚Oracoviensis
957 3891 1143 3981 dioecesis,
1169 3894 1293 3963 h'aeres
1321 3895 1357 3963 in
1384 3893 1629 3984 Orasznih,
1657 3895 1700 3965 de
1727 3896 1832 3965 armis
1858 3896 2052 3986 Bippeu·

501 4015 640 4105 nium,
666 4034 688 4083 a
713 4007 873 4084 Johanne
909 4011 952 4082 de
987 4012 1229 4124 Thanczyn
1256 4015 1445 4085 castellano
1480 4013 1703 4087 (linconiensi
1729 4023 1855 4106 patruo
1883 4037 1947 4088 sue
1974 4039 2066 4108 ger--

500 4156 612 4226 mano,
639 4155 823 4225 persvasns
850 4139 886 4203 et
912 4133 1075 4204 inductus
1101 4133 1138 4204 in
1166 4135 1291 4223 oppido
1319 4157 1382 4208 sue
1408 4136 1641 4208 Kras'znilr
1669 4144 1890 4225 angmentum
1908 4140 2050 4211 honeris

500 4263 536 4328 et
562 4255 674 4327 laudis
701 4255 839 4326 divinae
866 4255 947 4326 fidei
974 4274 1110 4345 queque
1138 4260 1174 4325 et
1199 4255 1378 4344 religionis
1404 4259 1613 4330 christianae
1631 4259 1826 4351 effecturus,
1844 4281 1888 4331 ex
1905 4262 2051 4332 ecclesia

500 4377 691 4467 parochiali
719 4379 754 4448 in
783 4376 1017 4448 Craszuilc
1038 4375 1286 4447 monasterium
1312 4375 1457 4448 fratrum
1480 4379 1582 4450 Beati
1601 4379 1789 4470 Augustini
1807 4383 2049 4454 canonicorum

383 4535 387 4546 ·
501 4499 712 4587 regularium
739 4498 871 4588 tundat,
899 4503 997 4568 ratus
1023 4503 1214 4588 preventus
1241 4505 1278 4568 et
1303 4498 1463 4569 redditus
1488 4501 1653 4572 ecclesiae
1680 4502 1858 4592 praefatae
1882 4505 1921 4574 in
1950 4503 2050 4576 (lra-

501 4619 635 4690 sznik
669 4640 733 4708 pre
770 4619 982 4691 sustinendis
1019 4625 1055 4689 et
1089 4617 1247 4690 fovendis
1273 4618 1441 4693 fratribus
1476 4621 1649 4710 religiosis
1674 4629 1711 4694 et
1737 4646 1855 4697 eorum
1883 4627 2050 4698 coenobio

501 4739 667 4812 sufficere.
701 4739 861 4836 Ecclesia
891 4742 1008 4830 itaque
1043 4739 1201 4830 praelata
1236 4741 1272 4810 in
1300 4740 1538 4832 Grasuuyk
1551 4763 1608 4812 ‘ex
1635 4751 1747 4816 morte
1773 4745 1945 4818 Johannis
1972 4747 2050 4818 Ka-

501 4862 667 4955 lynsky
694 4862 767 4933 eius
793 4863 907 4933 ultimi
934 4869 970 4933 et
997 4861 1188 4932 immediati
1214 4864 1362 4933 rectoris
1388 4870 1553 4952 vacante,
1580 4851 1758 4936 Johannes
1784 4867 2049 4939 Luthlcenis

500 4969 682 5077 episeopus
709 4982 947 5061 Oraeeviensis
975 5003 996 5054 a
1021 4981 1190 5074 praelatis
1216 4982 1376 5054 iohanne
1402 4983 1445 5054 de
1473 4983 1686 5076 Tanczyn
1712 4989 1901 5059 castellane
1920 4989 2047 5060 Gracc

499 5107 611 5178 vieusi
637 5111 674 5178 et
700 5111 826 5198 nepote
854 5126 916 5177 suo
943 5098 1105 5177 Jehanne
1129 5103 1426 5195 Rapstinsky
1451 5111 1624 5196 exoratus,
1651 5106 1833 5179 ecclesiam
1858 5109 2048 5198 praefatam

433 5315 439 5326 ἱ
500 5231 536 5299 in
563 5227 792 5300 Orasznik
819 5227 862 5299 de
890 5227 1059 5298 saeculari
1087 5247 1177 5298 auno
1203 5226 1344 5298 Domini
1374 5227 1485 5317 1469,
1510 5226 1567 5298 die
1594 5228 1705 5318 lunae,
1734 5231 1840 5300 tertia
1865 5229 1991 5302 Martii
2015 5233 2049 5302 in

500 5349 693 5440 regularem
719 5342 905 5440 transfert,
933 5369 1077 5450 eamque
1113 5348 1274 5439 religioni
1301 5352 1337 5419 et
1361 5346 1531 5420 fratribus
1566 5350 1811 5421 canemcorum
1836 5351 2046 5441 regularium

498 5471 607 5542 vitem
632 5477 825 5564 utramque,
852 5471 1001 5543 activam
1028 5471 1191 5542 videlicet
1216 5476 1254 5542 et
1271 5471 1573 5561 contemplativam
1591 5467 1870 5564 practicantibuS,
1889 5479 1927 5544 et
1943 5475 2047 5546 horas

501 5597 687 5664 nocturnas
723 5599 759 5677 et
784 5593 945 5687 diurnae,
975 5613 1117 5684 remque
1144 5593 1296 5665 divinam
1323 5593 1532 5684 expleturis,
1558 5595 1737 5684 perpetuis
1762 5596 1980 5686 temporibus
2006 5595 2047 5666 ab

501 5711 552 5785 eis
577 5713 831 5806 possidendam,
857 5715 1054 5806 regendam,
1080 5714 1341 5806 gubernandam
1367 5719 1405 5786 et
1421 5715 1608 5786 curandam
1628 5715 1824 5809 inviscerat,
1840 5716 2046 5808 incorporat,
