4492 6592
507 1980 627 2060 Ordo
659 1997 736 2059 sau
770 1979 925 2082 rellpio
966 1937 1151 2058 teatrum*
1187 1977 1266 2056 sub
1305 1975 1449 2080 rapula
1485 1975 1599 2056 Beati
1632 1973 1850 2079 Augustini
1885 1975 2054 2056 militan-

548 2119 674 2218 tium,
710 2119 780 2218 qui
824 2139 873 2196 aa
915 2117 1073 2196 fratrea
1116 2115 1170 2194 da
1215 2114 1476 2194 Paenitentia
1520 2114 1744 2194 Raetorum
1788 2113 2020 2218 Martyrum

1173 2253 1397 2356 appelant

1019 2466 1557 2604 onnoovvnnsvs.
1663 2360 1667 2368 ”
1751 2416 1760 2428 “

610 2749 860 2820 Boleslaus
897 2747 1102 2820 Pudious
1139 2747 1379 2822 cracoviensis
1406 2753 1441 2818 et
1468 2747 1758 2818 Sandomiriensis
1784 2747 1873 2850 dnn,
1900 2753 1938 2818 et
1963 2749 2053 2837 regni

507 2870 672 2961 Poloniae
699 2870 897 2960 monarcha,
924 2871 1016 2940 inter
1041 2869 1194 2958 plurima
1221 2869 1363 2960 pietatis
1391 2876 1428 2939 et
1455 2868 1649 2940 devotionis
1677 2889 1761 2939 snae
1787 2869 1822 2938 in
1841 2867 1952 2940 Deum
1971 2869 2054 2938 etin
2154 2945 2155 2972 ἢ

505 2992 650 3064 Sanctos
685 2993 760 3063 eius
795 3012 920 3081 opera,
948 2992 1013 3061 snb
1048 2991 1263 3080 temporibus
1291 2996 1327 3060 et
1354 2989 1475 3061 diebus
1503 2989 1680 3078 regiminis
1709 2991 1780 3078 sui,
1808 2989 1967 3061 ordinem
1991 2989 2053 3060 fra·
2154 2977 2155 3010 ³

505 3120 617 3202 trum,
645 3114 768 3202 quise
800 3111 979 3201 appellant
1013 3111 1140 3182 iratres
1168 3111 1211 3182 de
1239 3109 1460 3182 Paenitentia
1487 3109 1674 3182 Beatorum
1703 3109 1919 3202 Martyrum,
1947 3111 2054 3181 album

505 3233 661 3305 habitum
697 3239 734 3310 et
761 3253 896 3303 crucem
932 3233 1074 3303 rubeam
1111 3233 1146 3302 in
1174 3231 1346 3304 mantellis
1383 3233 1509 3304 clausis
1536 3231 1751 3321 deferentes,
1779 3253 1870 3303 anno
1899 3232 2054 3302 videlicet

505 3353 643 3424 Domini
674 3353 773 3423 laco
792 3407 906 3422 .....
926 3354 960 3422 in
989 3373 1132 3442 regnum
1159 3351 1324 3424 Poloniae
1351 3354 1484 3444 primus
1512 3353 1727 3442 introduxit;
1756 3360 1861 3424 antea
1890 3353 2052 3443 siquiden

504 3474 627 3564 religio
654 3475 731 3564 ipsa
757 3473 848 3562 apud
875 3471 1025 3544 Polonos
1052 3475 1172 3563 ignota
1207 3481 1302 3563 erat,
1330 3474 1390 3545 sed
1419 3481 1502 3548 tunc
1529 3475 1678 3565 primurn
1706 3473 1847 3546 Polonis
1875 3481 1960 3546 nota
1986 3495 2054 3544 esse

504 3595 628 3685 coepit.
663 3593 872 3664 incivitate
900 3599 1014 3666 autern
1050 3595 1148 3685 regia
1175 3593 1415 3685 cracoviensi,
1445 3595 1620 3686 praelatus
1648 3595 1902 3666 Boleslaus
1930 3594 2054 3666 Pudi·

504 3738 582 3789 cus
609 3715 680 3786 dux
707 3715 856 3786 contulit
881 3714 1049 3787 iratribus
1076 3715 1188 3788 locum
1216 3718 1251 3786 in
1279 3722 1377 3806 parte
1406 3715 1610 3788 occidentali
1638 3717 1799 3805 civitatis
1826 3723 1863 3787 et
1891 3718 1926 3786 in
1955 3717 2054 3788 hono

505 3859 578 3910 rem
606 3837 708 3908 Beati
735 3836 849 3908 Marci
875 3835 1142 3926 Evangelistae,
1170 3857 1212 3908 ex
1239 3839 1344 3909 coctis
1372 3838 1541 3910 lateribus
1573 3837 1752 3908 ecclesiam
1780 3838 1849 3908 illis
1876 3837 2053 3910 fabricavit

504 3968 540 4032 et
565 3959 816 4048 testudinavit,
843 3957 1041 4030 habitacula
1077 3959 1183 4030 etiam
1210 3979 1274 4052 pro
1302 3960 1412 4031 servis
1439 3959 1504 4030 Dei
1533 3961 1604 4030 suis
1631 3959 1826 4049 sumptibus
1855 3961 2052 4046 construxit,

503 4087 539 4151 et
574 4079 823 4152 duodenarium
859 4079 1006 4150 fratrum
1043 4099 1241 4170 numerum,
1278 4082 1336 4170 qui
1373 4082 1408 4151 in
1444 4081 1589 4154 ecclesia
1616 4079 1774 4171 prusiam
1800 4079 1922 4152 Sancti
1949 4079 2051 4152 Marci

503 4202 651 4274 assiduis
687 4200 847 4291 precibus
882 4206 918 4270 ct
953 4201 1270 4291 obsecrationibus,
1298 4207 1333 4271 et
1360 4223 1433 4272 rem
1461 4201 1612 4273 divinam
1641 4223 1725 4274 voce
1753 4223 1880 4274 sonora
1908 4207 2052 4293 agerent,

501 4329 538 4394 ct
562 4323 667 4393 horas
694 4321 877 4392 canonicas
913 4327 1102 4392 nocturnas
1139 4329 1174 4391 et
1201 4321 1342 4393 diurnas
1369 4323 1465 4394 horis
1493 4325 1666 4395 consvetis
1693 4324 1882 4414 explerent.
1919 4321 1973 4394 Ob
1999 4323 2050 4394 de·

461 4463 471 4476 ’
500 4444 627 4514 lectam
655 4449 770 4514 autem
797 4463 1044 4533 personarum,
1070 4442 1264 4526 doctrinam
1298 4451 1333 4514 et
1360 4445 1597 4546 maturitatem
1625 4445 1844 4534 habentium,
1871 4451 1909 4516 et
1935 4451 2049 4515 tenues

502 4563 644 4634 effectus
671 4563 858 4653 religionis,
885 4571 1023 4633 tenuem
1037 4585 1190 4662 ‚quoque
1216 4563 1443 4636 factivitatem
1471 4566 1506 4636 in
1526 4586 1563 4636 se
1583 4540 1793 4654 habentium,
1813 4567 1938 4656 religio
1958 4586 2047 4656 prae·

500 4683 572 4756 iata
607 4686 642 4754 in
670 4704 778 4774 regno
813 4682 978 4754 Poloniae
1014 4683 1185 4756 funiculos
1222 4687 1275 4756 sui
1310 4687 1470 4777 tentorii,
1498 4687 1596 4758 iuxta
1623 4693 1727 4778 atque
1755 4659 1843 4758 aliae
1871 4688 2048 4778 religiones

500 4805 787 4894 mendicantium,
823 4805 969 4874 dilatare
1005 4806 1169 4896 nequivit.
1206 4805 1273 4876 Sed
1309 4806 1443 4878 duobus
1479 4813 1612 4879 tantum
1650 4808 1735 4878 locis
1771 4811 1806 4878 in
1834 4807 2047 4880 cracoviensi

501 4927 670 5012 dioecesi,
703 4925 864 4998 videlicet
900 4927 933 4995 in
971 4924 1197 4998 cracovia
1234 4927 1278 4998 ad
1306 4927 1469 4999 Sanctum
1496 4927 1654 5000 Marcum
1691 4931 1787 5000 etin
1817 4929 2046 5002 Trzczana

500 5054 673 5138 contenta,
701 5049 737 5118 in
765 5053 839 5118 toto
867 5068 974 5137 regno
1002 5045 1166 5119 Poloniae
1194 5049 1340 5140 amplius
1369 5071 1501 5121 senon
1529 5049 1700 5140 extendit,
1722 5052 1815 5121 intra
1840 5072 1943 5122 unam
1962 5051 2046 5121 dioe-

500 5172 606 5243 cesim
634 5168 872 5240 tantummodo
900 5165 1164 5240 Gracoviensem
1192 5175 1375 5241 coarctata.
1401 5170 1630 5242 Provincialis
1655 5193 1737 5243 vero
1756 5169 1889 5243 ordinis
1909 5171 2047 5262 praelati

497 5291 522 5365 J
532 5293 740 5364 ohannes
767 5291 906 5360 natione
933 5289 1109 5379 bohemus,
1137 5311 1245 5380 regno
1273 5291 1460 5363 Bobeniae
1487 5293 1735 5364 miserabiliter
1752 5299 1850 5383 peste
1868 5294 2045 5364 haereseos

499 5413 637 5503 iniecto,
664 5420 699 5484 et
725 5411 936 5483 monasterio
964 5413 1017 5482 sui
1046 5410 1178 5481 ordinis
1205 5413 1241 5482 in
1268 5411 1355 5484 Pra
1363 5435 1418 5503 ga
1445 5407 1561 5484 dnuto
1589 5414 1761 5504 expulsus,
1781 5412 2044 5486 cracoviain

499 5535 688 5606 adveniens
715 5541 751 5604 et
776 5535 812 5603 in
840 5533 1053 5604 monasterio
1080 5531 1199 5604 Sancti
1227 5533 1338 5605 Marci
1361 5534 1517 5624 praefato
1536 5536 1634 5620 annis
1653 5535 1811 5624 pluribus
1829 5535 2042 5608 residentiam

498 5653 628 5724 faciens
654 5654 880 5744 personalem,
908 5660 944 5724 et
971 5653 1151 5742 religionis
1175 5657 1327 5745 rigorem
1353 5655 1498 5744 induxit,
1517 5661 1554 5726 et
1569 5657 1818 5728 monasterium
1838 5657 2039 5746 praedictum
2094 5690 2096 5696 ·
