4492 6592
431 804 436 842 sx
457 775 530 852 190

453 985 497 1057 ad
526 982 773 1054 monasterium
801 951 1006 1050 Thinciense
1033 975 1196 1068 pertinet.
1222 974 1263 1048 ln
1290 981 1469 1067 quaeunt
1495 974 1654 1048 undecim
1681 995 1759 1048 cum
1785 972 1900 1047 medio
1916 973 2004 1046 lanei
2131 931 2140 1013 ἐ

338 1113 344 1124 ’
372 1145 375 1152 ,
453 1103 695 1190 emetbonales‚
723 1109 759 1172 et
779 1099 932 1190 quilibet
959 1099 1064 1172 solvit
1090 1120 1155 1188 pro
1182 1117 1288 1170 ceusu
1302 1151 1322 1178 ,.
1341 1151 1349 1166 .
1367 1150 1376 1165 .
1395 1150 1402 1166 .
1421 1151 1429 1165 .
1448 1121 1475 1184 .;
1503 1098 1587 1168 item
1614 1118 1681 1168 ova
1699 1097 1897 1185 duodecim,
1923 1098 2002 1168 item
2132 1088 2139 1139 ¹'

451 1224 562 1314 gallos
590 1227 746 1312 quatuor,
774 1221 854 1291 item
876 1241 994 1292 caseos
1013 1219 1120 1307 duos;
1146 1221 1228 1290 item
1248 1219 1412 1289 laborant
1427 1214 1587 1312 tarqui,
1604 1223 1768 1294 urentur
1786 1218 1878 1301 enim
1896 1237 2003 1304 arare,
2133 1272 2138 1316 ,

434 1345 641 1433 «seminare,
668 1349 818 1429 metere,
854 1341 1065 1428 conducere3
1102 1342 1188 1412 item
1214 1335 1418 1433 portabam,
1436 1338 1529 1411 ‘item
1555 1359 1711 1432 oaacyep,
1739 1339 1824 1409 item
1849 1339 2002 1427 taberna,
2132 1348 2138 1407 τ’

357 1487 360 1498 ·
451 1465 534 1534 item
562 1444 749 1550 hortulani,
776 1463 860 1532 item
887 1462 1067 1550 praedium
1095 1459 1296 1531 coenobiale
1323 1464 1377 1529 est
1403 1459 1442 1528 in
1467 1458 1589 1528 eadem
1617 1457 1708 1546 villa,
1735 1459 1779 1528 de
1796 1459 1895 1528 cuius
1912 1446 2002 1547 agris

446 1685 651 1808 'Thinoiensi
688 1703 854 1774 decimam
881 1701 1131 1791 manipularem
1159 1708 1195 1770 et
1222 1699 1440 1789 cauapalem,
1467 1707 1504 1770 et
1530 1699 1726 1770 conducunt
1752 1720 1828 1778 eam
1855 1719 2001 1788 granum

236 1585 242 1596 '
346 1603 350 1610 ’
451 1584 698 1654 monasterium
725 1583 890 1654 decimam
921 1581 1022 1652 tollit.
1049 1581 1139 1652 Item
1166 1599 1285 1650 omnes
1312 1579 1389 1668 agri
1416 1579 1520 1650 villae
1546 1579 1686 1649 solvunt
1712 1598 1776 1668 pro
1795 1579 2001 1650 monasterio
2131 1638 2136 1679 5

451 1824 566 1896 dando
593 1822 741 1913 triplex,
768 1821 929 1894 uidelicet
964 1821 1052 1892 duas
1081 1841 1261 1892 mensuras
1286 1821 1415 1909 tritici,
1431 1819 1529 1910 ,duas
1556 1819 1724 1910 siliginis,
1751 1819 1837 1890 duas
1865 1839 2000 1890 avenae.
2130 1833 2136 1883 t

449 1944 539 2016 Item
566 1945 726 2016 scultetis
753 1948 807 2014 est
834 1941 892 2030 ibi,
919 1943 1051 2013 babens
1069 1941 1157 2014 duos
1183 1940 1311 2030 mneos,
1329 1937 1374 2014 dc
1392 1940 1517 2030 quibus
1535 1939 1998 2015 decimat...Conlinatcu1u
2135 1958 2136 1961 ’

450 2063 761 2154 Zalyaszoua,
787 2062 1019 2152 Poramba,
1046 2061 1314 2152 Regulicze,
1339 2058 1511 2134 Rudno.
1547 2093 1551 2100 -

554 2184 784 2273 Rnoourczn,
812 2183 895 2254 villa
921 2183 1154 2272 parochialem
1181 2163 1361 2254 ecclesiam
1387 2181 1521 2254 babens
1546 2185 1582 2253 iu
1601 2203 1648 2270 se,
1666 2181 1794 2254 Sancto
1811 2163 2023 2254 Lamentis*

450 2304 609 2392 dicaam,
636 2306 734 2376 cuius
760 2305 957 2394 proprietas
984 2303 1029 2374 ad
1056 2304 1303 2376 monasterium
1331 2302 1557 2374 Thiucziense
1584 2303 1746 2392 pertinet
1773 2303 1814 2372 In
1833 2323 1902 2392 qua
1920 2308 1999 2372 aunt

298 2408 299 2416 ἵ
448 2445 571 2497 novem
606 2424 699 2496 lanei
735 2425 969 2496 cmetbonules
1006 2431 1043 2495 et
1079 2445 1201 2502 novem
1231 2425 1368 2512 virgae,
1395 2431 1433 2493 et
1460 2422 1605 2513 quilibet
1631 2423 1737 2494 solvit
1763 2443 1836 2513 per.
1853 2422 1997 2494 mediam

328 2605 333 2615 ,
447 2565 598 2619 marcam
625 2545 824 2635 communis,
852 2545 935 2616 item
963 2565 1029 2618 ova
1055 2544 1246 2631 duodecim,
1275 2545 1358 2614 item
1386 2563 1507 2614 caseos
1533 2542 1639 2631 duos,
1666 2544 1752 2614 item
1776 2543 1890 2633 gallos
1917 2564 1996 2632 qua·

364 2714 369 2720 -
446 2670 537 2752 tuor,
563 2666 647 2736 item
673 2665 783 2754 labor,
809 2665 893 2736 item
903 2661 1098 2759 pomulam,
1117 2665 1202 2736 item
1219 2685 1366 2758 oasam,
1384 2664 1468 2735 item
1486 2665 1645 2753 taberna,
1664 2665 1746 2734 item
1765 2664 1996 2750 bertalamius,

401 2816 407 2822 ·
445 2785 530 2856 item
565 2785 744 2874 praedium
780 2785 978 2858 coenobiale
1012 2805 1082 2856 non
1118 2790 1173 2854 est
1208 2784 1267 2857 ibi.
1302 2783 1390 2856 Item
1417 2803 1536 2856 omnes
1562 2785 1637 2873 agri
1666 2784 1769 2855 villae
1796 2784 1940 2887 solvunt
1961 2791 1994 2854 et

447 2904 643 2977 conducunt
669 2904 838 2978 decimam
863 2903 1112 2994 manipularem
1140 2913 1177 2975 et
1203 2903 1420 2994 omapalem,
1450 2925 1513 2993 pro
1539 2905 1742 2993 episcopatu
1769 2903 1996 2994 Oracoviensi,

323 3055 331 3061 ·
446 3031 484 3097 et
511 3024 608 3096 valor
634 3025 708 3097 eius
735 3023 942 3096 aestimatur
968 3023 1013 3096 ad
1040 3024 1158 3096 decem
1184 3043 1331 3096 marcas
1357 3023 1446 3096 Item
1473 3025 1634 3096 scoltetia
1661 3032 1715 3098 est
1741 3025 1801 3098 ibi.
1841 3023 1997 3098 confina

447 3163 465 3214 c
551 3142 798 3216 Grodzecz.

466 3165 524 3218 um
551 3261 747 3352 emuna,
774 3263 955 3354 oppidum,
982 3263 1074 3354 qued
1095 3265 1216 3338 tribua
1242 3264 1334 3338 villis
1360 3265 1636 3355 coenobialibus,
1663 3266 1825 3338 videlicet
1851 3273 1996 3356 duaque

446 3383 658 3476 Babyeze
694 3383 819 3456 Nova
853 3389 890 3454 et
925 3383 1152 3476 Antiqua,
1187 3393 1226 3455 et
1251 3383 1473 3476 Pyssary,
1501 3387 1739 3463 emetbonibua
1766 3387 1936 3478 depositis
1959 3388 1995 3458 iu

446 3505 541 3594 agris
567 3503 842 3577 emethonalibus
878 3503 1030 3576 locatum
1055 3511 1128 3594 est,
1154 3525 1218 3595 per
1245 3503 1522 3578 Gasimirum
1550 3507 1806 3580 Secundum
1832 3508 1995 3580 Poloniae

440 3645 580 3715 regem,
608 3627 667 3717 qui
693 3631 730 3698 et
755 3631 908 3699 castrum
935 3631 972 3696 et
999 3626 1174 3698 civitatem
1202 3627 1354 3699 amavit·
1383 3628 1500 3717 1364,
1528 3630 1660 3700 babens
1688 3631 1722 3700 iu
1749 3650 1789 3702 se
1814 3629 1993 3705 ecclesiam
2133 3688 2137 3701 .

443 3750 623 3835 muratam,
651 3745 749 3818 cuius
775 3745 972 3836 proprietas
999 3745 1044 3816 ad
1070 3746 1275 3826 coenobium
1302 3744 1529 3820 Tbincaienae
1555 3749 1717 3840 pertinet
1752 3750 1792 3820 lu
1819 3771 1888 3841 quo
1914 3755 1992 3822 suat
2133 3793 2138 3814 .

286 3873 297 3888 '
443 3885 566 3939 novem
594 3865 694 3955 lanei,
721 3871 758 3938 et
783 3865 931 3957 quilibet
959 3865 1065 3938 solvit
1091 3886 1156 3956 pro
1183 3887 1290 3944 censu
1307 3923 1316 3939 .
1333 3923 1368 3938 ..
1395 3867 1483 3940 Item
1510 3869 1554 3942 de
1580 3871 1710 3943 eisdem
1737 3891 1861 3944 novem
1887 3871 1993 3942 laneis
2138 3856 2139 3866 Ν

286 3966 289 3974 ’
442 3986 590 4059 solvitur
616 3975 750 4058 decima
775 3985 956 4060 iertoualir
983 3989 1019 4060 in
1046 3987 1129 4060 latis
1155 3989 1288 4077 grossis
1314 3987 1562 4078 Prageusibus,
1589 3992 1809 4080 praebendae
1834 3990 1993 4064 Cracovi·
2140 4056 2141 4071 ,

441 4107 516 4178 ensi
542 4091 656 4178 dictae
681 4105 880 4198 Zyrawslm,
908 4114 944 4178 et
970 4113 1135 4182 tenentur
1161 4109 1319 4182 consules
1346 4109 1465 4199 oppidi
1492 4110 1585 4182 illam
1614 4112 1844 4202 recolligere,
1862 4120 1900 4185 et
1925 4113 1991 4185 sol·

441 4247 522 4298 vere
558 4247 622 4315 pro
658 4225 749 4298 festo
785 4227 903 4298 Sancti
939 4221 1087 4300 Martini
1123 4228 1365 4302 cracoviensis
1393 4215 1546 4303 eiusdem
1575 4211 1794 4322 praebendae
1819 4237 1991 4306 canonico.
2140 4242 2141 4249 ’

440 4345 528 4418 laem
555 4347 590 4417 in
618 4347 738 4418 eodem
767 4327 893 4438 oppido
921 4357 975 4420 est
1003 4348 1212 4438 advocatus,
1238 4351 1372 4424 habeus
1399 4352 1579 4424 castellum
1606 4360 1797 4444 muratum,
1825 4360 1861 4425 et
1888 4355 1989 4426 adro

356 4447 362 4454 ’
440 4465 565 4536 cutiam
602 4467 759 4538 vendidit
794 4467 958 4542 Michaeli
993 4469 1037 4542 de
1073 4467 1239 4542 Berith
1275 4471 1370 4544 dicto
1404 4471 1657 4563 Puscbuik,
1684 4475 1792 4546 nobili
1818 4475 1861 4546 de
1889 4476 1989 4557 domo

438 4583 626 4675 Doliwa,
653 4585 903 4658 Macislaus
928 4589 1038 4666 abbas
1066 4609 1130 4678 pro
1148 4593 1314 4663 trecentis
1333 4593 1458 4665 marcis
1477 4593 1628 4666 latorum
1655 4613 1863 4684 grossorum¹
1880 4597 1988 4668 1394.

439 4688 527 4776 dam
555 4712 638 4777 suut
662 4707 711 4777 ibi
738 4706 806 4778 duo
834 4708 1032 4782 molendina
1058 4711 1093 4781 iu
1120 4707 1260 4784 domiue
1286 4712 1431 4805 Scala,
1458 4715 1556 4786 cuius
1583 4717 1782 4805 proprietas
1813 4717 1858 4787 ad
1885 4717 1990 4790 adro·

435 5188 595 5260 advocati
622 5189 826 5280 praediales,
852 5191 895 5262 de
924 5191 1048 5282 quibus
1075 5193 1223 5266 solvitur
1249 5195 1382 5268 decima
1409 5199 1636 5287 manipularis
1654 5200 1820 5270 ecclesiae
1839 5202 1874 5270 iu
1894 5201 1987 5272 Ska-

434 5310 558 5380 wina.
587 5309 696 5381 Valor
723 5312 798 5382 eiua
825 5311 869 5384 ad
897 5319 1046 5403 quatuor
1072 5335 1216 5388 marcas.
1244 5315 1405 5391 &uiuat
1432 5339 1509 5390 curn
1536 5317 1821 5409 Sthimbarlr,
1847 5320 1985 5394 Kora·
2065 5363 2069 5370 -

434 5429 585 5519 bnilry‚
612 5429 937 5524 Lubyertbow,
959 5433 1210 5529 Mogilany;
1229 5437 1467 5529 Bulrouye,
1486 5438 1984 5534 Radzescbow,Zoyow

433 5556 471 5619 et
497 5547 520 5618 J
529 5552 754 5623 uranicae
780 5553 869 5626 Item
896 5555 1064 5645 plebanus
1091 5557 1199 5630 habet
1223 5579 1327 5648 agros
1354 5561 1514 5650 proprios
1541 5570 1578 5632 et
1603 5570 1715 5652 prata

428 5689 432 5697 ·
538 5667 787 5762 scurnum,
823 5673 907 5746 uilla
942 5677 1007 5750 sub
1042 5679 1210 5768 parocbia
1244 5679 1288 5752 de
1314 5679 1547 5772 Skatrina,
1573 5685 1672 5756 cuius
1706 5687 1906 5775 proprietas
1940 5686 1983 5756 ad

316 4893 322 4904 ,
439 4831 553 4897 cauum
580 4827 750 4916 pertinet,
777 4833 813 4898 ct
847 4828 951 4900 solvit
984 4836 1151 4902 metretas
1185 4853 1249 4921 pro
1277 4833 1446 4906 advocato
1473 4842 1508 4906 et
1533 4836 1704 4908 braseum.
1744 4837 1832 4908 Item
1860 4846 1915 4910 est
1942 4839 2011 4910 ibi·
2141 4895 2143 4936 s

289 4993 292 5000 ,
437 4947 584 5019 aeclesia
610 4947 818 5036 parochialis
846 4957 984 5022 murata
1010 4951 1135 5040 lapide,
1162 4954 1197 5024 in
1225 4953 1390 5026 bonorem
1418 4954 1536 5027 Sancti
1564 4955 1715 5046 Spiritus
1742 4958 1867 5048 dicata,
1894 4960 1988 5031 cuius

291 5119 294 5126 Δ
434 5069 556 5160 unicus
593 5073 647 5138 est
682 5067 827 5140 collator
862 5070 970 5142 abbas
1005 5069 1243 5146 Tbincaieusis
1278 5083 1314 5145 et
1350 5065 1549 5148 conventus.
1589 5077 1676 5148 ltem
1714 5085 1796 5150 suut
1833 5080 1883 5150 ibi
1910 5081 1985 5170 agri
