4492 6592
463 2105 673 2221 bulbul!
708 2106 764 2207 bt
800 2102 1130 2208 saltavistis
1168 2103 1279 2206 titt!
1318 2102 1648 2208 artificiosus

369 2336 425 2396 ΕΤ
447 2335 504 2396 DE
526 2335 589 2409 ns,
613 2335 682 2409 QUI
703 2333 897 2396 EJUSDEM
919 2332 1030 2392 LIBRI
1051 2332 1214 2392 EDENDI
1236 2332 1406 2394 OPERAM
1430 2331 1732 2394 SUSCEPERUNT.

948 2607 1156 2618 -———-

374 2861 515 2946 Expleta
537 2859 680 2926 editione
701 2859 788 2926 tertii
810 2879 851 2926 ae
873 2859 975 2925 ultimi
997 2860 1076 2926 torni
1105 2859 1225 2926 Libri
1255 2859 1576 2926 Beneficiorum
1599 2861 1828 2929 Dioeeesis

266 2963 601 3047 Oraeoviensis,
623 2982 730 3049 pauoa
751 2962 859 3029 adbue
879 2964 980 3029 verba
1002 2963 1044 3028 de
1064 2963 1277 3048 autographo,
1299 2964 1526 3050 transumptis,
1549 2983 1589 3030 ae
1611 2966 1831 3050 manuscripto

264 3068 315 3136 ad
336 3087 431 3133 usum
451 3066 692 3153 typographiae
714 3073 919 3152 praeparato,
942 3066 1088 3152 proferre
1109 3067 1205 3133 uobis
1227 3067 1334 3134 lineat.
1357 3105 1400 3115 -
1423 3067 1605 3152 Volumina,
1628 3089 1711 3151 quae
1734 3068 1831 3135 hodie

263 3172 376 3238 lueem
399 3175 615 3255 aspexerunt,
648 3170 682 3234 in
712 3170 862 3254 originali
892 3177 1100 3238 asservantur
1130 3170 1164 3235 in
1194 3168 1325 3235 arohivo
1354 3169 1439 3234 Illmi
1462 3169 1603 3255 Capituli
1630 3169 1832 3238 cathedralis

265 3273 511 3342 Graeovieusis.
548 3273 586 3339 In
609 3291 709 3358 opere
729 3271 792 3339 hou
813 3273 988 3356 genuimm
1011 3292 1085 3339 esse
1105 3273 1251 3340 laborem
1273 3272 1449 3339 Dauoossr
1478 3293 1573 3339 nemo
1603 3273 1727 3340 inficias
1757 3275 1832 3359 ibit,

263 3371 456 3463 quanquam
488 3376 545 3442 vix
578 3375 711 3442 eredere
740 3395 931 3461 possumus,
963 3383 999 3442 ut
1032 3383 1145 3442 auetor
1173 3375 1482 3442 totum'Librum
1524 3377 1832 3443 Beneficiorum

264 3480 406 3569 propria
427 3499 527 3546 manu
549 3479 786 3565 conseripserit,
809 3479 869 3546 sed
898 3479 1005 3564 potius
1035 3499 1246 3565 praesumere
1268 3501 1334 3548 non
1356 3480 1557 3564 dubitamus,
1590 3481 1632 3546 ab
1655 3481 1729 3565 ipso
1750 3499 1834 3547 unus
1874 3469 1880 3488 '

265 3585 426 3672 pluresve
451 3601 668 3653 amanuenses
690 3581 734 3648 ad
756 3581 962 3648 scribendum
989 3582 1133 3648 adscitos
1154 3583 1266 3667 fnisse3
1289 3603 1371 3668 opus
1395 3583 1480 3648 enim
1513 3589 1580 3648 tam
1611 3603 1758 3665 enorme,
1787 3589 1834 3650 tot

266 3687 486 3755 eoelesiamm
506 3684 714 3751 vastissimae
735 3683 898 3768 quondam
919 3685 1083 3751 dioecesis
1106 3685 1356 3771 descriptionem
1380 3687 1607 3770 complectens,
1630 3686 1716 3752 vires
1740 3687 1835 3752 unius

264 3789 412 3858 bominis
441 3789 590 3875 plurimis
612 3787 717 3871 iisque
745 3787 950 3871 gravissimis
971 3788 1112 3872 negotiis
1134 3788 1265 3854 aliunde
1287 3787 1418 3854 distenti
1430 3837 1439 3872 ,
1462 3795 1611 3874 superat;
1641 3789 1832 3874 praesertim

265 3913 346 3964 oum
367 3893 456 3959 eirea
477 3909 740 3976 unamquamque
761 3890 934 3957 eoelesiam
958 3891 1042 3957 teitu
1062 3892 1252 3958 necessaria
1281 3911 1346 3957 non
1368 3898 1461 3958 erant
1489 3898 1620 3977 praesto
1645 3892 1831 3976 singillatim

259 3995 492 4082 suppeditata,
517 3994 576 4062 sed
599 3995 721 4062 sensim
743 3993 937 4061 adveniente
966 3995 1077 4077 aliqua
1098 3995 1213 4062 notitia
1235 3995 1485 4080 supplebantur:
1518 3994 1604 4060 unde
1626 3995 1661 4060 in
1683 3995 1833 4080 originali

265 4099 491 4186 eouspieimus
521 4097 741 4185 appendicula
769 4099 804 4163 in
825 4098 1044 4182 marginibus,
1073 4099 1126 4166 vel
1156 4098 1382 4181 interlineas,
1415 4100 1467 4164 vel
1490 4099 1588 4164 etiam
1615 4098 1650 4164 in
1673 4098 1833 4184 separatis

263 4203 446 4294 paginulis,
469 4221 553 4285 quae
573 4202 609 4267 iu
629 4207 717 4267 tomo
742 4203 815 4266 lmo
838 4207 871 4266 et
890 4202 957 4268 etio
980 4203 1153 4286 pauciora,
1176 4202 1215 4266 in
1234 4201 1297 4267 ddo
1319 4221 1397 4268 vero
1419 4201 1636 4285 frequentiora
1652 4207 1830 4269 occurrunt.

264 4308 346 4375 Non
369 4305 452 4372 levis
473 4305 582 4388 itaque
605 4304 748 4390 suspieio
762 4304 871 4388 oritur,
892 4311 999 4370 utrum
1021 4306 1136 4372 seriori
1158 4311 1304 4390 tempore
1325 4310 1400 4390 post
1421 4312 1557 4371 mortem
1572 4305 1747 4372 Duuoossr
1768 4323 1834 4371 non

265 4411 339 4480 siut
369 4407 531 4492 quaedam
564 4409 706 4493 intrusa3
739 4408 877 4492 legimus
899 4409 985 4474 enirn
1018 4409 1053 4475 in
1075 4415 1161 4474 tomo
1186 4410 1215 4473 1.
1245 4427 1321 4494 pag.
1342 4409 1408 4473 481
1432 4427 1551 4474 annum
1576 4408 1671 4493 1493,
1703 4415 1735 4474 et
1756 4428 1832 4493 pag.

265 4514 339 4582 650
360 4511 591 4578 anuum1488
618 4511 767 4595 citatum3
801 4512 836 4576 in
858 4511 1058 4578 secernenda
1086 4519 1198 4578 tamen
1221 4513 1381 4598 seriptura
1410 4512 1452 4577 ab
1475 4512 1549 4578 aliis
1581 4513 1681 4596 loeis,
1711 4509 1831 4577 nullum

266 4615 408 4685 evidens
430 4615 604 4682 discrimen
626 4613 831 4700 attendimus,
854 4615 1064 4700 quamobrem
1080 4615 1269 4700 eoujieimus
1290 4614 1373 4681 haee
1394 4616 1467 4681 loea
1488 4617 1540 4682 vel
1556 4613 1709 4682 mendum
1733 4615 1834 4701 serip-

267 4719 352 4787 toris
374 4718 549 4803 involvere,
571 4719 624 4784 vel
646 4719 762 4785 saltem
784 4725 859 4805 post
873 4718 996 4784 obitum
1021 4718 1197 4786 Drusosss
1219 4719 1261 4785 ab
1285 4717 1399 4785 eodem
1414 4719 1621 4803 amanuensi,
1646 4719 1700 4803 qui
1723 4725 1833 4785 aueto-

268 4841 342 4892 rem
365 4822 401 4888 in
422 4820 595 4888 seribendo
617 4820 803 4906 adjuverat,
826 4822 948 4888 inserta
969 4820 1080 4888 fuisse.
1103 4821 1231 4888 Adsunt
1252 4821 1383 4906 quidem
1404 4823 1577 4889 nonnullae
1600 4821 1834 4908 descriptiones

269 4927 485 4996 eeclesiarum
506 4925 542 4991 in
563 4925 637 5012 ipso
659 4924 879 5010 autographo,
909 4925 985 4991 lieet
1004 4925 1126 5011 veteri,
1159 4926 1337 5010 negligenti
1359 4932 1468 4992 tanuen
1497 4932 1530 4992 et
1552 4925 1683 4992 diversa
1705 4945 1727 4991 a
1749 4945 1835 4991 eom·

269 5029 364 5098 muni
394 5029 491 5096 totius
521 5029 630 5114 operis
655 5028 822 5114 scriptura
855 5033 1003 5111 nomas,
1033 5047 1061 5095 e.
1083 5049 1114 5113 g.
1136 5030 1171 5094 in
1193 5026 1281 5095 tomo
1312 5027 1375 5095 2do
1409 5049 1485 5114 pag.
1507 5029 1583 5095 479.
1604 5028 1682 5095 villa
1704 5027 1834 5112 Myerer

270 5132 390 5202 seriori
419 5139 564 5219 tempore
595 5132 721 5199 inbnsa
749 5151 824 5198 esse
850 5131 991 5216 videtur,
1025 5132 1071 5198 uti
1090 5133 1161 5216 jam
1182 5131 1217 5198 in
1240 5151 1298 5199 suo
1320 5133 1391 5198 loeo
1418 5131 1734 5198 animadversionem
1756 5129 1833 5196 feei-

271 5255 355 5321 nus3
378 5235 422 5302 ad
444 5235 604 5320 ejusmodi
626 5237 699 5302 loea
720 5254 926 5305 reeeusemus
948 5235 1047 5302 etiam
1068 5235 1103 5302 in
1124 5242 1211 5302 tomo
1237 5233 1302 5301 ido
1324 5255 1400 5321 pag.
1423 5237 1475 5301 87.
1500 5235 1648 5321 ,Ereetio
1671 5233 1831 5300 ecelesiae

272 5337 472 5428 paroehialis
501 5340 536 5405 in
564 5337 778 5423 Mireuieae“,
811 5339 889 5405 item
919 5339 953 5404 in
982 5337 1098 5406 eodem
1128 5344 1215 5404 tomo
1245 5357 1321 5424 pag.
1351 5339 1416 5404 396
1447 5337 1490 5405 ad
1522 5339 1598 5404 402.
1642 5337 1829 5422 „Ecclesiae

273 5442 471 5514 ›aroemnis
500 5443 535 5509 in
556 5442 854 5510 Gaulusobovvieae
876 5444 957 5508 ete.“
980 5449 1013 5508 et
1035 5443 1102 5508 alia
1123 5442 1242 5527 exigua
1271 5461 1404 5508 numero
1433 5448 1466 5508 et
1499 5440 1631 5507 minoris
1656 5439 1830 5525 momenti3

274 5565 387 5616 rerum
408 5553 518 5613 tamen
539 5545 774 5633 deseriptioues
807 5529 870 5612 bae
893 5545 1088 5632 suspieionis
1121 5545 1210 5612 baud
1238 5551 1397 5631 expertes,
1420 5551 1525 5611 utrum
1546 5544 1675 5610 vivente
1701 5548 1833 5610 auctore

274 5657 419 5720 msertae
439 5650 573 5736 inerint,
596 5651 721 5718 ratione
743 5650 794 5716 sui
816 5649 934 5733 obponi
956 5657 990 5716 et
1010 5649 1211 5732 antiquitatis
1233 5669 1298 5716 non
1314 5656 1387 5716 suut
1409 5649 1525 5716 ceteris
1546 5645 1804 5734 postponendae.
