4492 6592
457 675 532 804 no'

455 939 639 1028 inducitur,
667 946 704 1010 et
730 938 829 1010 valor
854 939 929 1010 um
957 939 1163 1011 coadunatur
1189 938 1234 1010 ad
1261 937 1443 1011 duodecim
1461 956 1605 1040 marcus,
1625 947 1766 1032 praeter
1782 941 1883 1012 dnos
1901 938 2017 1009 laneos
2117 915 2121 924 ¹

457 1059 594 1132 scolteti
621 1068 658 1131 et
686 1080 789 1132 unum
816 1059 952 1132 laneum
978 1059 1295 1150 Mandrkonis,
1322 1060 1366 1132 de
1393 1062 1519 1152 quibus
1549 1059 2017 1160 decimatur'arclridiacouo

456 1179 694 1254 Sandeczensi.
721 1178 882 1253 Condnat
901 1237 908 1250 .
928 1186 963 1251 .'.
1213 1190 1216 1192 ’
1382 1190 1389 1202 ’

557 1301 825 1393 Jonascnown,
853 1302 936 1374 villa
963 1303 1027 1390 sub
1053 1305 1221 1393 parochia
1246 1305 1413 1376 ecclesiae
1438 1304 1483 1377 de
1509 1280 1781 1395 Podgrodze
1808 1305 1896 1391 sita,
1925 1303 2020 1373 cuius

343 1455 347 1458 ·
453 1427 651 1529 proprietas
678 1425 722 1496 ad
749 1423 1028 1496 sanctimoniales
1064 1423 1320 1498 Sandeczenaee
1347 1427 1509 1517 pertinet.
1545 1426 1584 1498 lu
1613 1448 1681 1518 qua
1705 1434 1791 1498 sunt
1819 1433 1903 1498 tres
1930 1423 2018 1496 lanei

453 1543 698 1637 cmetbonales,
725 1552 761 1617 et
788 1547 934 1637 quilibet
960 1547 1065 1618 solvit
1091 1548 1241 1619 sedecim
1260 1554 1392 1620 sendus
1410 1569 1474 1639 pru
1493 1569 1619 1637 censu3
1642 1548 1726 1619 item
1745 1567 1858 1620 unum
1878 1546 2019 1636 gallum,

429 1661 431 1670 ’
455 1671 578 1776 viginti
605 1691 681 1759 cua,
706 1668 795 1740 duos
822 1687 941 1739 caseos
968 1669 1107 1740 solvunt
1122 1670 1358 1743 monasterio.
1385 1670 1471 1741 Item
1499 1671 1636 1742 ratione
1663 1691 1802 1764 omzyep
1830 1670 1900 1740 dat
1918 1668 2020 1758 quili-

421 1788 515 1889 ‘bet
549 1813 653 1863 unam
690 1810 884 1862 mensuram
922 1789 1088 1880 siliginis,
1115 1791 1202 1861 duas
1230 1811 1363 1863 arenae
1389 1789 1581 1880 confertas,
1608 1797 1645 1872 et
1672 1789 1825 1881 quatuor
1853 1809 2019 1881 grossoe;

454 1917 538 1986 item
565 1915 730 2003 taberna,
758 1913 841 1983 item
879 1911 1072 2001 hortulani,
1100 1913 1181 1982 item
1211 1913 1407 2002 praedium3
1439 1914 1522 1984 item
1559 1919 1615 1984 est
1640 1913 1690 1984 ibi
1718 1933 1807 1984 unus
1837 1910 2019 1998 scultetus

366 2108 368 2118 ,
454 2037 586 2108 habens
613 2023 717 2108 unum
754 2033 891 2104 laneum
919 2031 1084 2122 liberum,
1111 2041 1147 2104 et
1173 2039 1307 2104 sextum
1334 2033 1513 2105 denarium
1541 2033 1585 2104 de
1611 2053 1718 2104 censu
1745 2034 1889 2124 accipit.
1929 2032 2015 2102 Item

453 2158 497 2228 de
524 2157 682 2228 omnibus
710 2155 803 2246 agris
839 2151 985 2226 solvitur
1012 2153 1146 2225 decima
1172 2154 1399 2244 manipularis
1426 2162 1463 2226 et
1489 2155 1664 2244 cauapulis
1691 2157 1861 2245 episcopo
1891 2151 2017 2224 Gracu-
2107 2248 2111 2255 ι

454 2280 583 2369 riensi,
607 2284 643 2348 et
670 2277 846 2348 inducitur
873 2277 907 2346 in
936 2259 1099 2346 borreum
1128 2277 1300 2366 episcopi,
1328 2276 1427 2348 valor
1453 2278 1528 2348 eius
1555 2265 1762 2348 aestimatur
1786 2276 1833 2347 ad
1864 2280 2017 2366 quatuor

452 2419 596 2471 marcas.
623 2397 834 2470 Confluat..
855 2453 862 2467 .
1315 2461 1325 2472 ,

413 2513 444 2575 -'
556 2519 805 2607 Ouscnnnnn,
834 2517 916 2589 villa
943 2518 1007 2588 snb
1034 2518 1200 2607 parocbia
1231 2519 1397 2589 ecclesiae
1423 2518 1468 2589 de
1493 2517 1769 2608 Podgrodze
1796 2519 1890 2606 sita,
1918 2505 2037 2588 cuius'

453 2643 649 2734 proprietas
677 2647 712 2712 et
738 2639 926 2712 dominium
964 2637 1007 2708 ad
1043 2639 1324 2727 sanctimoniales
1351 2637 1584 2730 Antiquae
1611 2639 1818 2712 Sandecz
1847 2617 2013 2730 pertinet.

454 2763 493 2835 ln
522 2785 589 2854 qua
616 2769 697 2834 sunt
724 2761 793 2833 duo
820 2760 911 2832 lanei
941 2759 1195 2851 cmetbonales,
1222 2759 1265 2832 et'
1285 2760 1432 2851 quilibet
1459 2760 1564 2858 solvit
1589 2780 1653 2851 per
1679 2760 1830 2832 sedecim
1859 2765 2010 2847 scottus3

452 2887 534 2957 item
562 2905 667 2956 uuum
695 2883 833 2974 gallum,
861 2882 986 2971 viginti
1014 2902 1087 2972 ova
1115 2882 1203 2953 duos
1230 2903 1349 2953 caseos
1376 2881 1525 2953 solvunt.
1552 2881 1643 2952 ltem
1671 2882 1804 2954 iaciunt
1831 2883 1926 2954 duas
1950 2901 2007 2976 pu

451 3004 576 3096 modus,
613 3025 716 3078 unam
752 3006 816 3094 pro
845 3023 925 3075 vere
953 3009 989 3074 et
1024 3004 1171 3074 alteram
1207 3025 1272 3094 pru
1308 3005 1440 3095 hyeme.
1475 3003 1563 3074 ltern
1591 2987 1908 3100 rationc'osazycp¹
1929 3002 2011 3074 dant

451 3147 556 3198 unam
583 3143 779 3198 mensuram
816 3124 980 3215 siliginis,
1008 3124 1093 3196 duas
1121 3124 1475 3214 avenae'coniertus,
1502 3130 1540 3194 et
1565 3131 1718 3215 quatuor
1742 3145 1900 3220 grossos
1928 3123 2030 3195 Item·

363 3272 366 3289 ’
451 3247 608 3332 taberna,
634 3248 718 3317 item
746 3244 930 3334 hortulani,
958 3245 1042 3316 item
1068 3247 1268 3336 praedium·;
1295 3248 1378 3317 item
1406 3252 1462 3316 est
1488 3240 1536 3317 ibi
1563 3267 1652 3317 unus
1679 3245 1854 3337 scultetus,
1878 3245 2007 3318 babens

452 3387 557 3438 unum
585 3367 719 3438 laneum
747 3365 904 3455 liberum,
931 3371 967 3436 et
984 3366 1109 3456 recipit
1126 3374 1262 3438 sextum
1282 3366 1461 3438 denarium
1481 3367 1524 3438 de
1542 3387 1656 3439 censu.
1683 3367 1770 3439 ltem
1789 3373 1874 3458 post
1892 3385 2007 3438 omues

204 3463 208 3466 ⁵
322 3489 324 3494 ’
453 3508 557 3578 agros
584 3487 732 3574 solvitur
758 3491 795 3557 et
820 3485 1025 3558 conducitur
1060 3487 1194 3558 decima
1229 3488 1455 3579 manipularis
1481 3509 1545 3580 pro
1572 3488 1719 3579 plebano
1745 3490 1781 3560 in
1809 3487 2007 3578 Pndgro

208 3613 211 3621 '
305 3667 308 3675 .
452 3609 543 3700 dze,
570 3609 666 3679 cuius
693 3607 793 3678 valor
819 3605 1204 3680 au...00nunat...

556 3727 697 3800 Munna
725 3729 960 3819 Dnnrnnown,
988 3729 1071 3801 villa
1098 3731 1164 3802 sub
1190 3730 1356 3821 parocbia
1382 3731 1548 3803 eeclesiae
1565 3731 1609 3803 de
1627 3730 1906 3823 Podgrodze
1931 3731 2002 3817 sita

451 3852 549 3924 cuius
576 3851 771 3944 proprietas
798 3854 834 3920 et
859 3849 1047 3941 dominium
1067 3851 1110 3922 ad
1130 3852 1411 3926 sanctimoniales
1429 3852 1668 3946 Antiquae
1694 3853 1904 3926 Sandecz
1931 3871 2003 3944 per-

451 3975 550 4054 tinet.
577 3973 616 4044 lu
645 3993 713 4064 qua
740 3977 822 4044 sunt
848 3971 939 4042 lanei
965 3973 1213 4064 cmetbonales,
1239 3978 1276 4045 et
1303 3973 1453 4064 quilibet
1467 3974 1575 4046 solvit
1592 3975 1742 4046 sedecim
1761 3983 1906 4066 scottos,
1925 3977 2001 4045 item

452 4116 557 4168 uuum
583 4071 722 4184 gallum,
750 4093 874 4184 viginti
903 4113 979 4183 ova,
1006 4093 1093 4166 duos
1121 4114 1250 4166 caseos.
1276 4095 1362 4165 ltem
1391 4116 1460 4167 noo
1487 4094 1621 4168 iaciunt
1639 4095 1807 4192 mundos
1831 4119 1902 4188 pro
1924 4087 1999 4188 hye-

451 4223 515 4307 me,
542 4237 605 4288 uec
632 4236 696 4307 pru
723 4235 825 4306 uere,
851 4214 962 4286 sulum
999 4235 1063 4304 pro
1082 4196 1180 4287 ¹festo
1207 4213 1339 4287 Ghristi
1355 4215 1499 4291 -ducuot
1524 4238 1631 4289 uuum
1657 4237 1797 4289 currum
1824 4217 1999 4308 lignorum.

417 4415 422 4426 ,
451 4339 536 4410 ltem
565 4339 703 4410 radone
727 4359 866 4432 oaszyep
893 4337 979 4408 dant
1006 4357 1109 4408 nuum
1137 4357 1334 4408 mensuram
1361 4336 1520 4428 siliginis,
1546 4337 1633 4410 duas
1660 4357 1791 4411 avenae
1821 4338 1998 4423 conserus,

449 4467 486 4532 et
512 4465 662 4552 quatuor
687 4475 847 4550 grumam
874 4459 957 4529 item
985 4459 1141 4549 taberna,
1169 4458 1252 4529 item
1280 4458 1476 4550 hortulani,
1502 4459 1586 4531 item
1613 4460 1805 4550 praedium.
1830 4459 1997 4532 Smbetus

344 4673 347 4678 ¹
452 4589 506 4652 est
533 4579 591 4672 ibi,
614 4581 746 4652 babens
773 4599 876 4652 unum
905 4580 1041 4652 laneum
1070 4579 1237 4669 liberum,
1263 4584 1300 4650 et
1326 4585 1462 4652 sertum
1490 4579 1669 4653 denarium
1696 4580 1741 4652 de
1765 4601 1882 4657 censu.
1918 4581 1996 4653 ltcm

451 4703 494 4775 de
522 4701 680 4800 omuibus
701 4701 801 4792 ,agne
835 4699 984 4772 soluitur
1018 4707 1054 4772 et
1090 4702 1126 4772 in
1144 4701 1317 4776 ‚huncum
1354 4701 1530 4774 inducitur
1555 4701 1690 4774 decima
1716 4703 1943 4794 manipularis
1964 4703 1995 4770 et

400 4876 403 4882 ·
451 4824 648 4916 canapalis,
674 4822 839 4914 episcopo
875 4821 1116 4914 Gracoviensi,
1151 4828 1189 4894 et
1224 4822 1323 4894 valor
1358 4823 1433 4896 eius
1468 4824 1675 4898 uesfimatnr
1700 4824 1744 4896 ud
1772 4845 1834 4897 sex
1863 4841 1996 4897 marcus
2132 4890 2133 4907 ,

449 4947 610 5020 Gondnat
628 5001 658 5017 ..
679 4999 688 5017 .
1755 5006 1758 5010 .

553 5068 758 5158 Swruunn,
795 5067 878 5140 villa
914 5067 979 5139 sub
1015 5067 1182 5158 parocbia
1215 5065 1384 5140 ecclesiae
1419 5064 1463 5137 de
1490 5063 1764 5158 Podgrodce
1791 5068 1880 5158 sita,
1908 5066 1993 5140 cuius
2131 5074 2133 5101 s

449 5192 645 5282 proprietas
672 5195 708 5262 et
734 5188 921 5261 dominium
950 5187 994 5259 ad
1020 5187 1299 5275 sanctimoniales
1325 5186 1369 5259 de
1387 5187 1592 5278 Antiqua
1610 5184 1815 5262 Saod'eez
1841 5190 1993 5280 pertinet

449 5313 488 5383 lu
516 5334 585 5404 qna
611 5319 693 5386 suut
718 5316 792 5382 tres
819 5310 910 5385 lanei
938 5309 1183 5400 emethooales,
1209 5313 1247 5379 et
1272 5308 1420 5399 quilibet
1445 5329 1510 5398 pro
1535 5329 1652 5380 annuo
1679 5311 1908 5383 ceususolvit
1924 5315 1992 5380 octo
2131 5302 2132 5313 ’

449 5441 589 5524 scottos,
617 5435 699 5508 item
728 5454 832 5506 uuum
859 5431 998 5524 gallum,
1026 5432 1113 5504 duos
1141 5453 1271 5522 caseos
1298 5431 1524 5521 viginti‘ora.
1552 5432 1639 5503 ltem
1667 5432 1754 5504 duas
1773 5431 1939 5528 prouder
1962 5431 1991 5500 iu
2130 5434 2133 5509 l

448 5575 530 5628 vere
557 5563 593 5626 et
620 5557 744 5648 byerne
771 5554 911 5626 iaciunt.
939 5553 1027 5626 lteiu
1056 5555 1193 5626 ratione
1219 5574 1357 5659 oaszpep
1384 5552 1471 5624 dant
1497 5573 1600 5624 unam
1628 5571 1825 5624 mensuram
1853 5553 1996 5650 siliginis
2044 5563 2050 5581 ·

449 5685 486 5751 et
511 5676 598 5748 duas
625 5697 755 5755 avenae
782 5677 965 5765 confertas,
993 5683 1029 5748 et
1056 5680 1206 5767 quatuor
1230 5693 1391 5765 grossos3
1418 5674 1503 5745 item
1530 5675 1686 5763 taberna,
1713 5677 1798 5746 ltem
1814 5672 1993 5759 hortulani,
