4492 6592
1689 773 1763 846 aa?

205 970 299 1042 Ven
312 973 503 1046 ceslaus
529 971 640 1046 frater
666 973 799 1046 ordinis
826 974 945 1046 Sancti
971 975 1151 1048 Benedicti
1187 977 1407 1070 Sclavorum,
1434 980 1495 1070 qui
1519 979 1621 1052 nobis
1647 982 1764 1071 probi-

205 1097 279 1164 tate
308 1099 412 1166 extat
438 1115 582 1166 morum·
599 1095 880 1167 commendabilis
907 1097 1011 1168 debet
1036 1119 1208 1189 praeesse,
1236 1105 1272 1169 et
1297 1101 1436 1172 easdem
1460 1102 1623 1191 pecunias
1641 1102 1765 1174 tollere

205 1214 356 1304 tamdiu,
386 1237 564 1305 quousque
592 1217 839 1288 monasterinm
867 1238 929 1289 seu
956 1218 1142 1290 claustrum
1175 1241 1240 1311 pro
1270 1221 1437 1294 fratribus
1469 1222 1601 1295 Sclavis
1632 1224 1766 1306 ordinis

205 1333 329 1406 Sancti
368 1335 549 1408 Benedicti
583 1336 769 1427 praedicti,
806 1338 933 1410 ibidem
965 1345 1118 1411 erectum
1154 1340 1261 1413 fucrit
1286 1344 1511 1432 proventibus
1546 1345 1765 1448 uberioribus

205 1455 372 1526 dotatum
400 1465 437 1528 et
461 1457 620 1528 ditatum.
648 1457 759 1530 Vobis
785 1459 893 1550 igitur
920 1460 1053 1532 civibus
1072 1458 1360 1534 Cracovicnsibus
1378 1484 1442 1534 seu
1457 1464 1766 1555 theloneatoribus,

206 1576 265 1665 qui
293 1597 364 1666 pro
392 1583 550 1668 tempore
577 1577 713 1650 fueritis
741 1579 862 1652 damus
889 1580 997 1652 firmis
1024 1583 1154 1654 nostris
1180 1583 1356 1672 regalibus
1381 1586 1418 1656 in
1444 1585 1627 1677 mandatis,
1645 1593 1766 1678 quate·

207 1717 272 1768 nus
301 1697 419 1770 eidem
445 1697 547 1770 fratri
574 1700 845 1790 Venceslao,
873 1701 927 1772 vel
955 1703 1013 1791 qui
1040 1723 1103 1792 pro
1130 1707 1285 1793 tempore
1311 1703 1478 1776 fueritin
1505 1708 1623 1778 eodem
1652 1714 1766 1779 orato·

177 1817 259 1888 ‘rio
297 1818 488 1910 instituto,
516 1821 671 1911 quolibet
706 1841 796 1892 anno
832 1823 956 1912 viginti
991 1843 1127 1894 marcas
1163 1823 1206 1894 de
1241 1826 1413 1897 theloneis
1439 1829 1585 1918 nostris,
1621 1829 1766 1918 singulis

207 1944 361 2027 quatuor
388 1942 603 2030 temporibus
630 1962 692 2031 per
720 1942 870 2031 quinque
897 1963 1030 2014 marcas
1057 1943 1102 2014 ad
1128 1944 1239 2033 ipsius
1258 1947 1504 2034 quietationem
1522 1947 1608 2019 dare
1626 1955 1662 2019 et
1680 1949 1765 2018 assi·

206 2079 315 2147 gnare
345 2059 524 2150 debeatis;
547 2061 746 2150 praedictae
773 2083 921 2153 namque
949 2063 1145 2136 donationis
1172 2065 1321 2155 intuitu,
1348 2088 1451 2156 quam
1477 2069 1521 2138 ob
1549 2088 1644 2157 spem
1662 2069 1767 2139 retri-

207 2179 366 2252 butionis
395 2187 603 2272 perpetuae,
630 2183 665 2252 in
693 2182 812 2254 eodem
841 2184 995 2256 oratorio
1022 2185 1110 2256 duae
1137 2185 1263 2258 missae
1290 2187 1446 2277 qualibet
1471 2190 1676 2278 septimana,
1702 2209 1766 2278 pro

109 2307 115 2316 '
206 2299 320 2372 salute
349 2307 388 2372 et
414 2303 563 2374 sanitate
590 2309 711 2375 nostra
737 2303 866 2376 debent
892 2305 969 2395 legi,
996 2305 1130 2394 harum,
1157 2307 1281 2396 quibus
1309 2309 1460 2397 sigillum
1486 2316 1645 2380 nostrum
1663 2331 1764 2400 prae-

207 2421 368 2492 sentibus
395 2430 452 2494 est
478 2443 676 2514 appensum,
702 2425 902 2496 testimonio
929 2425 1119 2498 literarum.
1146 2425 1275 2498 Datum
1303 2427 1502 2519 cracoviae,
1529 2429 1618 2500 feria
1644 2433 1767 2520 quinta

210 2547 289 2629 post
317 2542 440 2614 Sancti
466 2542 590 2616 Jacobi
617 2545 777 2634 Apostoli
806 2567 895 2618 anno
922 2546 1061 2618 Domini
1092 2549 1200 2620 1390.

787 3147 963 3232 CALVI
993 3145 1210 3232 MONTIS

245 3375 549 3454 monasterium
583 3373 816 3455 secundum
849 3375 1009 3456 ordinis
1042 3375 1190 3458 Sancti
1220 3377 1436 3459 Benedicti
1471 3381 1510 3458 in
1543 3380 1734 3462 dioecesi

854 3529 1151 3612 Oracovtenat

229 3793 232 3796 -
317 3749 548 3840 Stephani
583 3749 743 3820 Sancti
777 3747 978 3840 Huugariae
1005 3751 1098 3840 regis
1125 3751 1216 3822 filius
1251 3751 1512 3842 Emericus,
1547 3774 1591 3824 ex
1618 3751 1766 3843 Gilla,

217 3865 411 3940 Henrici
438 3867 580 3940 Primi
607 3868 840 3942 Romanorum
867 3871 1088 3960 imperatoris
1115 3870 1188 3941 lilia
1214 3877 1411 3962 susceptus,
1438 3878 1475 3942 et
1500 3873 1684 3962 pristinam
1710 3895 1766 3944 re-

217 3987 332 4062 dolens
362 3991 600 4079 sanctitatem,
637 4011 763 4081 uxore,
799 4011 902 4080 quam
929 3996 1073 4080 patemo
1090 3991 1210 4082 -iussu,
1237 4012 1281 4062 ne
1307 3993 1480 4064 successio
1507 3994 1561 4064 sui
1588 3995 1783 4084 sanguinis

217 4110 473 4202 absumeretur,
513 4117 711 4200 acceperat,
737 4112 825 4183 miro
852 4105 918 4183 Dei
944 4131 1062 4183 amore
1089 4132 1283 4202 succensus,
1310 4115 1527 4186 insererem
1554 4120 1766 4186 commutata

219 4231 392 4322 coelibem,
419 4237 455 4303 et
480 4233 672 4322 'virgineam
698 4233 806 4304 vitam
833 4232 970 4323 ducens,
998 4253 1123 4323 corpus
1142 4253 1242 4304 suum
1261 4234 1304 4305 ab
1323 4235 1417 4306 omni
1442 4235 1607 4307 illecebra
1632 4236 1765 4307 carnali

219 4371 339 4440 purum
368 4353 532 4442 servavit,
559 4373 768 4443 servareque
796 4359 991 4426 consortem
1018 4373 1128 4445 usque
1154 4355 1191 4425 in
1217 4354 1307 4426 diem
1334 4356 1456 4426 mortis
1482 4355 1609 4448 docuit,
1637 4358 1766 4428 sancti-

219 4476 321 4544 tatem
351 4480 388 4546 et
414 4475 489 4564 ipse
517 4473 560 4546 ob
588 4479 707 4545 tantae
735 4475 967 4553 abstinentiae
1006 4477 1211 4565 martyrium
1238 4483 1480 4568 consequutus.
1524 4478 1591 4549 Hic
1617 4500 1694 4550 cum
1721 4478 1766 4550 ad

223 4599 380 4680 patruum
416 4615 515 4666 sunm
542 4600 578 4665 et
604 4600 787 4684 cognatum
824 4595 1090 4668 Boleslaum
1126 4595 1292 4669 Poloniae
1318 4618 1453 4689 regem,
1488 4601 1766 4689 cognominatum

223 4710 435 4805 Obrobri,
463 4715 498 4786 id
527 4719 581 4786 est
608 4716 809 4805 animosum,
836 4721 918 4787 tunc
944 4721 1061 4788 tamen
1087 4716 1210 4788 ducem
1229 4723 1265 4788 et
1281 4717 1447 4790 Poloniae
1473 4722 1695 4793 monarcham
1722 4743 1766 4792 ex

225 4831 407 4906 Pannoniis
433 4835 469 4906 in
496 4835 674 4907 Poloniam
702 4836 916 4926 advenisset,
944 4844 980 4908 et
1006 4857 1075 4910 non
1102 4857 1223 4928 parum
1250 4841 1418 4930 temporis
1444 4841 1536 4930 apud
1563 4842 1659 4912 illum
1686 4862 1767 4912 con-

211 4961 375 5042 spectum
402 4957 575 5027 consortis
601 4955 772 5046 devitans,
813 4956 1071 5047 absumpsisset,
1098 4964 1135 5029 et
1161 4957 1342 5031 Boleslaus
1367 4981 1430 5060 reu
1458 4959 1623 5030 Poloniae
1648 4961 1774 5050 singu-'

226 5071 285 5144 lari
310 5075 407 5146 illum
434 5081 704 5166 prosequeretur
731 5095 847 5147 amore
875 5082 910 5147 et
936 5079 1091 5168 caritate,
1118 5097 1196 5149 eum
1222 5099 1290 5152 non
1314 5080 1424 5151 solum
1451 5079 1603 5151 affinitas
1622 5063 1766 5170 sangvi-

227 5193 284 5284 uiS,
308 5196 370 5268 sed
397 5200 433 5268 et
459 5197 535 5287 ipsa
561 5197 730 5268 virtutum
757 5198 960 5268 excellentia
986 5205 1022 5268 et
1048 5199 1220 5289 probitas,
1245 5197 1398 5271 faciebat
1423 5200 1519 5269 illum
1545 5199 1766 5285 Boleslao

227 5316 355 5405 rugiet
382 5317 455 5389 suis
481 5317 684 5407 proceribus
711 5323 747 5389 ct
772 5319 938 5389 militibus
966 5318 1130 5390 Poloniae
1156 5320 1340 5391 amabilem
1367 5327 1403 5391 et
1427 5340 1644 5408 generosum.
1680 5319 1765 5392 Cum

228 5433 335 5526 itaque
362 5457 471 5528 prope
497 5438 661 5528 oppidum
688 5437 858 5508 Kelcze
894 5439 929 5507 in
957 5437 1073 5508 densis
1109 5440 1255 5511 saltibus
1283 5441 1459 5512 venationi
1497 5441 1598 5513 ambo
1624 5461 1766 5531 operam

229 5563 397 5649 navarent,
423 5559 570 5648 contigit
596 5559 674 5629 illos
701 5559 736 5629 in
763 5559 880 5648 iugum
908 5559 1093 5648 montium,
1122 5560 1181 5649 qui
1207 5557 1458 5632 Galvuriae
1485 5567 1671 5652 vocantur,
1706 5563 1767 5635 ubi

231 5678 391 5762 quondam
419 5678 589 5751 habitatio
616 5685 695 5750 erat
719 5677 853 5750 famosa
879 5670 1074 5769 cyclopum,
1111 5700 1251 5751 cervum
1284 5679 1437 5771 fugando
1473 5683 1646 5754 devenire.
1689 5683 1766 5755 Illic
