4492 6592
490 659 565 758 aro

485 865 632 956 quilibet
659 863 762 936 solvit
789 884 853 952 pro
873 881 978 934 censu
1006 915 1147 932 ......
1156 915 1164 952 ,
1192 881 1326 939 summa
1351 861 1440 934 duae
1459 882 1666 952 sexagenae,
1692 863 1777 942 item
1802 882 1876 933 ova
1902 836 2034 950 quilibet

486 985 726 1076 qnadraginta,
753 984 836 1054 item
854 982 965 1072 gallos
993 982 1089 1072 duce,
1117 981 1201 1054 item
1220 1001 1339 1065 caseos
1367 1004 1436 1059 uon
1453 983 1612 1072 solvunt,
1638 983 1720 1054 item
1740 983 1883 1061 laborat
1901 982 2034 1073 quilibet

485 1128 589 1179 unum
626 1104 717 1176 diem
753 1105 788 1176 in
816 1104 1010 1194 septimana
1044 1103 1187 1194 proprio
1224 1125 1329 1189 curru
1362 1108 1422 1188 ant
1448 1109 1583 1194 aratro,
1620 1104 1703 1182 item
1722 1102 1932 1199 peccabam,
1961 1104 2034 1176 item

486 1229 633 1298 taberna
654 1235 729 1296 una
747 1225 878 1299 habens
906 1246 1025 1314 agree,
1053 1225 1158 1305 soluit
1184 1246 1286 1309 unam
1313 1247 1390 1307 cnm
1418 1225 1531 1312 media
1558 1246 1706 1315 marcas,
1733 1225 1817 1304 item
1846 1224 2036 1305 herniaria

486 1369 555 1420 una
581 1347 713 1418 hahens
741 1366 854 1436 agros,
882 1345 970 1424 nihil
999 1345 1111 1436 solvit
1140 1347 1202 1419 sed
1229 1366 1333 1428 uultur
1361 1345 1451 1421 diem
1479 1346 1586 1436 pedes
1613 1346 1752 1427 laboret
1778 1346 1813 1416 in
1834 1345 2037 1436 septimana

487 1471 571 1540 item
599 1467 758 1542 scoltetia
786 1488 853 1554 non
881 1472 954 1556 est,
991 1467 1074 1543 Item
1103 1466 1284 1557 praedium
1320 1474 1375 1538 est
1401 1466 1451 1543 ibi
1477 1467 1615 1550 unicum
1651 1466 1875 1555 coerrobiale,
1910 1466 2038 1556 dequo

494 1589 661 1662 decimam
689 1587 934 1672 monasterinm
956 1586 1162 1672 Tbiuciense
1190 1587 1292 1667 tollit.
1337 1587 1424 1668 item
1443 1608 1561 1666 omnes
1588 1588 1665 1678 agri
1691 1587 1794 1660 villae
1822 1586 1966 1667 solvunt
1990 1587 2040 1660 de-

486 1712 608 1782 cimam
637 1708 887 1800 manipularem
919 1713 954 1784 ct
982 1707 1180 1798 canapalem
1209 1708 1420 1809 munasterio
1444 1708 1678 1798 Thincziensi,
1705 1709 1804 1785 onius
1822 1709 1927 1783 valor
1944 1710 2038 1790 nesti·

487 1839 603 1902 matur
626 1832 669 1902 ad
690 1836 839 1922 quatuor
857 1849 1009 1920 marcas,
1037 1829 1118 1911 item
1139 1829 1381 1912 molendinum.
1422 1829 1581 1911 Confluat
1600 1850 1676 1906 curn
1704 1827 1923 1920 Glinnilr,
1947 1829 2038 1911 Gne·

486 1953 741 2042 lustnicza,
769 1951 1092 2042 Tarnowyecz‚
1121 1950 1440 2042 Tarnnwczek,
1468 1950 1767 2032 Wroczenka.

591 2073 784 2162 Pronum,
812 2066 895 2146 villa
920 2073 985 2149 snb
1013 2072 1179 2162 parochia
1205 2072 1238 2145 S.
1258 2072 1394 2152 Nicclei
1421 2079 1522 2153 extra
1547 2071 1818 2156 cracoviam
1839 2072 1922 2161 sita,
1947 2073 2039 2150 ailn-

488 2199 544 2270 vio
571 2195 785 2285 Pradnilr,
813 2195 871 2288 qui
890 2195 988 2269 iuxta
1015 2215 1090 2270 eam
1108 2193 1262 2268 decurrit
1289 2193 1484 2286 appellata,
1511 2194 1609 2268 cuius
1635 2194 1835 2286 proprietas
1864 2193 1911 2275 ad
1930 2215 2038 2268 mona-

488 2319 632 2391 sterium
669 2316 874 2390 Tinnciensc
911 2316 1073 2406 pertinet.
1113 2315 1154 2386 Iu
1173 2336 1261 2408 ,qua
1294 2322 1375 2393 snut
1412 2315 1559 2392 sedecim
1598 2315 1690 2389 lanei
1725 2315 1982 2406 matitunales,
2008 2322 2039 2388 et

492 2439 636 2530 quilibet
663 2459 850 2528 processu
878 2437 983 2517 solvit
1010 2435 1160 2544 sedecim
1186 2459 1349 2528 messem
1374 2437 1458 2518 item
1475 2445 1558 2510 snut
1586 2437 1635 2510 ibi
1657 2437 1810 2528 quinque
1837 2437 1935 2513 lanei
1960 2458 2040 2512 cue

489 2559 647 2646 thonales
666 2557 709 2630 ad
724 2558 972 2650 proprietatem
992 2558 1195 2638 monasterii
1212 2557 1245 2630 S.
1261 2558 1453 2648 Trinitatis,
1472 2559 1576 2639 solvit
1595 2564 1711 2638 minen
1729 2558 1881 2650 quilibet
1899 2557 2039 2635 sedecim

467 2702 649 2771 pressos,
686 2701 749 2770 pro
768 2701 873 2751 censu
900 2679 1110 2764 monasterio
1139 2678 1346 2763 Thincieusi.
1386 2680 1473 2765 Item
1500 2685 1555 2753 est
1576 2680 1611 2750 in
1630 2679 1751 2755 eadem
1778 2679 1864 2755 nilla
1892 2679 2042 2758 molisii!

448 2807 451 2814 '
489 2802 619 2874 habens
646 2807 719 2874 tres
746 2801 880 2889 leucoe,
908 2799 951 2872 de
979 2800 1103 2892 quihus
1131 2799 1234 2884 solvit
1261 2799 1428 2883 declinam
1456 2800 1705 2892 manipularem
1731 2801 1904 2880 ecclesiae
1931 2799 2039 2870 Sancti

490 2921 632 2994 Nicolai.
675 2921 763 3014 Item
791 2921 935 3012 singulis
963 2920 1063 2998 anuis
1090 2925 1254 2992 tenentur
1281 2920 1384 3003 villae
1411 2921 1494 2997 darc
1521 2921 1591 2996 dun
1616 2920 1765 3014 prandia
1790 2921 1934 3010 mbae,
1961 2919 2039 2993 scol·

489 3049 584 3116 tetus
610 3043 762 3134 tertium,
789 3043 871 3114 item
900 3048 954 3128 est
980 3042 1028 3112 ibi
1055 3042 1204 3116 taberna
1229 3021 1442 3132 scoltetialis,
1468 3043 1601 3117 babens
1627 3062 1741 3132 agros,
1768 3047 1810 3126 et
1830 3043 1940 3124 sinivit
1964 3041 2040 3123 duo

491 3164 600 3235 decim
625 3183 760 3241 marcas
783 3163 927 3248 scolteto
954 3183 1018 3254 pro
1037 3183 1160 3252 ceusn3
1188 3163 1270 3239 item
1293 3163 1529 3252 hortulorum,
1550 3163 1635 3241 item
1652 3162 1893 3238 molendinum
1912 3163 2041 3240 scolteti

492 3289 545 3355 est
572 3284 620 3355 ibi
639 3286 674 3354 in
693 3283 831 3354 flumine
858 3283 1096 3354 Prandnilr
1123 3289 1161 3355 et
1178 3284 1283 3356 solvit
1309 3284 1519 3361 monasterio
1537 3282 1798 3363 Tbncieusidc
1816 3284 1883 3359 illo
1900 3289 2041 3375 quatuor

492 3425 626 3478 marcas
654 3387 730 3477 cum
765 3426 833 3478 uno
861 3404 1015 3495 fertone,
1047 3405 1212 3488 scoltetns
1232 3388 1361 3488 'annm
1389 3406 1511 3498 recipit
1539 3426 1603 3496 pro
1630 3426 1670 3476 so
1688 3405 1749 3487 ⁴de
1767 3405 1893 3484 eedem
1920 3407 2040 3478 molen-

493 3526 588 3618 dino,
606 3525 692 3597 alias
711 3532 860 3616 quatuor
878 3547 1022 3612 marcas.
1061 3527 1149 3602 Item
1168 3547 1287 3607 omues
1304 3527 1381 3618 agri
1400 3527 1619 3609 emetbcunm
1638 3526 1778 3607 solvunt
1794 3532 1832 3610 et
1849 3527 2040 3602 conducunt

492 3647 658 3720 decimam
695 3647 943 3736 manipularem
979 3654 1015 3719 et
1042 3648 1241 3740 canapalem
1268 3669 1333 3740 pro
1360 3648 1506 3723 ecclesia
1536 3648 1569 3720 S
1596 3647 1733 3724 Nicolai
1758 3649 2039 3731 convineat

493 3767 770 3857 Gracoviensem,
797 3773 832 3840 et
850 3768 947 3838 valor
974 3769 1047 3845 eius
1074 3769 1278 3850 aestimatur
1304 3769 1349 3845 ad
1369 3769 1493 3862 uiginti
1519 3769 1671 3860 quinque
1696 3789 1842 3844 marcas
1883 3771 1973 3840 Item
1995 3768 2039 3840 ibi

493 3890 563 3961 tcta
589 3888 732 3980 praedia
759 3888 883 3962 civium
903 3886 1199 3981 Oracoviensinm‚
1225 3890 1412 3982 dequibus
1440 3889 1630 3972 decimatur
1657 3889 1822 3965 ecclesiae
1849 3890 1884 3962 S
1904 3888 2037 3962 Nicola't

492 4011 601 4083 Valor
646 4009 906 4100 quatuordecim
950 4029 1094 4088 marcae.
1145 4010 1305 4089 Confluat
1340 3990 1418 4092 cnm
1463 4009 1716 4101 Graeceio,
1759 4010 2038 4098 Ranowmze,

494 4131 812 4220 Bronowicze,
848 4129 1159 4220 Bathewicze,
1193 4132 1476 4209 Growodrza
1527 4123 1622 4212 nem
1651 4132 1820 4234 plebanum
1847 4131 1881 4204 S.
1910 4129 2036 4208 Nicolai

494 4255 600 4325 habet
626 4253 662 4329 in
690 4252 808 4327 eadem
836 4251 920 4324 villa
944 4251 1032 4324 duos
1059 4271 1137 4334 curn
1163 4254 1276 4338 medio
1303 4255 1426 4334 nuens
1448 4254 1642 4327 liberos-et
1666 4259 1776 4344 prata
2127 4350 2128 4353 Ἴ

602 4372 798 4462 Wrnrow,
826 4372 909 4444 villa
944 4373 1008 4446 sub
1036 4372 1202 4464 parochm
1236 4375 1401 4449 eclesiae
1436 4374 1479 4446 de
1505 4374 1808 4464 Luborzycza
1833 4374 1922 4464 sila,
1949 4371 2037 4448 cuins

495 4495 691 4585 proprietas
718 4494 762 4566 ad
790 4495 1036 4569 monasterium
1064 4492 1270 4569 Thiuciense
1296 4497 1455 4582 pertinet.
1481 4495 1618 4588 Inque
1645 4499 1727 4570 sunt
1754 4494 1938 4575 duedecim
1955 4490 2036 4564 lauti

457 4629 462 4636 '
497 4617 740 4706 emethonales
768 4621 803 4688 et
831 4615 977 4706 quilibet
1004 4615 1107 4688 solet
1134 4635 1199 4706 pro
1225 4635 1331 4690 censu
1357 4613 1444 4692 uum
1460 4637 1615 4704 marcas;
1642 4616 1726 4694 inm
1744 4615 1891 4706 minuet
1908 4615 2037 4686 laboret

497 4738 640 4830 proprio
668 4759 771 4810 curru
800 4741 859 4810 aut
885 4742 1004 4814 aratro
1022 4735 1119 4810 duos
1146 4734 1221 4809 dies
1247 4735 1285 4811 in
1310 4734 1513 4826 septimana,
1540 4739 1633 4826 item,
1649 4737 1694 4810 ad
1713 4734 1901 4832 ponebam
1927 4742 2035 4808 tenen

499 4867 557 4932 tur
583 4859 756 4950 triplicem
783 4860 821 4930 in
847 4880 946 4947 altn0,
973 4859 1057 4940 item
1084 4857 1229 4948 quilibet
1255 4856 1300 4933 de
1326 4856 1426 4940 laneo
1453 4855 1558 4928 solvit
1583 4857 1729 4948 triginta
1755 4878 1832 4946 oua,
1858 4857 1940 4931 item
1958 4854 2034 4928 duos

498 5002 666 5074 capones,
703 5001 821 5060 cascos
858 5001 925 5052 uon
954 4979 1110 5068 solvunt,
1137 4979 1222 5057 item
1248 4997 1351 5050 unam
1377 4997 1575 5055 mensuram
1610 4976 1775 5068 siliginis,
1802 4978 1888 5061 duas
1915 4992 2035 5055 arenae

499 5102 671 5184 confertas
707 5106 743 5173 et
778 5107 926 5194 quatuor
951 5093 1102 5191 grossos.
1136 5100 1225 5171 Item
1250 5103 1304 5178 est
1331 5098 1382 5180 ibi
1406 5098 1552 5170 taberna
1577 5098 1710 5178 babens
1736 5119 1852 5188 agros,
1879 5104 1918 5170 et
1942 5095 2035 5171 solvit

499 5233 572 5330 tre's
590 5244 726 5296 recreas
745 5245 808 5317 pro
827 5243 942 5312 censui,
969 5227 1005 5294 et
1016 5218 1182 5316 pecuedes
1200 5220 1345 5301 laborat
1371 5219 1460 5303 Item
1478 5218 1862 5308 nommanaequetuor
1880 5219 2035 5300 babentes

470 5355 476 5366 ·
499 5368 602 5436 agros
620 5351 656 5416 et
673 5345 777 5420 solvit
796 5365 884 5416 nnus
903 5348 977 5416 tres
996 5343 1165 5431 fertones,
1192 5341 1259 5417 duo
1279 5361 1341 5432 peu
1359 5339 1477 5419 domm
1494 5360 1640 5430 grossos
1653 5345 1797 5430 quartus
1816 5359 1878 5410 sex
1897 5355 2032 5428 grossos

501 5465 589 5537 item
617 5471 668 5538 est
697 5466 745 5539 ibi
772 5465 952 5555 praedium
980 5463 1194 5553 coenobiale,
1220 5461 1263 5537 de
1282 5483 1351 5554 quo
1377 5459 1463 5535 nulli
1489 5459 1552 5532 dat
1578 5459 1763 5548 decimam,
1791 5459 1854 5532 sed
1879 5481 1953 5531 eam
1978 5476 2031 5546 pro

503 5606 540 5656 se
558 5585 659 5658 tollit.
685 5585 773 5658 Item
792 5607 911 5660 omnes
929 5586 1021 5658 lanei
1040 5583 1288 5674 emetienda,
1307 5583 1473 5656 tabernae
1491 5587 1528 5652 et
1546 5580 1831 5670 hortuulaniarnm,
1857 5580 1992 5653 solvunt
2005 5579 2036 5648 ei
