4492 6592
476 861 549 934 248

475 1070 618 1140 suntin
645 1067 762 1140 eadem
790 1066 883 1156 rilla,
910 1066 952 1138 de
980 1086 1124 1156 quorum
1153 1063 1328 1156 aliquibus
1356 1065 1453 1156 agris
1470 1061 1619 1137 solvitur
1645 1063 1779 1136 decima
1805 1058 2024 1154 manipularis

350 1159 356 1180 ‘
473 1191 509 1260 in
533 1186 739 1284 porrithwom
765 1209 828 1278 pro
847 1187 1058 1259 monasterio
1078 1186 1224 1258 Sanctae
1245 1186 1370 1257 Crucis
1397 1206 1458 1276 eo,-
1476 1186 1567 1276 qnod
1594 1185 1730 1258 nobiles
1756 1184 1925 1276 depositis
1942 1203 2025 1254 crue·

472 1310 654 1400 rhombus,
691 1309 808 1381 colunt
832 1309 899 1380 soli
927 1328 1030 1397 agros
1058 1307 1316 1394 cmethouales3
1353 1306 1397 1378 de
1425 1306 1506 1378 aliis
1533 1327 1617 1378 vero
1652 1307 1746 1397 agris
1772 1305 2026 1397 praedictorum

473 1431 579 1502 trium
606 1417 826 1520 praediorum
855 1429 1002 1500 solvitur
1029 1429 1163 1499 decima
1189 1428 1417 1518 manipularis
1453 1428 1617 1499 ecclesiae
1644 1428 1680 1498 in
1708 1425 2024 1497 Wawelnicza

451 1633 453 1639 Α
577 1533 988 1638 Bsarnonrnrowr'czn‚
1028 1549 1111 1620 villo
1146 1551 1210 1620 sub
1237 1549 1404 1639 parochia
1435 1549 1602 1620 ecclesiae
1636 1547 1681 1619 de
1718 1547 2026 1618 Wawelnicza
2067 1541 2071 1548 ’

473 1673 552 1762 sita,
579 1673 675 1745 ouius
702 1671 899 1760 proprietas
918 1671 962 1742 ad
985 1661 1242 1741 serenissimum
1269 1691 1385 1760 regem
1409 1668 1574 1741 Polouiae
1600 1670 1761 1759 pertinet.
1789 1668 1904 1740 Huius
1923 1688 2025 1758 quon·

473 1793 552 1864 dam
579 1791 682 1862 villae
710 1791 843 1864 decima
869 1790 1098 1880 manipularis
1127 1791 1303 1880 pertinere
1325 1791 1554 1862 asserebatur
1598 1789 1643 1860 ad
1669 1789 1920 1861 monasterium
1948 1773 2027 1859 Sau-

476 1919 554 1986 ctoe
580 1911 702 1984 Crucis
731 1911 864 1984 Calvi
890 1909 1087 1999 Montis;
1114 1910 1175 1982 sed
1201 1911 1370 1982 incertum
1397 1917 1462 2001 est,
1489 1931 1557 2000 quo
1583 1917 1749 2002 tempore,
1775 1915 1836 1980 aut
1862 1908 2028 1999 quomodo

475 2033 624 2104 alienata
651 2039 705 2104 est
732 2053 752 2104 a
779 2033 993 2122 proprietate
1022 2032 1233 2108 monasterii.
1265 2030 1425 2103 Pertinet
1451 2037 1566 2102 autem
1594 2051 1685 2102 nunc
1711 2030 1846 2102 decima
1872 2029 2027 2118 manipu-

409 2239 415 2249 .
475 2154 559 2226 laris
586 2155 631 2224 ad
658 2154 837 2225 ecclesiam
866 2155 901 2223 in
928 2151 1241 2224 Wawelnicza
1266 2158 1303 2224 et
1328 2154 1403 2224 eius
1430 2157 1610 2242 rectorem,
1636 2158 1673 2223 et
1698 2151 1797 2223 valor
1824 2152 1899 2223 eius
1928 2151 2026 2221 aesti-

387 2323 390 2336 .
475 2279 589 2346 matur
616 2274 660 2345 ad
688 2275 809 2346 decem
836 2292 980 2346 marcas.

579 2393 726 2466 Wourn
752 2393 992 2484 Kownusrrs,
1029 2395 1112 2466 villa
1147 2395 1213 2466 suh
1240 2395 1404 2484 parochia
1438 2394 1603 2466 ecclesiae
1638 2392 1681 2465 de
1717 2392 2027 2464 Warrelnicza
2091 2458 2095 2468 ,

478 2518 564 2606 sita,
590 2515 687 2588 cuius
713 2515 841 2599 haeres
863 2515 1041 2588 dohannes
1068 2517 1219 2589 Lucae
1255 2515 1298 2586 de
1334 2514 1531 2605 Slupcza
1566 2515 1609 2586 de
1635 2516 1742 2586 armis
1778 2515 1933 2603 Rana,
1968 2535 2026 2604 pru

477 2637 663 2710 medietate
699 2643 799 2727 parte
835 2637 956 2728 villae,
993 2641 1029 2708 et
1063 2658 1127 2728 pro
1168 2637 1280 2708 altera
1314 2643 1414 2726 parte
1449 2636 1627 2708 iohannes
1663 2637 1707 2726 de
1742 2635 2026 2723 D'rzenicza‚

477 2757 740 2830 Taurorum.
784 2757 824 2828 In
853 2778 920 2848 qua
947 2764 1028 2830 sunt
1063 2758 1155 2829 lanei
1182 2757 1434 2848 cmethonales‚
1471 2756 1666 2848 dequibus
1693 2755 1853 2828 omnihus
1881 2756 2026 2827 solvitur

478 2879 611 2950 decima
636 2878 862 2968 manipularis
894 2899 957 2968 pro
985 2879 1197 2952 monasterio
1224 2879 1371 2950 Sanctae
1397 2876 1518 2950 Crucis
1552 2876 1684 2950 Calvi
1720 2877 1897 2948 Montis
1932 2883 1970 2947 et
1994 2877 2042 2946 in·

478 3019 596 3072 eorum
623 3000 786 3070 horreum
815 2999 1000 3088 inducitur;
1027 3001 1110 3071 item
1137 3000 1294 3090 taberna
1320 2999 1404 3070 item
1431 2999 1616 3088 hortulani,
1644 2999 1728 3069 item
1754 2998 1936 3088 praedium
1956 2997 2026 3067 uni·

477 3141 553 3192 cum
580 3120 740 3210 militare,
780 3119 823 3192 de
851 3122 948 3193 ouius
976 3122 1069 3211 agris
1097 3121 1245 3193 solvitur
1271 3120 1405 3192 decima
1430 3121 1656 3211 manipularis
1678 3121 1790 3192 etiam
1816 3120 2025 3191 monasterio

479 3241 626 3316 Sanctae
653 3239 782 3312 Crucis.

582 3361 728 3451 Lance,
756 3361 841 3432 villa
863 3362 927 3434 soh
954 3355 1121 3452 parochia
1148 3363 1314 3435 ecclesiae
1341 3363 1384 3434 de
1411 3361 1434 3434 J
1444 3363 1673 3454 aroschyn
1702 3362 1796 3451 sita‚'
1823 3363 1921 3432 cuius
1948 3362 2026 3433 hae-

478 3501 535 3552 res
563 3479 728 3554 Varszius
764 3481 1060 3574 Mychowsky
1097 3483 1140 3554 de
1167 3484 1274 3554 armis
1309 3483 1458 3554 Rana·
1493 3483 1535 3561 ln
1561 3505 1631 3573 qua
1666 3473 1749 3554 sunt*
1774 3489 1908 3574 septem
1936 3482 2023 3553 land

479 3595 739 3693 emethonales‚'
767 3601 870 3674 etde
898 3603 1055 3674 omnibus
1083 3604 1230 3676 solvitur
1266 3611 1302 3676 et
1328 3603 1531 3676 conducitur
1567 3604 1699 3693 decima
1733 3603 1960 3694 manipularis
1993 3609 2026 3672 et

478 3723 651 3812 canapalis
678 3744 741 3827 pro
769 3725 979 3796 monasterio
1004 3723 1153 3796 Sanctae
1180 3723 1310 3815 Crucis,
1338 3731 1374 3796 et
1401 3725 1499 3796 valor
1524 3726 1598 3796 eius
1626 3717 1831 3797 aestimatur
1857 3725 1903 3795 ad
1928 3725 2023 3815 quin·

442 3857 445 3866 ’
479 3865 544 3933 que
571 3863 716 3934 marcas;
743 3845 825 3916 item
848 3846 1020 3916 tabernae
1047 3867 1115 3918 nou
1143 3851 1235 3936 sunt,
1261 3847 1345 3917 item
1367 3846 1588 3918 hortulaniae
1615 3867 1684 3918 nun
1712 3853 1801 3936 sunt
1827 3847 1912 3916 item
1930 3865 2023 3935 prae
2141 3925 2143 3950 Ε

479 3963 572 4036 dium
600 3987 668 4037 non
696 3973 757 4038 est.

581 4085 820 4176 Jrnowrczn,
848 4086 932 4158 villa
956 4087 1020 4158 suh
1039 4087 1204 4177 parochia
1228 4087 1393 4158 ecclcsiae
1421 4088 1464 4160 de
1491 4087 1801 4180 Syrokomlya
1827 4089 1908 4177 sita,
1934 4087 2024 4158 cuius
2141 4081 2143 4146 ἶ

402 4235 405 4240 ·
479 4207 602 4278 haeres
639 4206 803 4278 Nicolaus
830 4207 853 4279 J
862 4209 1080 4299 anowsky
1117 4207 1289 4279 dedomo
1325 4207 1606 4299 Srokomlya.
1650 4209 1787 4299 Inque
1822 4215 1905 4308 sunt
1940 4207 2024 4280 lanei

479 4328 731 4418 cmethonclcs‚
767 4333 803 4398 ct
830 4328 873 4398 de
900 4329 1058 4400 omnibus
1086 4328 1234 4400 solvitur
1270 4329 1403 4400 decima
1438 4326 1662 4420 manipularis
1689 4335 1726 4401 et
1752 4329 1929 4419 canapalis
1964 4349 2021 4419 pro

480 4449 688 4536 monasterio
716 4447 863 4520 Sanctae
886 4447 1015 4538 Crucis,
1042 4455 1078 4520 et
1104 4449 1280 4522 inducitur
1307 4451 1343 4522 iu
1361 4451 1523 4522 horreum
1550 4472 1572 4521 a
1599 4451 1810 4522 monasterio
1836 4450 2024 4536 locandum

480 4571 561 4638 item
588 4569 754 4640 tabernae
783 4591 852 4645 non
879 4577 968 4661 sunt,
995 4591 1106 4660 neque
1134 4570 1364 4661 hortulaniue;
1391 4572 1474 4643 item
1492 4572 1672 4662 praedium
1695 4578 1749 4643 est
1776 4572 1915 4642 unicum
1942 4571 2023 4642 mili-

479 4694 574 4777 tare,
610 4690 653 4760 de
669 4672 673 4680 ’
688 4691 785 4762 cuius
822 4693 916 4782 agris
953 4691 1099 4762 solvitur
1135 4692 1268 4764 decima
1303 4692 1529 4783 manipularis
1565 4693 1730 4765 ecclesiae
1767 4693 1961 4783 parochiali
1993 4693 2023 4762 in

480 4809 764 4904 Srohomlya.

584 4932 807 5023 Saonomnn,
845 4933 928 5006 villa
945 4934 1085 5005 'habens
1113 4935 1148 5020 in
1176 4955 1212 5005 se
1240 4935 1420 5006 ecclesiam
1448 4935 1680 5025 parochialem
1707 4939 1899 5024 muratam,
1935 4935 2025 5006 cuius

480 5055 603 5126 haeres
631 5053 795 5125 Nicolaus
831 5052 853 5124 J
863 5055 1078 5144 anowsky
1115 5054 1286 5126 dedomo
1322 5055 1574 5127 Srokomla.
1618 5056 1658 5127 In
1686 5076 1755 5147 qua
1788 5047 1872 5126 suut
1899 5060 2025 5146 septem

413 5177 418 5186 “
480 5177 571 5248 lanei
599 5175 850 5266 cmethonales‚
878 5175 921 5246 de
950 5176 1074 5265 quibus
1103 5177 1260 5248 omnibus
1287 5177 1435 5249 solvitur
1462 5177 1595 5248 decima
1621 5177 1856 5268 manipularis,
1884 5183 1923 5248 et
1949 5197 2024 5248 cun·

481 5297 619 5368 ducitur
645 5317 709 5387 pro
737 5296 948 5368 monasterio
976 5295 1123 5368 Sanctae
1152 5296 1280 5387 Crucis,
1299 5304 1336 5368 et
1353 5299 1428 5368 eius
1454 5297 1553 5369 valor
1580 5297 1782 5370 aestimatur
1807 5296 1852 5368 ad
1881 5297 2025 5388 quinque

480 5437 632 5507 marcas,
667 5419 751 5490 item
778 5419 945 5493 tabernae
972 5425 1141 5510 quatuor,
1177 5420 1261 5490 item
1289 5419 1526 5508 hortulauiae‚
1562 5419 1646 5490 item
1672 5418 1850 5509 praedium
1878 5440 1949 5489 non
1975 5422 2035 5487 est¹

481 5539 516 5608 in
543 5537 663 5610 eudem
689 5539 782 5610 villa.
1089 5625 1090 5630 η
1553 5555 1560 5568 ’

585 5655 803 5750 Pouuonzn,
840 5661 923 5746 villo
949 5661 1013 5732 suh
1041 5661 1206 5751 parochia
1232 5659 1276 5731 de
1304 5659 1507 5751 Wylhow
1534 5661 1620 5750 sita,
1659 5660 1756 5732 cuius
1783 5660 1910 5731 haeres
1936 5657 2023 5730 Mat

481 5775 574 5861 ¹thius
600 5782 636 5847 et
661 5777 838 5851 Johauncs
865 5780 908 5852 de
936 5781 1042 5852 armis
1068 5781 1303 5871 Lewarth,
1329 5779 1524 5885 Stanislaus
1550 5779 1854 5872 Obeczyalya.
1894 5779 1935 5852 In
1961 5799 2023 5871 qua

1850 6171 1905 6363 al:

1828 6394 1844 6438 ,1
