4492 6592
1590 697 1593 701 ’
1729 738 1803 812 341

221 959 445 1016 mensuram
471 943 630 1035 siliginis,
656 943 743 1017 duas
766 963 898 1016 avenae
916 941 1101 1036 coniertas,
1119 949 1157 1016 et
1174 948 1324 1035 quatuor
1340 965 1492 1034 grossos.
1519 943 1607 1018 Item
1626 947 1804 1036 praedium

221 1085 296 1135 nou
329 1069 404 1156 est,
435 1084 546 1157 neque
573 1065 741 1140 scoltetia.
770 1065 858 1146 Item
885 1087 1003 1143 omnes
1030 1067 1105 1158 agri
1135 1066 1237 1145 villae
1263 1066 1405 1143 solvunt
1431 1067 1693 1143 et·conducnut
1710 1069 1806 1140 deci·

220 1204 323 1255 mam
365 1187 622 1279 manipularem
646 1176 694 1260 'et
729 1188 948 1280 canapalem,
984 1209 1048 1279 pro
1084 1165 1247 1285 episcopo
1274 1185 1515 1279 cracoviensi,
1542 1197 1580 1262 et
1607 1190 1705 1264 valor
1731 1192 1806 1264 eius
1843 1277 1846 1281 J

223 1307 455 1384 aestimatur
481 1308 525 1382 ad
545 1364 552 1380 .
572 1363 580 1380 .
598 1363 606 1379 .
625 1301 769 1399 marcas.
797 1307 958 1383 Oonfinat
984 1329 1060 1419 cum
1080 1364 1088 1380 .
1107 1363 1142 1380 ..
1627 1402 1630 1408 Ι

339 1427 556 1521 Kaumana,
584 1430 672 1515 villa,
701 1432 766 1504 sub
802 1431 969 1524 parocbia
1000 1431 1044 1505 de
1070 1429 1341 1521 Podgrodze
1368 1432 1455 1522 sita,
1482 1432 1581 1504 cuius
1609 1433 1807 1523 proprietas

225 1549 273 1624 ad
304 1553 613 1642 sanctimoniales
637 1553 871 1644 Antiquae
895 1553 1113 1632 sardeon
1140 1554 1301 1644 pertinet.
1342 1553 1382 1624 ln
1410 1574 1479 1646 qua
1505 1561 1587 1626 sunt
1613 1555 1808 1645 quindecim

225 1670 328 1747 lanei
361 1673 612 1765 cmetbonales,
640 1681 677 1749 at
704 1675 849 1766 quilibet
875 1674 980 1750 solvit
1008 1695 1071 1780 pro
1098 1693 1205 1746 censu
1232 1673 1569 1765 mediamroarcam3
1596 1676 1679 1749 item
1699 1697 1805 1750 unum

227 1792 397 1886 gallum,
425 1797 509 1876 item
547 1797 668 1888 viginti
706 1817 789 1888 oua,
817 1797 899 1872 item
927 1796 1015 1870 duos
1041 1817 1189 1868 caseos:
1211 1794 1299 1866 Item
1327 1802 1382 1867 est
1408 1817 1478 1869 aaa
1505 1797 1652 1870 taberna
1678 1798 1809 1871 babens

149 1947 154 1966 =
229 1936 360 2007 agros,
389 1923 427 1990 et
453 1917 558 2000 solvit
582 1939 649 2009 pro
675 1939 780 1991 censu
807 1936 911 1992 unam
928 1911 1099 1993 'mercam
1126 1917 1214 1992 Item
1234 1915 1419 2011 ponebam
1446 1917 1608 1992 laborant
1634 1940 1698 2010 pro
1726 1941 1807 1992 vere

230 2043 269 2110 et
299 2043 457 2118 aescae
484 2039 572 2114 Item
600 2040 736 2112 ratione
763 2061 857 2134 ussup
884 2040 990 2118 solvit
1016 2039 1164 2131 quilibet
1190 2059 1294 2116 unam
1321 2059 1517 2112 mensuram
1546 2040 1703 2131 siliginis,
1723 2041 1810 2113 cluss

230 2177 378 2239 armana
410 2159 592 2250 confertae,
618 2169 656 2234 et
682 2166 833 2252 quatuor
858 2181 1009 2251 prosam.
1036 2160 1125 2232 Item
1152 2159 1332 2252 praedium
1360 2182 1429 2232 non
1452 2167 1507 2234 est
1524 2162 1561 2232 in
1580 2161 1699 2232 eedem
1720 2162 1810 2232 villa.
1915 2213 1920 2220 -

232 2278 330 2360 lton
363 2301 436 2358 non
464 2288 519 2366 est
545 2281 724 2372 scoltetia,
752 2282 834 2354 item
864 2303 932 2356 non
960 2287 1041 2359 sunt
1068 2282 1310 2355 bortulaniae..
1338 2282 1426 2358 Item
1454 2303 1573 2388 omnes
1601 2283 1677 2371 agri
1706 2283 1809 2357 villae
1937 2326 1945 2334 -

233 2401 391 2474 solvunt
417 2408 453 2474 et
479 2403 675 2477 conducunt
702 2403 869 2476 decimam
898 2403 1147 2496 manipularem
1175 2404 1438 2496 etcanapalem
1456 2426 1520 2496 pro
1539 2405 1703 2496 episcopo
1722 2404 1806 2479 (lra-

232 2523 414 2616 couiensi,
440 2532 477 2598 et
504 2525 602 2601 valor
629 2527 704 2598 eius
731 2526 937 2602 aestimatur
963 2525 1008 2600 ad
1034 2525 1233 2618 quindecim
1261 2539 1408 2602 marcas.
1435 2524 1597 2601 Continet
1615 2581 1622 2598 .
1642 2574 1677 2596 ..

350 2646 587 2738 Zasznonur,
615 2647 698 2720 uilla
725 2648 788 2732 sub
816 2648 981 2738 parocbia
1007 2647 1051 2720 da
1078 2646 1349 2740 Podgrodze
1375 2648 1454 2738 sita,
1481 2649 1579 2722 cuins
1605 2649 1805 2739 proprietas

239 2766 286 2842 ad
307 2769 597 2844 sanctimoniales
616 2765 852 2862 Antiquae
871 2767 1076 2842 Saudecz
1104 2769 1266 2859 pertinet
1292 2768 1332 2863 Iu
1351 2790 1422 2860 qua
1440 2775 1590 2860 quatuor
1608 2769 1699 2842 land
1718 2790 1808 2842 cmc·

239 2887 426 2982 tbonalea,
451 2911 597 2982 quorum
626 2891 660 2964 in
690 2911 793 2965 censu
821 2890 977 2964 rodmar
1003 2889 1146 2962 solutio:
1168 2889 1307 2981 'primm
1332 2890 1439 2965 solvit
1457 2945 1465 2961 .
1484 2945 1491 2962 .
1511 2944 1537 2980 .,
1566 2890 1736 2964 secundus
1749 2945 1756 2960 .
1771 2945 1779 2960 .
1793 2944 1811 2979 .,

241 3012 379 3087 tertius
399 3067 406 3082 .
426 3067 432 3082 .
452 3065 475 3102 .,
504 3012 648 3104 quartae
667 3067 674 3082 .
694 3067 701 3082 .
720 3065 746 3101 .,
773 3013 856 3084 itam
885 3027 989 3084 unum
1015 3012 1164 3103 gallum,
1192 3013 1316 3102 viginti
1344 3033 1425 3101 ova,
1453 3012 1540 3088 duos
1567 3033 1695 3085 caseos.
1723 3012 1810 3084 item

208 3137 300 3204 ·eat
328 3154 404 3208 una
430 3131 576 3208 taberna
595 3134 734 3208 ‚babens
762 3155 865 3223 agros
891 3133 935 3206 de
962 3155 1031 3206 uno
1058 3134 1168 3222 laneo,
1194 3141 1229 3204 et
1259 3133 1453 3223 soluitpro
1480 3154 1586 3206 ceusu
1613 3142 1686 3205 tres
1703 3133 1810 3206 ferta
1868 3175 1873 3180 ·

244 3271 329 3332 nea
351 3255 442 3336 Item
464 3255 648 3350 perrodunt
675 3255 837 3332 laborant
863 3275 927 3347 pro
955 3276 1036 3328 vere
1063 3261 1100 3328 et
1126 3261 1271 3329 aestate.
1307 3255 1394 3327 item
1422 3255 1559 3344 ratione
1585 3277 1679 3350 ossep
1707 3254 1810 3328 solvit

245 3377 401 3466 quilibet
428 3397 531 3452 unam
560 3360 760 3454 mensuram
783 3375 941 3468 siliginis,
969 3377 1064 3450 duas
1081 3397 1213 3450 avenae
1240 3377 1415 3450 coniectas
1441 3386 1478 3449 et
1496 3385 1646 3468 quatuor
1657 3384 1813 3466 'grossos

245 3497 340 3578 buu
365 3499 550 3591 praedium
578 3521 646 3572 uon
673 3505 738 3591 est,
765 3507 833 3604 non
861 3503 944 3594 aunt
971 3499 1201 3588 bertuloniae,
1228 3520 1296 3572 non
1315 3503 1370 3572 est
1388 3499 1557 3570 scoltetia,
1583 3499 1674 3585 item
1691 3519 1810 3571 omues

249 3621 327 3708 agri
369 3621 471 3693 uillae
506 3621 647 3696 solvunt
682 3628 718 3697 et
754 3621 951 3692 conducunt
987 3621 1155 3694 decimam
1182 3621 1431 3710 manipularem
1460 3627 1495 3691 et
1522 3621 1722 3712 canapalem
1748 3643 1813 3710 pro

250 3742 422 3833 episcopo
448 3742 684 3834 Cracdviensi,
711 3747 753 3816 et⁴
773 3743 871 3814 valor
897 3743 974 3814 e'iu's
999 3743 1205 3815 aestimatur
1231 3741 1275 3812 ad
1303 3743 1456 3832 quinque
1482 3761 1624 3812 marcas.
1652 3739 1812 3814 &afluat

342 3945 607 4082 'Ponanonzm
635 3985 717 4060 villa
744 3958 875 4060 babens
911 3986 946 4060 in
973 4005 1011 4056 se
1038 3985 1217 4057 ecclesiam
1244 3983 1478 4075 parochialem
1505 3953 1674 4072 ligneam,
1700 3984 1814 4054 arcbi-
1951 4071 1954 4076 ¹
1993 3949 2000 3961 ¹

253 4106 456 4183 diaconatui
484 4105 724 4183 Saadeczenai.
741 4107 849 4200 unita,
876 4107 974 4180 cuius
1001 4107 1197 4198 proprietas
1224 4111 1261 4178 et
1287 4099 1477 4177 dominium
1506 4103 1550 4175 ad
1569 4104 1814 4176 sanctimonia-

254 4225 307 4304 les
335 4227 591 4313 Sandeczenses
613 4213 781 4320 'pertinet
808 4224 848 4302 In
877 4249 945 4320 que
971 4234 1053 4302 sunt
1080 4227 1173 4300 lanei
1200 4225 1444 4316 cmetbouales,
1470 4230 1507 4296 et
1533 4224 1680 4316 quilibet
1708 4225 1814 4297 soluit

256 4369 321 4439 per
350 4350 501 4426 sedecim
526 4355 667 4441 scottos,
694 4353 777 4432 item
805 4371 909 4424 uuum
936 4349 1074 4440 gallum,
1102 4349 1228 4441 uiginti
1254 4369 1330 4438 oua,
1356 4346 1445 4420 duos
1472 4367 1600 4418 caseos.
1627 4345 1713 4418 Item
1731 4345 1815 4418 iaci-

258 4477 322 4544 unt
349 4471 436 4544 duas
456 4470 629 4567 powolmq
657 4490 720 4564 pro
749 4493 829 4558 uere
857 4471 1019 4544 videlicet
1044 4478 1081 4544 et
1108 4472 1241 4564 hyeme
1267 4470 1357 4543 item
1383 4470 1518 4542 ratione
1544 4491 1683 4565 osszycp
1710 4470 1815 4542 soluit

258 4593 408 4684 quilibet
434 4585 537 4668 unam
565 4615 760 4668 mensuram
788 4577 945 4686 siliginis,
970 4594 1070 4668 duas.
1085 4614 1215 4667 avenae
1243 4592 1427 4684 confertas,
1445 4598 1481 4663 et
1500 4595 1649 4683 quatuor
1666 4613 1817 4682 grossos.

261 4714 350 4788 ltenr
386 4715 550 4792 suntibi
587 4723 661 4788 tres
696 4717 863 4789 tabernae
891 4737 960 4794 nou
987 4717 1169 4789 babentes·
1182 4735 1303 4807 agros,
1331 4714 1508 4806 quaelibet
1535 4714 1640 4786 solvit
1665 4713 1816 4786 sedecim

260 4843 414 4928 scottos,
442 4857 529 4928 quae
564 4837 675 4912 solum
709 4835 838 4910 babern·
874 4839 996 4912 bortcs
1031 4837 1076 4910 ad
1112 4855 1172 4910 eas
1209 4837 1432 4927 pertinentes.
1473 4836 1562 4908 ltem
1598 4836 1818 4918 bodulaniae

263 4957 364 5049 duae,
391 4959 606 5050 pertinentes
634 4959 678 5030 ad
706 4959 904 5050 episcopum
932 4958 1205 5049 Crotoniensem,
1232 4964 1268 5030 et
1295 4957 1400 5030 solvit
1428 4957 1601 5048 quaelibet
1628 4963 1708 5026 octo
1726 4962 1816 5027 scot·

263 5085 330 5170 tos,
356 5080 442 5157 nibil
470 5081 755 5184 laborationem
784 5087 839 5152 est
864 5081 1098 5154 molendinum
1117 5082 1192 5153 sinc
1210 5081 1315 5172 agris,
1333 5079 1426 5170 quod
1443 5078 1530 5150 nihil
1550 5077 1643 5149 aliud
1660 5084 1818 5190 ceusuat,
1856 5068 1860 5077 '

121 5247 123 5264 .
265 5203 331 5278 nial
368 5209 534 5294 metretas
570 5201 630 5276 dat
666 5224 729 5295 pro
766 5204 977 5301 monasterio
1009 5202 1330 5276 sanctimonialium.
1370 5201 1459 5272 Item
1485 5204 1540 5270 est
1565 5198 1614 5270 ibi
1640 5198 1819 5287 scoltetus,

266 5323 397 5398 liabens
432 5325 518 5398 duos
554 5325 673 5398 laneos
708 5325 856 5416 liberos,
884 5325 945 5396 sed
973 5325 1058 5396 nibil
1087 5325 1194 5396 babet
1219 5323 1264 5394 de
1290 5320 1404 5394 censu.
1443 5321 1531 5392 ltem
1559 5322 1820 5411 inspatronatus

266 5445 566 5523 archidiaconatus
592 5445 841 5519 Sandeczensis
867 5451 903 5516 et
929 5445 1095 5516 ecclesiae
1121 5447 1158 5515 in
1185 5443 1468 5543 Podgrodze,
1496 5443 1649 5534 pertinet
1675 5443 1719 5513 ad
1747 5444 1820 5532 epi-

191 5593 196 5604 ·
266 5587 404 5659 scopum
433 5566 705 5640 Gracoviensem.
732 5567 819 5638 item
847 5567 890 5638 de
911 5567 1077 5652 omnibus
1104 5567 1199 5655 agris
1218 5565 1503 5654 cmetbonalibus,
1521 5565 1669 5638 solvitur
1688 5563 1822 5636 decima

267 5689 492 5780 manipularis
518 5695 554 5760 et
582 5689 757 5782 canepalis
785 5689 946 5779 episcopo
974 5686 1205 5780 cracoviensi,
1232 5693 1269 5758 et
1296 5707 1358 5778 per
1385 5687 1585 5758 cmetbones
1603 5687 1638 5796 iu
1657 5687 1822 5759 borreum

370 5855 417 5899 nn.
427 5853 526 5898 &noda
537 5855 584 5898 111.
1618 5838 1657 5885 43
