4492 6592
504 751 574 828 118

500 958 742 1051 manipularis,
769 965 806 1032 et
832 981 895 1050 per
920 965 995 1030 tres
1021 957 1162 1049 ierugas
1188 952 1383 1059 canapalis,
1419 953 1584 1030 ecclesiae
1610 953 1647 1030 in
1674 951 1992 1047 0161666616,
2017 963 2053 1029 61

498 1087 663 1153 16666161
689 1100 764 1152 eam
791 1081 991 1153 cmethones
1027 1080 1180 1170 propriis
1207 1080 1367 1152 curribus
1382 1079 1521 1151 ducere
1546 1080 1583 1150 in
1610 1079 1775 1150 horreum
1802 1097 1825 1149 a
1849 1077 2053 1169 praeposito

498 1199 723 1274 Olobucaensi
749 1201 941 1290 locandum,
969 1205 1005 1272 et
1032 1200 1131 1272 valor
1158 1199 1233 1271 eius
1259 1201 1465 1271 aestimatur
1492 1200 1537 1272 ad
1563 1199 1681 1272 decem
1699 1219 1845 1288 marcas,
1863 1198 2054 1288 aliqnando

451 1393 459 1410 ,
498 1321 542 1392 ad
569 1320 759 1412 duodecim,
787 1325 848 1391 ant
874 1320 1080 1412 quindecim.
1106 1319 1195 1391 Item
1222 1341 1292 1391 non
1319 1325 1373 1392 est
1398 1320 1448 1390 111
1475 1317 1666 1410 praedium,
1692 1339 1762 1391 noa
1788 1324 1871 1390 sunt
1897 1318 2055 1389 hortula-

498 1443 585 1533 niae‚
612 1463 681 1513 non
709 1447 791 1513 sunt
816 1443 995 1530 tabernae,
1023 1463 1090 1512 non
1118 1447 1174 1512 est
1200 1441 1369 1512 scoltetia

601 1562 789 1653 LusmzA,
826 1562 909 1634 villa
945 1563 1009 1636 661
1045 1561 1212 1651 parochia
1247 1561 1413 1632 ecclesiae
1448 1560 1493 1632 de
1519 1558 1813 1634 Glob‘ocasko
1839 1561 1929 1647 sita,
1957 1560 2056 1630 66166

498 1685 622 1756 haeres
649 1683 890 1774 Sigismundus
917 1682 960 1753 de
988 1681 1188 1754 Bleszno
1214 1682 1327 1753 dictus
1354 1681 1477 1772 Byel,
1503 1681 1630 1753 nobilis
1657 1681 1701 1752 de
1728 1681 1837 1752 armis
1863 1678 2056 1769 Ostoya

497 1803 538 1876 In
566 1824 634 1895 qna
670 1809 751 1876 sunt
777 1803 893 1875 decem
933 1809 969 1874 et
1005 1809 1082 1874 6616
1119 1803 1212 1874 16661
1239 1802 1494 1891 cmethonales,
1520 1801 1564 1873 de
1592 1802 1717 1892 quibus
1742 1801 1893 1873 solvitur
1921 1801 2057 1872 decima

498 1925 723 2014 manipularis
751 1924 917 1995 ecclesiae
943 1925 979 1993 16
1007 1922 1310 2012 0161666616,
1337 1929 1374 1994 61
1391 1921 1477 1994 1661
1493 1921 1661 1996 decimam
1679 1921 1878 2012 oanapalem
1895 1941 1966 2012 per
1983 1927 2056 1992 tres

498 2047 656 2135 ierugas,
684 2051 720 2116 et
746 2045 915 2116 inducunt
950 2065 1026 2115 eam
1055 2045 1255 2115 emethones
1282 2043 1435 2133 propriis
1461 2043 1622 2116 66111166
1648 2045 1685 2114 16
1711 2043 1874 2117 1611666
1901 2064 1927 2114 a
1955 2063 2054 2132 prae

497 2167 611 2256 posito
638 2165 862 2238 Clobnczensi
888 2165 1079 2254 locandum,
1107 2170 1143 2235 et
1168 2165 1267 2236 valor
1292 2165 1368 2236 eins
1395 2165 1600 2238 aestimatur
1624 2164 1670 2236 ad
1692 2163 1887 2254 quindecim
1905 2183 2056 2234 marcas.

498 2286 584 2358 Item
612 2293 666 2358 est
693 2287 742 2357 111
769 2285 1011 2375 molendinum,
1039 2285 1100 2357 sed
1127 2307 1197 2357 non
1224 2285 1332 2357 16161
1358 2306 1471 2375 agros.
1497 2285 1585 2358 Item
1611 2292 1666 2358 est
1693 2286 1741 2356 111
1763 2284 1948 2374 praedium
1966 2284 2081 2356 mili·

497 2413 591 2498 tare,
626 2408 757 2478 habens
793 2407 959 2498 speciales
995 2427 1108 2497 agros.
1148 2405 1235 2477 1166
1271 2406 1360 2478 1666
1387 2413 1469 2478 6661
1503 2406 1723 2478 hortulaniae
1749 2407 1785 2476 in
1812 2405 1935 2478 eadem
1963 2404 2053 2512 villa,

345 2597 351 2602 .
497 2529 664 2600 habentes
692 2547 805 2619 agros.
831 2528 920 2600 item
947 2549 1016 2598 una
1043 2533 1098 2598 est
1123 2528 1273 2599 taberna
1299 2528 1335 2598 in
1362 2527 1483 2598 eadem
1511 2525 1603 2618 villa,
1620 2527 1755 2599 habeus
1773 2527 1927 2616 speciale
1945 2547 2051 2598 unum

497 2649 666 2738 lanenm3.
686 2655 722 2720 et
751 2655 823 2722 tam
859 2649 902 2720 16
937 2648 1192 2739 praedialibus,
1220 2669 1323 2738 qnam
1358 2649 1601 2742 tabernarum,
1637 2654 1743 2738 atque
1773 2648 2051 2718 hortulaniarnm

496 2770 609 2860 agris,
636 2771 783 2842 solvitur
809 2770 943 2842 decima
978 2769 1205 2859 manipularis
1231 2789 1296 2858 pro
1323 2770 1534 2842 monasterio
1562 2769 1598 2840 in
1624 2767 1928 2840 Olobuczslro.
1966 2767 2050 2838 Item

497 2896 551 2962 est
584 2891 633 2963 ibi
660 2892 794 2981 piscina
828 2891 1030 2962 6666616111
1067 2887 1311 2962 Globnczenais
1338 2890 1487 2980 optima,
1513 2896 1638 2966 vocata
1664 2887 1917 2962 Gordowsk
1934 2910 1975 2978 6,
2009 2889 2051 2959 ad

495 3031 598 3082 unam
634 3012 745 3102 ripam
773 3011 903 3100 regiam
932 3011 1126 3101 applicata,
1152 3016 1269 3102 empta
1294 3031 1357 3100 per
1383 3009 1560 3086 Andream
1587 3009 1630 3082 de
1656 3009 1878 3099 Schadelr,
1904 3010 2049 3081 tertiam

495 3132 729 3222 praepositum
766 3130 1052 3222 Olobuezensem,
1088 3137 1254 3221 perpetue
1275 3151 1353 3228 ⁸pro
1390 3133 1602 3205 monasterio
1620 3129 1862 3219 Klobnoaensi,
1890 3151 1958 3221 pro
1985 3131 2046 3201 tri·

496 3252 593 3339 ginta
618 3252 753 3322 marcis.

600 3371 815 3460 Prassnun,
842 3372 925 3444 villa
961 3374 1026 3445 661
1062 3372 1227 3462 parochia
1254 3372 1419 3456 ecclesiae
1447 3373 1490 3444 de
1516 3372 1811 3448 Olobnczsko
1837 3373 1925 3461 sita,
1955 3373 2048 3444 66166

497 3492 694 3584 proprietas
721 3500 757 3564 et
784 3493 970 3564 dominium
999 3493 1166 3564 medietas
1193 3493 1297 3566 villae
1323 3494 1368 3566 ad
1395 3495 1653 3568 serenissimum
1680 3495 1856 3566 dominum
1884 3493 2049 3564 Poloniae

495 3595 610 3702 regem
638 3615 799 3704 pertinet,
818 3620 854 3685 et
872 3613 942 3686 alia
968 3613 1135 3686 medietas
1154 3614 1693 3705 11116661661116616166666,
1716 3615 1896 3687 Nicolaum
1916 3623 1956 3686 et
1973 3613 2047 3684 Ma-

495 3735 637 3806 thaeum
664 3735 707 3806 de
735 3737 840 3806 armis
867 3733 1042 3828 Ostoya
1067 3735 1230 3826 pertinet
1257 3737 1297 3806 In
1324 3757 1393 3826 qua
1410 3742 1491 3808 snut
1509 3737 1658 3809 sedecim
1675 3737 1765 3827 regii
1783 3737 1874 3808 lanei
1893 3736 2046 3806 666116-

496 3856 602 3946 66166,
629 3856 672 3928 16
700 3857 824 3948 quibus
851 3857 997 3930 solvitur
1024 3857 1158 3928 decima
1184 3857 1409 3947 manipularis
1436 3859 1601 3931 ecclesiae
1627 3859 1663 3929 in
1690 3856 1996 3947 Globuczslro,
2013 3864 2047 3928 et

496 3999 558 4069 per
585 3984 659 4049 tres
686 3979 825 4069 ierugas
853 3979 1048 4070 canapalis,
1075 3985 1112 4050 et
1138 3978 1306 4050 inducunt
1332 3999 1409 4050 eam
1436 3981 1636 4052 emethones
1662 3978 1813 4068 propriis
1831 3979 1993 4050 curribus
2010 3979 2044 4048 16
2130 4047 2137 4059 ,

491 4101 657 4172 1611666
686 4121 708 4170 6
734 4101 932 4191 praeposito
959 4099 1152 4191 locandum,
1179 4106 1216 4170 et
1242 4101 1341 4170 valor
1369 4101 1444 4174 eius
1470 4100 1677 4197 aestimatur
1694 4099 1739 4170 ad
1757 4099 1939 4171 duodecim
1957 4119 2045 4170 mar·

495 4243 561 4294 666.
595 4221 684 4294 Item
711 4227 792 4292 sunt
818 4221 866 4294 111
893 4221 1038 4311 praedia
1074 4221 1144 4292 tria
1170 4221 1355 4310 militaria,
1382 4221 1426 4294 de
1452 4221 1578 4311 quibus
1604 4221 1751 4293 solvitur
1777 4221 1911 4292 decima
1936 4220 2043 4292 mani·

493 4343 624 4434 palaris
651 4343 861 4414 monasterio
889 4341 1122 4432 Olobnczensi
1150 4341 1312 4414 videlicet
1336 4341 1508 4416 Johannis
1534 4349 1570 4414 et
1597 4341 1733 4414 Nicolai
1750 4343 1819 4414 dno
1837 4363 1914 4414 cnm
1933 4341 2043 4413 medio

493 4463 595 4553 lanei,
622 4469 659 4534 61
685 4461 842 4534 Mathaei
869 4463 938 4534 duo
965 4483 1040 4534 cum
1069 4461 1183 4534 medio
1210 4463 1311 4553 lanei,
1333 4469 1369 4534 et
1385 4464 1546 4538 scoltetia
1562 4465 1695 4537 161666
1712 4470 1787 4534 1166
1804 4463 1933 4534 laneos.
1959 4462 2043 4533 item

494 4605 563 4655 una
590 4591 645 4656 est
671 4585 818 4656 taberna
844 4584 976 4656 habens
1004 4604 1116 4674 agros,
1143 4583 1187 4655 de
1215 4585 1341 4674 quibus
1368 4585 1516 4658 solvitur
1533 4585 1667 4656 decima
1684 4583 1911 4674 manipularis
1928 4603 2042 4654 mona·

493 4705 600 4776 sterio
629 4705 664 4776 in
692 4703 997 4776 Globuozslro.
1024 4705 1112 4776 item
1140 4726 1209 4776 non
1236 4713 1318 4777 sunt
1335 4706 1565 4780 hortulaniae.
1592 4706 1679 4777 Item
1697 4711 1753 4778 est
1769 4707 1804 4776 16
1824 4705 1948 4776 66166
1964 4703 2043 4801 villa

492 4825 724 4898 molendinum
753 4825 913 4916 militare,
941 4824 1002 4898 sed
1030 4847 1100 4898 non
1127 4827 1233 4898 16161
1259 4847 1372 4916 agros.
1417 4887 1425 4894 .

596 4947 738 5038 11111111,
765 4947 848 5018 villa
875 4948 939 5019 sub
966 4947 1132 5038 parochia
1158 4947 1323 5020 ecclesiae
1350 4948 1394 5019 de
1420 4946 1714 5020 6161161616
1742 4947 2040 5036 611666166166·

491 5085 548 5142 res
575 5069 815 5161 sigismundus
843 5069 958 5160 Byel
986 5069 1113 5140 nobilis
1141 5069 1184 5140 de
1211 5071 1317 5141 armis
1343 5067 1452 5140 0616
1461 5089 1523 5158 ya.
1550 5068 1589 5138 16
1618 5089 1687 5158 qua
1713 5074 1796 5139 sunt
1821 5069 1943 5157 viginti
1962 5087 2040 5157 qusa-

491 5199 573 5264 1661
598 5189 690 5263 lanei
727 5189 980 5280 cmethonalss,
1007 5189 1050 5260 de
1078 5190 1203 5280 quibus
1230 5190 1389 5262 omuibus
1416 5190 1565 5261 solvitur
1590 5190 1724 5261 decima
1749 5189 1982 5278 manipularis,
2007 5192 2040 5256 et
2138 5227 2141 5231 <

491 5334 553 5403 per
580 5320 653 5383 tres
680 5313 820 5401 ierugas
856 5311 1033 5401 canapalis
1071 5311 1283 5382 monasterio
1310 5309 1554 5400 Globuczensi,
1581 5317 1618 5380 et
1643 5316 1809 5380 tenentur
1836 5309 1928 5380 illam
1955 5329 2039 5379 eme·

488 5433 614 5504 thanes
632 5433 785 5523 propriis
804 5433 929 5504 ducere
949 5433 1107 5503 curribus
1127 5432 1162 5502 in
1181 5432 1344 5504 1611666
1363 5432 1597 5520 apraeposito
1611 5429 1836 5502 01616666661
1855 5430 2038 5514 locandum,

490 5561 526 5624 et
553 5555 650 5624 valor
677 5555 751 5626 eius
779 5555 985 5626 aestimatur
1004 5553 1047 5624 ad
1067 5553 1247 5624 duodecim
1265 5573 1408 5624 marcas.
1435 5553 1522 5623 Item
1541 5553 1719 5642 praedium
1739 5553 1878 5622 unicum
1895 5551 2038 5622 militare

495 5695 538 5745 ex
573 5673 732 5745 scoltetia
764 5673 910 5764 factum,
952 5675 994 5745 de
1035 5695 1103 5763 quo
1139 5674 1272 5744 decima
1307 5674 1530 5763 manipularis
1562 5674 1775 5745 monasterio
1813 5670 2038 5745 Globueaensi
