4492 6592
1670 780 1743 851 317

185 977 335 1050 Graco
350 980 482 1069 viam,
517 978 693 1050 ordinarie
721 957 825 1050 semel
855 980 889 1052 in
918 1001 1026 1069 anno,
1064 982 1202 1071 quoties
1241 982 1436 1056 mandatur.
1480 980 1640 1060 Gondnat
1668 965 1742 1056 cum

186 1099 278 1200 villis
308 1099 547 1190 Lysszow,
574 1099 794 1172 Daronin.
1839 1187 1843 1201 Ι

292 1220 520 1308 Banscanu,
561 1221 643 1290 villa
671 1221 734 1290 sub
762 1221 928 1310 parochia
964 1221 1006 1292 de
1033 1220 1056 1292 J
1065 1222 1330 1294 ankowicze
1366 1224 1435 1295 sita
1461 1230 1497 1294 et
1523 1245 1587 1313 per
1614 1224 1743 1296 Bole-

186 1339 336 1410 slaum
366 1338 584 1412 Pudicum
611 1337 775 1412 Poloniae
803 1340 924 1425 ducem
944 1347 980 1412 et
998 1342 1220 1444 monarcbam
1248 1343 1456 1414 monasterio
1473 1343 1744 1416 Zawicbostensi
1845 1396 1849 1404 ·

184 1461 219 1530 in
247 1461 328 1530 eius
357 1459 561 1532 fundatione
588 1461 734 1548 donata,
770 1461 814 1530 ad
842 1461 941 1532 cuius
967 1461 1218 1550 proprietatem
1251 1463 1356 1532 etiam
1383 1484 1474 1534 nunc
1500 1464 1660 1552 pertinet.
1702 1465 1743 1536 In
1827 1487 1831 1493 ’

187 1600 254 1668 qua
283 1587 372 1650 sunt
399 1579 578 1652 duodecim
605 1580 695 1652 lanei
724 1580 976 1668 auctionales,
1004 1587 1039 1650 et
1066 1581 1213 1670 quilibet
1238 1582 1346 1653 solvit
1372 1603 1435 1672 pro
1462 1604 1567 1654 censu
1594 1585 1743 1656 sedecim

186 1705 329 1772 scottos.
379 1700 466 1772 ltem
493 1701 603 1790 gallos
630 1701 698 1772 non
726 1683 829 1790 dant,
857 1703 938 1772 item
967 1722 1034 1772 ova
1060 1721 1129 1772 non
1157 1701 1317 1790 solvunt,
1344 1723 1455 1792 neque
1483 1724 1611 1776 casem.
1656 1705 1743 1776 item

187 1821 360 1892 tabernae
389 1842 458 1892 non
485 1827 576 1910 sunt,
603 1839 713 1911 neque
741 1817 967 1910 bortulaniae,
996 1842 1107 1910 neque
1134 1812 1293 1911 praedia’
1314 1822 1401 1894 Item
1419 1845 1538 1894 omnes
1560 1826 1636 1914 agri
1655 1845 1742 1896 cme-
1792 1885 1796 1888 .

187 1941 350 2014 thonales
379 1941 520 2012 solvunt
545 1942 711 2014 decimam
740 1941 987 2031 manipularem
1016 1962 1080 2030 pro
1107 1943 1309 2032 episcopatu
1337 1942 1566 2014 Oracovienai.
1593 1944 1680 2016 Item
1708 1947 1743 2016 in
1838 2019 1844 2032 ,

188 2061 270 2132 villa
298 2061 463 2150 praelata
490 2062 792 2134 Brzescziani
820 2061 984 2132 scoltetus
1003 2062 1046 2133 de
1074 2062 1283 2132 Daronin
1310 2063 1438 2136 multos
1456 2063 1613 2153 possidet
1629 2085 1744 2152 agros,

188 2191 224 2256 et
249 2182 424 2253 decimam
451 2182 494 2252 de
522 2182 590 2254 illis
617 2183 863 2271 manipularem
892 2183 996 2255 solvit
1022 2184 1197 2272 episcopm
1223 2205 1327 2272 agros
1354 2191 1469 2254 autem
1497 2185 1592 2273 ipsos
1619 2184 1744 2256 scolte-

189 2310 244 2386 tps
272 2303 452 2393 possidet,
488 2304 542 2374 vel
571 2323 633 2392 per
660 2303 934 2392 usurpationem
963 2303 1016 2374 vel
1044 2323 1107 2393 per
1135 2304 1446 2376 sanctimonialium
1479 2325 1601 2393 parum
1628 2305 1745 2395 prori-

188 2425 269 2496 dam
295 2423 532 2495 donationem.
572 2423 659 2513 Agri
686 2429 802 2494 autem
830 2424 1063 2502 amathonales
1089 2445 1209 2495 omnes
1235 2425 1367 2496 deserti
1393 2432 1489 2514 sunt,
1516 2426 1614 2496 etin
1642 2432 1744 2515 prata

191 2546 361 2633 conversi,
390 2565 478 2635 quae
505 2549 655 2616 castrum
680 2543 961 2644 Sandomiriense
989 2545 1137 2634 primum
1164 2545 1342 2634 praecaria
1359 2546 1549 2634 usurpavit,
1576 2546 1744 2618 hactenus

191 2671 304 2738 numm
332 2666 493 2754 pervim
520 2664 684 2754 possidet.
728 2663 816 2736 Item
845 2665 940 2750 villa,
953 2663 1128 2753 praefata,
1164 2664 1246 2736 dum
1272 2671 1350 2738 erat
1384 2666 1500 2736 locata
1534 2666 1741 2754 bominibus,

193 2807 309 2858 omnes
337 2785 486 2873 labores,
501 2784 678 2868 'ducturas
707 2785 863 2856 solvebat
890 2791 926 2854 et
952 2785 1129 2874 implebat,
1156 2785 1248 2856 sicut
1272 2786 1356 2856 villa
1382 2763 1603 2857 Daroni‘n.
1629 2786 1743 2858 Gonti-

194 2912 251 2976 nat
277 2927 356 2976 cum
385 2905 478 2976 villis
505 2903 710 2993 Stodoli,
747 2903 1032 2994 Szobotblra,
1069 2902 1382 3008 Przeszwodi,
1415 2905 1741 2996 Pyelyaszow,

195 3023 541 3112 Szawlowicze,
568 3024 767 3114 Lyszow.
1042 3019 1048 3028 ’

295 3144 472 3216 Wuuanr
499 3165 680 3232 inrumpe,
708 3135 798 3216 villa
816 3145 880 3214 sub
907 3144 1072 3234 parocbia
1097 3144 1263 3216 ecclesiae
1289 3144 1334 3216 de
1360 3143 1488 3216 Sancta
1510 3144 1681 3219 Trinitata
1707 3147 1744 3218 in

197 3263 488 3336 Zawicbostb
515 3265 593 3358 sita,
619 3269 655 3334 et
681 3285 743 3353 per
771 3264 1034 3336 Boleslaum
1062 3263 1282 3336 Pudicam
1309 3264 1431 3336 ducem
1458 3271 1495 3337 et
1523 3267 1744 3342 monarcham

189 3386 290 3474 regni
318 3385 485 3458 Polouiae
512 3386 548 3456 in
574 3384 775 3456 fundatione
803 3385 1012 3456 monasterio
1035 3383 1307 3456 Zawicbostensi
1333 3385 1472 3456 donata.
1500 3385 1542 3456 ln
1567 3407 1637 3475 qua
1663 3393 1744 3456 sunt

197 3505 284 3578 lanei
311 3505 556 3594 ennathonales,
583 3511 619 3576 et
645 3505 793 3594 quilibet
819 3505 922 3576 solvit
949 3525 1013 3594 pro
1041 3525 1144 3576 censu
1164 3560 1172 3574 .
1190 3559 1198 3574 .
1217 3559 1225 3574 .
1244 3559 1252 3574 .
1271 3528 1306 3592 .;
1334 3506 1417 3576 item
1444 3527 1520 3592 ova,
1547 3506 1630 3576 itam
1657 3506 1744 3578 duos

198 3625 312 3715 gallos,
339 3626 423 3696 item
441 3625 639 3714 laborant,
666 3625 748 3696 item
768 3626 916 3696 taberna
933 3645 1002 3696 una
1019 3625 1151 3696 babens
1178 3645 1291 3712 agros,
1318 3625 1400 3694 item
1420 3625 1638 3696 bortulaniae
1656 3625 1745 3699 duae

199 3745 360 3816 babentes
388 3766 501 3836 agros,
528 3746 610 3820 item
638 3745 817 3836 praedium
845 3766 960 3834 unum,
987 3745 1030 3813 de
1058 3744 1155 3814 cuius
1181 3745 1275 3832 agris
1302 3743 1449 3816 solvitur
1475 3745 1609 3815 decima
1634 3746 1744 3818 mani·

199 3866 324 3956 palaris
352 3867 519 3938 ecclesiae
546 3866 736 3957 parochiali
763 3866 799 3940 in
826 3865 1143 3952 Zawicbostb,
1171 3865 1253 3934 item
1280 3884 1399 3934 omnes
1426 3864 1517 3934 lanei
1544 3865 1744 3936 emathona·

201 3987 246 4058 les
271 3989 411 4060 solvunt
437 3993 474 4058 et
500 3987 696 4060 conducunt
732 3987 897 4060 dammam
934 3985 1183 4074 manipularem
1211 3989 1248 4054 et
1266 3984 1471 4073 canapalem
1507 4005 1571 4074 pro
1598 3986 1743 4056 ecclesia
1835 3974 1840 3980 ’
1877 3959 1881 3968 ’

202 4107 341 4180 Sanctae
369 4109 553 4180 Trinitatis
590 4109 624 4183 in
651 4107 969 4196 Zawicbosth,
1004 4112 1041 4178 et
1067 4106 1166 4177 valor
1192 4105 1266 4175 eius
1292 4105 1498 4176 aestimatur
1523 4105 1568 4176 ad
1594 4113 1744 4195 quatuor

203 4249 337 4301 marcas.
365 4232 472 4302 Istam
503 4230 619 4302 villam
646 4235 744 4300 tenet
770 4228 976 4299 Zawisza
1003 4225 1289 4313 Garbowsky
1315 4224 1359 4295 de
1385 4225 1492 4296 armis
1519 4224 1743 4314 Saulima,

203 4347 286 4422 tilius
311 4352 484 4424 lobannis
511 4351 752 4440 Pharuray
780 4349 910 4438 militis,
938 4367 1000 4420 nec
1027 4353 1175 4434 constat,
1202 4350 1445 4435 quotempnre
1472 4353 1534 4416 aut
1551 4366 1614 4436 per
1632 4365 1743 4436 quem,

116 4459 125 4482 ⁸
205 4476 259 4542 aut
284 4493 324 4544 ex
351 4495 421 4564 qua
448 4493 568 4562 cansa,
605 4471 755 4542 alienata
781 4475 818 4542 et
844 4459 1022 4542 abstracta
1057 4469 1103 4540 sit
1130 4489 1152 4536 a
1177 4466 1396 4547 monasterio,
1425 4465 1543 4538 Sancti
1571 4464 1744 4554 Andreae,

206 4591 259 4662 aad
283 4591 373 4666 lama
400 4601 516 4683 tenet,
551 4592 642 4683 quod
670 4590 948 4662 sanctimoniales
976 4611 1050 4662 eam
1078 4589 1295 4660 donaverant
1321 4587 1456 4658 cuidam
1483 4572 1654 4660 foeminae
1680 4607 1743 4677 pro

207 4715 348 4786 servitio.
376 4714 535 4788 Continet
561 4735 637 4784 cum
665 4711 882 4802 Slupcza,
909 4709 1150 4798 Gzirnino,
1177 4707 1348 4778 Maiori
1375 4707 1572 4799 Winary.
1637 4769 1649 4796 ,

300 4835 534 4924 Sannorum,
561 4833 645 4908 villa
670 4833 803 4906 babens
829 4833 866 4902 in
884 4851 921 4902 se
944 4831 1123 4902 ecclesiam
1150 4829 1300 4918 ligneam
1326 4829 1570 4918 parochialem,
1597 4828 1630 4898 S.
1649 4828 1744 4900 Mar-

208 4954 355 5038 garitbae
382 4958 511 5040 nomini
539 4956 707 5043 dicatam,
743 4953 845 5043 quam
874 4954 908 5024 in
935 4951 1137 5023 laudatione
1165 4949 1312 5022 contulit
1339 4951 1549 5021 monasterio
1576 4949 1743 5020 Zavicho·
1784 4939 1788 4949 “

210 5077 306 5145 stensi
332 5078 580 5149 Boleslaus
620 5075 823 5146 Pudicus
863 5073 960 5162 regni
988 5071 1153 5142 Poloniae
1189 5070 1259 5142 dux
1286 5075 1323 5141 et
1348 5071 1552 5157 monarclm,
1591 5069 1634 5140 ad
1662 5089 1743 5157 pro

210 5194 379 5278 prietatem
414 5198 614 5273 monasterii
640 5195 757 5268 Sancti
784 5195 947 5268 Andreae
973 5193 1161 5283 pertinens.
1200 5191 1241 5262 In
1268 5212 1337 5281 qua
1363 5197 1445 5262 sunt
1469 5190 1562 5260 lanei
1587 5190 1741 5260 cmetbo-

212 5313 303 5407 noles,
329 5325 364 5390 et
390 5319 535 5410 quilibet
554 5318 658 5390 solvit
684 5339 748 5406 pro
768 5337 872 5404 censu
891 5369 1005 5384 .....
1032 5314 1119 5384 Item
1147 5313 1363 5383 laborant..
1382 5363 1416 5420 2·
1435 5365 1443 5380 .
1469 5310 1556 5381 ltem
1583 5311 1741 5397 taberna;

213 5431 283 5506 item
298 5413 491 5513 'hortulani
518 5439 605 5510 Item
633 5437 832 5508 emethones
860 5455 977 5506 omnes
995 5435 1038 5504 de
1060 5435 1137 5504 suia
1161 5433 1255 5521 agris
1282 5437 1319 5502 et
1336 5431 1456 5518 laneis,
1481 5435 1621 5520 praeter
1639 5451 1742 5520 agros
1842 5524 1849 5532 .

198 5555 439 5664 ‘additionaloa
466 5554 525 5650 qui
553 5560 715 5632 dicuutur
734 5552 991 5652 przynaparty,
1026 5554 1225 5624 solvuntet
1252 5551 1450 5624 conducunt
1475 5551 1644 5622 decimam
1670 5571 1743 5624 ma·

215 5673 386 5764 nipalarem
413 5685 450 5754 et
476 5681 676 5771 canapalem
712 5679 877 5750 ecclesiae
913 5676 948 5746 in
982 5673 1197 5764 Solyecz,
1232 5678 1269 5744 et
1294 5673 1394 5746 valor
1429 5672 1504 5748 eiua
1539 5673 1744 5746 andnamt
