4492 6592
461 769 509 840 IS

562 974 705 1064 Suuow,
732 975 815 1045 villa
841 975 905 1046 sub
933 973 1098 1064 parochia
1124 973 1291 1044 eeclesiae
1316 971 1360 1043 de
1387 971 1672 1061 Biskupicze
1698 971 1776 1060 sita,
1804 972 1903 1042 cuius
1930 991 2013 1060 pro·

457 1098 589 1188 pristas
617 1101 653 1168 et
678 1096 866 1167 dominium
894 1095 938 1167 ad
965 1094 1178 1169 stanislaum
1204 1099 1240 1166 11
1265 1095 1406 1165 Petrum
1435 1094 1477 1165 de
1504 1095 1611 1164 armis
1638 1093 1908 1183 Streparum
1936 1113 2016 1182 per-
2161 1124 2166 1197 3

456 1219 555 1291 tinet.
595 1219 636 1289 In
672 1240 741 1309 qua
774 1211 858 1289 sunt
895 1221 1045 1308 quatuor
1071 1217 1163 1288 lanei
1199 1215 1452 1305 cmethonaleS,
1480 1212 1523 1286 (11
1551 1215 1677 1306 quibus
1704 1215 1853 1285 solvitur
1880 1213 2017 1284 decima
2163 1234 2166 1247 ·

457 1341 681 1432 manipularis
718 1340 929 1411 monasterio
966 1338 1150 1429 hospitalis
1184 1337 1334 1409 Sanctae
1369 1337 1491 1409 Crucis
1517 1337 1560 1406 (1
1580 1335 1826 1425 Gracovia,
1854 1340 1890 1406 et
1916 1325 2017 1406 valor
2125 1339 2129 1346 '

458 1463 532 1534 eius
559 1463 763 1534 aestimatur
790 1461 832 1532 ad
861 1460 946 1533 duas
974 1481 1117 1532 marcas.
1157 1460 1245 1530 Item
1272 1460 1440 1531 tabernae
1467 1481 1536 1530 nou
1564 1463 1655 1529 sunt.
1696 1457 1786 1528 Item
1812 1456 2017 1529 hortulanis

346 1617 348 1630 ·
457 1607 528 1657 una
554 1585 686 1656 babens
714 1605 826 1674 agros,
854 1582 897 1655 (11
923 1585 1049 1673 quibus
1077 1582 1270 1653 decimatur
1295 1603 1360 1671 pro
1379 1581 1525 1652 ecclesia
1537 1580 1579 1650 in
1598 1579 1899 1673 BislrupIcze.
1926 1579 2044 1649 Item

458 1708 639 1798 praedium
665 1707 805 1778 unicum
832 1705 993 1794 militare,
1020 1704 1064 1776 de
1092 1725 1159 1794 quo
1187 1689 1380 1774 decimatur
1406 1702 1573 1774 ecclesiae
1599 1702 1636 1772 in
1664 1701 1963 1790 Bislrupicze.

561 1827 778 1917 Notandum,
808 1827 900 1918 quod
917 1831 1054 1899 'omnes
1090 1826 1248 1897 redditus
1284 1832 1320 1897 ct
1356 1829 1546 1915 proventus
1583 1813 1684 1894 cisoa
1703 1821 1867 1913 oppidum
1893 1821 2016 1913 Wye-

457 1951 613 2022 liczlra
639 1973 681 2020 ex
709 1950 821 2022 bortis
848 1949 1101 2039 provenientes,
1128 1949 1211 2019 item
1238 1947 1392 2018 decimae
1418 1946 1652 2036 manipulares
1680 1965 1723 2016 en
1742 1943 1872 2034 oppido
1890 1942 2015 2036 Wye-

457 2068 627 2164 lyczlra,
655 2073 740 2143 item
768 2092 810 2143 ex
837 2071 947 2142 villis:
975 2069 1275 2160 Bogucchze,
1320 2053 1767 2160 Czaruochowycze,
1803 2065 2015 2138 Sledzeo·

459 2195 614 2284 wicze,
651 2193 905 2283 Sczeglow,
933 2193 1181 2279 Zablocze,
1207 2191 1414 2279 Zborow,
1442 2168 1680 2278 Surowlra,
1707 2187 2016 2280 Pogwyzdorr,

459 2295 753 2406 Byelczycza,
780 2313 1082 2402 Falkowicze,
1111 2311 1353 2402 Stadniky,
1380 2311 1589 2402 Wynary,
1616 2315 1653 2382 et
1680 2308 2014 2400 Sulow,pertiue·

459 2437 543 2508 bant
570 2436 743 2528 quondam
779 2435 823 2508 ad
858 2435 1038 2506 ecclesiam
1067 2434 1299 2525 parochialem
1326 2433 1445 2504 Sancti
1471 2431 1617 2504 Martini
1643 2433 1680 2502 in
1706 2431 2015 2523 Byslrupycze

458 2579 564 2649 supra
580 2557 625 2626 W
634 2559 927 2650 yelyczlram3
955 2558 1016 2629 sed
1034 2563 1217 2648 postquam
1237 2556 1332 2626 dicta
1348 2555 1495 2628 ecclesia
1509 2555 1549 2624 (1
1567 2553 1875 2645 Byslrupycze
1901 2553 2016 2624 incor-

458 2686 584 2772 porata
609 2680 821 2752 monasterio
856 2679 1022 2770 hospitali
1057 2678 1204 2749 Sanctae
1241 2676 1361 2767 Crucis
1388 2697 1451 2767 per
1475 2661 1678 2747 Inonem
1705 2680 1742 2746 et
1766 2673 2015 2746 Falconem
2164 2748 2167 2757 ,

457 2803 638 2893 episcopos
674 2800 939 2890 GracovIenses,
975 2801 1146 2872 abstracti
1182 2804 1264 2870 sunt
1299 2799 1389 2870 dicti'
1418 2801 1608 2888 proventus
1643 2798 1688 2868 ab
1721 2797 1870 2867 ecclesIa
1897 2794 2017 2868 Sancti
2161 2860 2167 2873 .

458 2923 603 2995 Martini
630 2924 665 2994 in
693 2923 1007 3015 Byskupycze,
1034 2927 1070 2992 et
1096 2922 1308 2992 monasterio
1334 2917 1519 3010 hospitalis
1546 2917 1694 3024 Sanctae
1713 2916 1836 2988 Crucis
1854 2919 2016 3008 incorpo

457 3045 528 3118 rati
555 3051 591 3118 et
617 3046 736 3136 additi,
763 3051 904 3136 praeter
931 3064 1060 3134 paucos
1087 3048 1278 3134 proventus
1304 3047 1341 3112 et
1368 3040 1527 3130 decimas,
1556 3061 1620 3130 pro
1647 3045 1783 3143 rectore
1809 3045 1847 3110 et
1865 3039 2015 3130 plebano

457 3169 493 3238 in
520 3167 550 3238 Β
559 3168 824 3259 yslrupycze
851 3165 999 3236 relictas.
1022 3164 1138 3253 Quam
1164 3164 1269 3235 etiam
1297 3162 1475 3234 ecclesiam
1493 3163 1529 3232 in
1549 3161 1855 3252 Byslrupioze,
1878 3161 2016 3254 quotieas

457 3289 553 3359 illam
579 3307 704 3360 vacare
731 3288 911 3378 contingit,
938 3287 1158 3378 praepositus
1184 3284 1385 3357 monasterii
1413 3283 1595 3374 hospitaIIs
1623 3283 1770 3384 Sanctae
1797 3281 1920 3355 Crucis
1938 3303 2015 3354 cum

459 3415 632 3481 conventu
667 3407 867 3499 conferunt,
895 3416 930 3480 et
957 3429 1063 3480 unum
1090 3429 1133 3480 ex
1160 3407 1329 3479 fratribus
1356 3406 1559 3478 monasterii
1585 3405 1640 3477 sui
1666 3410 1910 3495 praesentant,
1937 3410 2016 3476 tan-

460 3553 559 3624 quam
589 3533 851 3622 iuspatronatus
878 3533 1052 3621 integrum
1080 3525 1125 3600 in'
1143 3551 1184 3600 ea
1210 3529 1390 3600 habentes.
1530 3564 1532 3569 ·
1636 3524 1639 3531 “

562 3653 733 3726 Wronru
761 3653 904 3744 Marus,
933 3653 1016 3723 villa
1050 3653 1115 3723 sub
1142 3651 1312 3741 parochia
1336 3650 1500 3721 ecclesiae
1528 3648 1571 3720 de
1599 3646 1834 3740 Gznlycze
1860 3648 1948 3737 sita,
1976 3669 2021 3723 aa

457 3797 520 3866 per
538 3775 729 3848 Jvonem
756 3774 1018 3847 Gracouensem
1037 3774 1237 3864 episcopum
1256 3771 1300 3843 de
1317 3793 1437 3842 mensa
1454 3770 1644 3861 episcopali
1662 3771 1876 3841 monasterio
1897 3770 2015 3859 bospi-
2083 3835 2090 3851 ,

457 3899 537 3969 11111
564 3897 711 3970 Sanctae
739 3896 859 3969 Crucis
887 3871 1029 3968 donata)
1052 3895 1091 3965 ln
1120 3915 1189 3985 qua
1216 3899 1298 3966 sunt
1324 3892 1586 3984 quatuordecim
1614 3893 1707 3962 lanei
1733 3912 1809 3970 curn
1837 3891 1962 3980 medio,
1980 3897 2016 3962 et

459 4019 605 4112 quilibet
640 4020 683 4092 de
719 4020 819 4090 laneo
847 4019 952 4090 solvit
978 4001 1064 4089 duas
1092 4037 1245 4104 marcas,
1272 4021 1309 4087 et
1336 4006 1440 4086 unum
1469 4015 1560 4085 dlem
1587 4014 1623 4085 In
1649 4013 1846 4104 septImana
1871 4014 2015 4104 proprio
2065 4051 2069 4056 ·

337 4233 341 4240 .
456 4163 560 4214 curru
587 4148 648 4213 aut
675 4149 793 4214 aratro
821 4142 966 4212 laborat.
993 4141 1080 4210 Item
1108 4127 1273 4208 ducturas
1299 4137 1432 4207 faciunt
1450 4137 1494 4206 ad
1513 4136 1683 4207 rationem
1702 4133 1834 4206 dierum
1854 4135 1891 4206 in
1910 4135 2044 4224 septi·

457 4285 559 4334 mana
585 4263 791 4334 debitorum.
819 4261 855 4333 Si
883 4283 966 4332 vero
993 4283 1062 4332 non
1089 4260 1253 4330 laborant
1278 4257 1353 4329 dies
1379 4257 1416 4327 in
1442 4258 1655 4347 septimana,
1683 4256 1819 4328 solvere
1845 4261 2013 4328 tenentur

456 4407 519 4475 pro
547 4407 661 4456 annuo
689 4405 794 4456 censu
830 4383 873 4453 de
908 4384 1009 4453 laneo
1045 4386 1118 4452 tres
1157 4400 1302 4450 marcas.
1341 4380 1429 4450 Item
1456 4379 1499 4450 de
1526 4379 1682 4470 quolibet
1706 4378 1808 4458 laneo
1835 4367 2017 4450 solvuntur

457 4507 605 4596 triginta
632 4527 697 4577 ova
723 4527 788 4596 pro
814 4504 904 4578 lesbo
932 4504 1096 4574 Paschae.
1115 4503 1211 4580 *Item
1239 4522 1368 4595 oszpep,
1397 4501 1440 4572 de
1468 4501 1623 4591 quolibet
1643 4501 1745 4571 laneo
1764 4521 1834 4572 una
1851 4521 2015 4572 mensura

457 4626 605 4718 siliginis
632 4626 789 4698 conferta
815 4632 851 4698 11
879 4625 969 4698 (1111
995 4645 1179 4696 mensurae
1206 4643 1338 4693 avenae
1365 4607 1469 4694 etiam
1497 4621 1692 4711 confertae,
1718 4643 1902 4694 mensurae
1927 4621 2014 4693 Pro·

457 4749 680 4848 schov'iensis.
720 4748 808 4818 Item
845 4754 994 4838 quatuor
1030 4767 1179 4837 capones
1215 4752 1251 4817 et
1277 4747 1383 4816 etiam
1411 4750 1561 4835 quatuor
1586 4763 1738 4834 grossos.
1777 4743 1867 4816 Item
1882 4749 1950 4814 'est
1976 4743 2013 4814 in

456 4871 580 4942 eadem
604 4847 688 4942 villa
713 4870 860 4940 taberna
887 4869 1019 4941 habens
1047 4889 1159 4959 agros,
1187 4869 1271 4938 item
1298 4845 1373 4938 tres
1397 4866 1618 4955 hortulaniae
1635 4865 1803 4938 babentes
1822 4885 1936 4956 agros,
1955 4865 2014 4953 ita,

456 4992 548 5084 quod
575 4993 731 5064 taberna·
748 4995 784 5062 et
811 4991 1029 5062 hortulaniae
1056 4988 1187 5061 habent
1211 4991 1386 5079 integrum
1412 4989 1550 5059 laneum
1577 4984 1734 5058 interae
1761 4988 1952 5081 partitum,
1979 4993 2016 5057 et

412 5117 413 5124 ’
455 5116 602 5187 taberrm
629 5113 735 5186 solvit
761 5135 824 5204 pro
853 5133 959 5184 censu
977 5167 985 5181 .
1004 5166 1011 5181 .
1031 5167 1039 5181 .
1058 5167 1065 5181 .
1085 5135 1109 5201 .;
1145 5112 1228 5183 item
1256 5111 1437 5201 quaelibet
1458 5108 1658 5180 hortulanis
1684 5108 1848 5199 pedester
1874 5108 2012 5181 laborat

456 5258 561 5308 unum
588 5235 680 5308 diem
706 5236 742 5306 in
770 5235 972 5325 septimana,
1000 5253 1140 5306 censum
1167 5255 1236 5305 non
1263 5233 1376 5304 solvit.
1402 5231 1492 5302 Item
1519 5235 1637 5302 omnes
1663 5231 1756 5301 lanei
1782 5214 2027 5319 cmethonum,

454 5359 689 5429 tabematoris
716 5362 751 5428 11
777 5356 1060 5445 hortulanorum,
1088 5355 1228 5426 solvunt
1261 5354 1429 5425 decimam
1456 5351 1706 5441 manipularem
1733 5352 1952 5423 canonicatui
1978 5357 2014 5423 11

455 5478 674 5568 praebendae
702 5477 932 5568 Oracoviensi,
960 5477 1073 5549 dictae
1100 5476 1350 5568 Karuyowslra
1377 5462 1467 5546 Item
1494 5479 1548 5545 est
1573 5473 1754 5564 praedium
1781 5474 1951 5564 optImum
1978 5475 2013 5544 in

456 5597 555 5669 dicta*
577 5598 660 5669 villa
686 5600 901 5690 coenobiale,
930 5599 1023 5690 quod
1050 5597 1137 5670 nulli
1163 5599 1269 5670 solvit
1295 5598 1482 5685 decimam,
1509 5595 1571 5667 sed
1598 5615 1674 5665 eam
1700 5616 1764 5684 pro
1792 5616 1830 5665 se
1856 5594 1951 5666 tollit
1977 5599 2013 5665 et

453 5721 489 5794 in
516 5720 680 5790 horreum
707 5739 806 5792 suum
833 5720 976 5791 inducit.
1002 5720 1091 5792 Item
1118 5721 1236 5791 estin
1263 5719 1384 5791 eadam
1412 5717 1494 5790 villa
1520 5716 1653 5807 pisciua
1679 5717 1772 5788 bona
1798 5716 2011 5789 coenobialis
