4492 6592
1735 755 1781 826 13

225 961 301 1052 agri
333 961 438 1036 uillae
474 961 613 1034 solvunt
648 966 684 1032 et
719 961 917 1035 conducunt
952 960 1121 1034 decimam
1149 961 1401 1051 manipularem
1427 965 1465 1032 et
1490 961 1692 1051 canapalem
1718 981 1783 1051 pro
1917 992 1921 1006 ·

225 1083 439 1154 monasterio
472 1081 752 1172 Myechoviensi‚
788 1087 826 1152 et
846 1081 958 1174 ¹valor
994 1082 1067 1152 eius
1103 1082 1310 1154 aestimatur
1344 1082 1390 1154 ad
1418 1082 1613 1173 quindecim
1640 1102 1783 1154 marcas.

192 1203 314 1274 ,Item
343 1203 491 1293 quilibet
522 1191 677 1292 cmetho',
705 1209 1019 1294 quantumcumque
1056 1223 1218 1292 agrorum
1254 1203 1386 1275 habens
1422 1203 1459 1274 iu
1485 1202 1682 1293 Slawno,
1710 1204 1783 1274 sive

225 1325 332 1394 etiam
359 1327 490 1414 'agrum
527 1323 702 1394 desertum
730 1323 921 1413 arendans,
947 1329 1105 1413 tenetur,
1134 1322 1215 1395 dum
1251 1323 1442 1396 decimatur
1468 1324 1601 1394 decima
1626 1324 1664 1394 iu
1688 1323 1782 1394 Sla-

225 1465 329 1533 wno,
357 1444 442 1516 dare
470 1419 620 1534 quatuor
645 1443 765 1534 gallos,
793 1445 865 1516 sive
893 1445 939 1516 sit
964 1444 1101 1534 nobilis,
1130 1445 1203 1516 sive
1229 1444 1335 1515 etiam
1352 1445 1499 1516 emetho.
1527 1443 1687 1516 Gouliaat
1703 1464 1780 1516 cum

225 1563 355 1635 Nova
381 1562 596 1654 Ozirkeuq
624 1569 772 1654 utraque
798 1563 1030 1654 Keszkow,
1057 1562 1220 1636 Gurdo.

334 1681 492 1758 Oeneus
522 1690 714 1758 monetae.
741 1683 900 1756 Contulit
923 1691 1039 1757 autem
1065 1687 1101 1756 in
1129 1685 1245 1758 dotem
1271 1692 1309 1756 et
1335 1687 1428 1758 circa
1452 1685 1688 1758 fundationem
1707 1686 1782 1756 eius

225 1805 387 1894 praefato
422 1807 633 1891 monasterio
674 1806 952 1896 Myechoviensi,
988 1805 1255 1878 Kazimirus
1291 1806 1580 1879 Saudomirieusis
1615 1805 1703 1896 dux,
1739 1806 1782 1877 de

224 1926 392 1998 thesauro
429 1926 504 1998 fisci
530 1927 585 1998 sui
612 1927 763 2015 ducalis,
790 1928 895 1998 etde
923 1927 1059 2000 officina
1084 1928 1251 2000 monetali
1278 1929 1332 1999 sui
1358 1929 1522 2015 ducatus,
1549 1934 1623 1999 tres
1649 1947 1782 1999 marcas

224 2049 430 2120 numismati
466 2049 633 2139 argenti,¹
649 2069 749 2138 quem
785 2069 925 2120 censum
961 2051 1060 2147 annis
1096 2049 1215 2120 miultis
1241 2050 1488 2122 monasterium
1515 2048 1782 2138 Myecbovieuse

225 2169 463 2260 percipiebat3
490 2169 551 2240 sed
577 2155 758 2242 is'census
793 2169 923 2241 dudum
950 2170 1101 2242 abolitus
1128 2176 1166 2240 et
1192 2171 1365 2242 extinctus
1392 2175 1454 2240 est.
1480 2169 1639 2241 Donatus
1665 2188 1783 2240 mona·

225 2291 338 2361 sterio
366 2310 429 2379 per
456 2288 729 2361 Gasimirum
757 2290 877 2362 ducem
906 2289 1229 2380 Sandomirieusem,
1256 2291 1426 2364 alienatus
1453 2311 1476 2360 a
1501 2289 1722 2361 monasterio.
1782 2316 1786 2321 ·

337 2406 495 2483 consue
524 2411 572 2482 de
600 2410 781 2502 plaustris
809 2410 913 2492 salia.
954 2411 1042 2482 Item
1077 2411 1170 2482 idern
1205 2409 1467 2482 Oas'imirus
1492 2409 1783 2494 Saudcmiriensis

229 2531 322 2621 dux,
358 2531 510 2603 dotando
546 2533 793 2610 monasterium
829 2531 1097 2622 Myeohoviense
1133 2531 1344 2622 praelatum,
1372 2531 1416 2603 dc
1443 2531 1599 2621 quohbet
1625 2530 1782 2620 plaustro

225 2653 314 2724 salis
352 2637 603 2744 quinquaginta
638 2653 754 2743 capita
789 2653 872 2724 salis
908 2654 1074 2742 habente,
1101 2653 1139 2722 in
1164 2651 1329 2742 oppidum
1354 2651 1650 2724 Skarzeszou
1676 2651 1782 2722 ducto

226 2774 283 2846 vel
312 2773 488 2864 ducendo,
515 2774 658 2844 donavit
684 2773 895 2846 monasterio
922 2773 1180 2864 Myechopieusi
1215 2772 1395 2844 duodecim
1422 2773 1539 2862 capita
1564 2772 1665 2861 salia,
1693 2791 1782 2862 quae

226 2897 305 2986 ipse
333 2897 489 2986 accipere
516 2896 591 2966 iure
618 2916 681 2966 suo
708 2893 821 2966 ducali
849 2899 1095 2982 consueveram
1123 2914 1247 2964 census
1273 2900 1390 2982 tamen
1417 2895 1492 2983 ipse
1518 2893 1630 2964 omnis
1648 2893 1782 2983 disper·
1816 2883 1820 2889 ’

225 3017 282 3086 111.
318 3017 476 3094 Donatus
513 3036 576 3106 per
602 3016 723 3086 ducem
751 3013 1026 3086 casimirum
1054 3013 1368 3088 Sandomirieusem
1394 3015 1624 3103 monasterio,
1651 2995 1781 3084 alieaass

226 3144 287 3208 tus
315 3159 338 3208 a
364 3137 584 3208 monasterio.

337 3253 496 3332 Oeneus
524 3259 573 3334 de
601 3256 799 3330 allecibus.
826 3257 914 3328 Item
941 3256 1117 3347 praelatus
1145 3256 1403 3329 Casimirus
1429 3256 1499 3328 dux
1526 3255 1783 3326 Sandomiricu-
1867 3240 1870 3257 '

227 3381 296 3469 sis,
331 3379 423 3450 filius
460 3378 672 3450 Boleslai
708 3377 1000 3467 Orziwousti,
1033 3379 1130 3450 ducis
1156 3384 1193 3450 et
1217 3379 1426 3450 monarchae
1453 3377 1638 3467 Pelopiae,
1662 3376 1781 3448 dotem

225 3500 431 3572 monasterii
458 3505 632 3588 aucturus
660 3499 703 3570 de
731 3499 886 3589 quolibet
908 3519 990 3570 vase
1009 3499 1165 3590 allecum,
1183 3521 1204 3570 a
1223 3500 1474 3589 quinquaginta
1491 3498 1679 3586 holeribus,
1696 3496 1782 3598 duo·

229 3621 342 3694 decim
370 3620 495 3700 alienes
521 3621 556 3690 in
585 3621 710 3710 oppido
738 3616 1044 3710 Skarzeszow‚
1072 3622 1321 3722 monasterium
1338 3620 1606 3712 Myechoriense
1625 3620 1700 3690 iure
1718 3637 1781 3688 suo

227 3741 343 3813 ducali
379 3742 558 3836 percipere
595 3741 773 3830 inscripsit
803 3719 843 3812 ‘et
879 3741 1040 3830 donavit;
1076 3742 1138 3812 sed
1165 3748 1202 3812 et
1227 3744 1258 3812 is
1284 3762 1421 3832 quoque
1448 3761 1590 3830 census,
1616 3746 1783 3828 tanquam

227 3883 407 3952 onerosus,
435 3861 586 3932 abolitus
613 3861 726 3952 periit.
752 3861 910 3934 Donatus
937 3883 1000 3952 per
1027 3862 1150 3933 ducem
1167 3861 1440 3934 Oasimirum
1469 3861 1781 3960 Sandomirieusem

228 3983 452 4054 monasterio.
488 3981 669 4054 Alienatus
697 3987 751 4052 est
778 4003 798 4052 a
825 3983 1047 4054 monasterio.

333 4103 511 4192 Rzurluu,
538 4103 621 4174 villa
649 4103 712 4174 suh
741 4103 905 4192 parochia
924 4157 932 4172 .
950 4157 957 4171 .
977 4157 984 4172 .
1004 4104 1082 4195 sita,
1110 4103 1208 4172 cuius
1234 4103 1432 4192 proprietas
1460 4101 1504 4174 ad
1522 4102 1781 4189 monasterium,

228 4224 507 4314 Myechovicuse.
534 4224 574 4294 In
603 4244 671 4314 qua
698 4231 780 4294 sunt
806 4224 897 4294 lanei
924 4223 1157 4294 emethunales
1184 4229 1221 4293 et
1238 4223 1385 4313 quilibet
1403 4224 1508 4296 solvit
1527 4279 1535 4294 .
1553 4278 1561 4293 .
1580 4278 1587 4292 .
1606 4224 1689 4292 item
1707 4242 1783 4309 ova,
1848 4201 1854 4214 ’

227 4347 314 4416 item
339 4344 459 4434 gallos,
487 4345 568 4414 item
596 4364 725 4434 reseca,
753 4334 837 4414 item
863 4345 971 4434 labor,
991 4346 1073 4416 item
1085 4341 1279 4440 pometum,
1298 4346 1380 4416 item
1397 4366 1544 4440 usurpep,
1562 4345 1647 4416 item
1665 4343 1781 4414 taber—

228 4486 303 4556 nae‚
331 4465 414 4536 item
441 4465 625 4555 hortulani,
651 4466 734 4536 item
762 4465 950 4556 praedium,
968 4459 1052 4536 item
1070 4465 1312 4536 molendinum.
1339 4467 1427 4537 Item
1446 4486 1565 4536 omnes
1583 4465 1660 4555 agri
1678 4463 1781 4534 villae
1865 4439 1878 4464 ⁹

228 4586 369 4668 solvunt
394 4592 431 4656 et
457 4585 652 4680 conducunt
678 4586 845 4658 decimam
873 4586 1122 4677 manipularem
1142 4592 1179 4656 et
1196 4587 1449 4676 canapalem...
1467 4587 1606 4658 Donata
1623 4606 1686 4677 per
1704 4585 1782 4656 Ra-

230 4707 440 4778 doalaum
467 4707 646 4796 comitem3
674 4707 826 4793 alienata
852 4729 873 4778 a
899 4709 1120 4780 monasterio.

335 4826 586 4918 Szanoaosoz,
613 4827 697 4898 villa
724 4828 788 4899 sub
815 4830 1006 4917 parochia.
1026 4883 1032 4898 .
1052 4885 1059 4899 .
1079 4829 1166 4921 sita,
1193 4831 1291 4900 cuius
1317 4831 1512 4920 proprietas
1539 4829 1584 4901 ad
1611 4834 1783 4902 monaste-

229 4949 321 5020 rium
347 4947 615 5039 Myechoviense
641 4949 801 5040 pertinet.
828 4948 868 5020 In
897 4971 964 5042 qua
990 4956 1072 5023 sunt
1099 4951 1189 5022 lanei
1216 4953 1459 5042 cruethouales‚
1487 4958 1528 5022 et'
1549 4952 1696 5042 quilibet
1713 4950 1793 5020 sot,

229 5071 282 5140 uit
300 5125 308 5139 .
327 5124 334 5138 .
353 5123 379 5159 .,
398 5070 480 5140 item
507 5089 582 5158 ova,
609 5070 691 5140 item
718 5070 839 5160 gallos,
866 5072 948 5180 item
976 5093 1105 5161 caseos,
1132 5072 1216 5142 item
1243 5073 1351 5160 labor,
1379 5074 1461 5143 item
1482 5070 1676 5166 pometum,
1698 5072 1782 5140 item

230 5211 377 5285 oaazpep,
405 5189 488 5260 item
514 5190 669 5280 taberna,
696 5191 781 5262 item
808 5192 995 5281 hortulani,
1023 5193 1104 5262 item
1129 5192 1317 5282 praedium.
1345 5192 1433 5262 Item
1452 5213 1570 5264 omnes
1588 5193 1664 5280 agri
1682 5191 1784 5261 villae

230 5312 372 5384 solvunt
406 5316 443 5381 et
478 5311 673 5382 conducunt
700 5311 865 5384 decimam
893 5313 1143 5402 manipularem
1171 5319 1207 5382 et
1234 5313 1489 5403 canapalem...
1503 5313 1640 5383 Donata
1666 5333 1785 5384 mona-

231 5433 341 5505 sterio
369 5451 433 5522 per
459 5430 610 5502 Ziram
640 5432 784 5522 militem
813 5439 849 5504 et
876 5452 1017 5504 uxorem
1037 5433 1112 5502 eius
1132 5438 1168 5504 et
1186 5432 1293 5504 lilium
1311 5434 1386 5504 eius
1404 5431 1673 5522 Otthouem;
1700 5433 1784 5504 alie·

232 5559 313 5623 nata
340 5573 363 5622 a
390 5553 611 5624 monasterio.
940 5534 943 5539 ¹
1269 5621 1276 5630 ,

333 5670 505 5763 Zrnunn,
532 5673 616 5744 villa
643 5673 708 5758 sub
733 5673 901 5764 parochia
927 5672 1024 5746 de...
1038 5673 1117 5762 sita,
1145 5673 1242 5744 cuius
1260 5674 1455 5765 proprietas
1473 5674 1519 5746 ad
1536 5679 1785 5750 monasterium
