4492 6592
497 723 566 792 156

492 925 734 1013 cmothonalcs,
762 923 805 995 de
832 923 956 1013 quibus
983 922 1131 994 solvitur
1158 921 1290 992 decima
1316 920 1505 1011 pecunialis
1532 940 1596 1010 per
1621 924 1700 990 octo
1725 939 1867 1009 grossos
1893 919 2044 1009 dequo

492 1046 587 1135 libet,
614 1065 678 1136 pro
714 1044 925 1114 monasterio
954 1043 990 1114 in
1017 1041 1222 1113 Msthow.
1260 1041 1399 1112 Donata
1433 1040 1645 1112 monasterio
1672 1060 1735 1129 per
1760 1039 1947 1110 Ivouem
1973 1039 2045 1127 epi·

492 1185 632 1254 scopum
661 1162 935 1250 Oraooviensem.

598 1281 831 1373 (irancuum,
868 1283 952 1354 villa
979 1282 1043 1352 sub
1069 1281 1236 1372 parochia
1262 1281 1305 1352 de
1332 1280 1701 1352 Gzanstochovva
1726 1280 1815 1369 sita,
1840 1279 1940 1349 cuius
1967 1298 2045 1366 pro·

492 1405 623 1494 prietas
650 1404 694 1475 ad
721 1404 969 1475 monasterium
997 1386 1332 1474 Gzanstochoviense
1364 1402 1526 1491 pertinet.
1565 1401 1605 1471 In
1633 1422 1701 1491 qua
1728 1406 1810 1472 sunt
1836 1399 1930 1470 lanei
1957 1418 2046 1468 crue·

427 1540 430 1552 '
492 1525 661 1614 thonales‚
688 1525 773 1596 item
799 1545 868 1594 una
895 1523 1055 1595 scoltetia
1080 1523 1213 1594 habens
1240 1522 1328 1593 duos
1355 1521 1483 1611 laneos,
1510 1521 1554 1602 de
1580 1521 1705 1611 quibus
1723 1520 1882 1596 omnibus
1900 1518 2049 1590 solvitur

493 1645 626 1717 decima
651 1645 850 1735 perminis,
878 1665 940 1735 per
967 1650 1045 1716 octo
1072 1665 1215 1734 grossos
1242 1643 1285 1714 de
1308 1642 1474 1733 quolibet,
1492 1662 1556 1733 pro
1574 1642 1788 1713 monasterio
1807 1643 1842 1711 in
1859 1639 2049 1710 Msthow.

597 1765 850 1854 Kaowoormll,
876 1765 959 1836 villa
986 1765 1050 1836 sub
1077 1763 1244 1862 parochia
1270 1763 1313 1834 de
1341 1761 1707 1834 Ozenstocbova
1733 1762 1812 1850 sita,
1840 1760 1942 1831 cuius
1969 1778 2050 1848 pro·

494 1887 626 1979 prietas
654 1886 699 1956 ad
724 1887 972 1958 monasterium
1008 1884 1345 1957 Gzanstochoviense
1372 1885 1533 1974 pertinet
1569 1883 1611 1954 In
1637 1903 1707 1973 qua
1732 1887 1815 1954 sunt
1839 1882 1932 1953 lanei
1959 1899 2051 1950 cme·

494 2006 673 2095 thonales,
701 2012 738 2077 et
773 2027 890 2078 omnes
926 2007 1065 2078 solvunt
1100 2005 1237 2076 ratione
1273 2005 1427 2076 decimae
1453 2025 1517 2094 per
1543 2009 1622 2076 octo
1647 2023 1809 2094 grossos,
1835 1999 2050 2074 monasterio

496 2125 737 2198 Msthoviensi.

600 2245 748 2335 Mnaow,
775 2247 859 2318 villa
885 2247 949 2319 sub
976 2247 1142 2336 parochia
1168 2246 1211 2318 de
1238 2245 1435 2318 Msthow
1462 2247 1540 2335 sita,
1558 2246 1657 2318 ouius
1674 2246 1872 2334 proprietas
1891 2241 1936 2314 ad
1955 2260 2048 2312 sere

496 2367 674 2438 nissimum
701 2365 866 2436 Poloniae
892 2386 1008 2458 regern
1035 2367 1198 2456 pertinet.
1224 2367 1266 2437 In
1293 2387 1362 2457 qua
1388 2372 1471 2438 suut
1496 2365 1588 2436 lanei
1615 2367 1843 2454 cmetbonum,
1869 2364 1955 2434 item
1982 2382 2050 2432 una
2151 2394 2152 2427 l

496 2485 653 2558 scoltetia
679 2487 811 2558 habens
839 2507 951 2576 agros,
979 2507 1039 2558 seu
1066 2487 1154 2558 duos
1179 2487 1311 2577 laneos,
1338 2487 1382 2558 de
1409 2487 1535 2577 quibus
1560 2487 1719 2558 omnibus
1745 2485 1894 2557 solvitur
1911 2483 2049 2554 ratione
2151 2469 2152 2483 ¹

496 2605 649 2676 decimae
676 2626 739 2694 per
766 2626 887 2677 novem
914 2627 1065 2694 grossos,
1092 2626 1157 2694 pro
1183 2608 1393 2678 monasterio
1420 2608 1456 2676 in
1483 2606 1687 2678 Msthovv.
1722 2605 1861 2677 Donata
1887 2625 1953 2694 per
1978 2603 2049 2692 epi·
2151 2676 2152 2679 ,

498 2744 637 2814 scopum
666 2723 929 2796 cracoviensem
956 2725 1151 2796 ivonem.

602 2843 813 2934 Sunnnncz,
840 2845 923 2914 villa
958 2845 1022 2915 sub
1058 2844 1225 2934 parochia
1250 2847 1294 2916 de
1320 2845 1514 2917 Msthow
1543 2847 1628 2936 sita,
1656 2848 1754 2918 cuius
1781 2847 1981 2936 proprietas
2006 2843 2050 2912 ad

497 2964 754 3036 serenissimum
781 2963 945 3037 Poloniae
972 2985 1089 3054 regern
1117 2964 1280 3055 pertinet.
1307 2967 1348 3036 In
1374 2987 1443 3057 qua
1467 2966 1561 3038 lanei
1588 2967 1824 3054 cmetbouum,
1851 2965 1895 3036 de
1922 2963 2049 3057 quibua
2144 3022 2149 3032 .

497 3083 631 3156 decima
665 3085 856 3172 pecunialis
892 3085 1039 3156 solvitur
1071 3087 1282 3157 monasterio
1317 3085 1569 3177 Msthoviensi,
1596 3086 1640 3158 de
1676 3087 1831 3176 quolibet
1856 3086 1961 3156 laneo
1988 3103 2050 3174 per

498 3222 621 3274 novem
648 3223 798 3292 grossos.
825 3204 965 3274 Donata
991 3224 1054 3294 per
1080 3205 1279 3300 episcopum
1307 3204 1571 3278 Crotoniensem
1598 3207 1792 3277 Inonem.

606 3321 753 3394 Wonrn
779 3321 1045 3414 Mounznsznn,
1072 3325 1156 3396 villa
1182 3326 1246 3398 sub
1273 3327 1440 3416 parocbia
1465 3325 1509 3401 de
1535 3327 1692 3398 Zorav
1718 3327 1795 3398 sita.
1822 3326 1862 3396 ln
1882 3346 1952 3416 qua
1969 3332 2050 3396 sunt

499 3441 590 3514 lanei
626 3442 877 3533 cmethonales',
905 3444 989 3514 item
1025 3445 1192 3518 scultetus
1227 3447 1360 3518 habens
1395 3446 1641 3536 duoslaneos,
1668 3446 1863 3537 dequibus
1891 3446 2048 3516 omnibus

499 3562 645 3635 solvitur
672 3563 804 3634 decima
830 3565 1029 3655 pecunialis,
1055 3565 1098 3637 de
1125 3567 1280 3658 quolibet
1305 3567 1405 3640 laneo
1431 3588 1496 3658 per
1521 3588 1583 3640 sex
1607 3587 1758 3657 grossos,
1784 3587 1849 3657 pro
1876 3572 2047 3638 monaste

498 3684 552 3756 rio
579 3683 737 3775 praelato
764 3683 1006 3758 Msthoviensi.

1097 3947 1216 4030 Duae
1253 3953 1454 4055 piscinae.

605 4165 905 4256 Pnusszrozsm,
934 4167 1015 4239 villa
1042 4168 1105 4240 sub
1133 4169 1300 4258 parocbia
1326 4169 1370 4241 de
1396 4170 1605 4260 Antiqua
1631 4170 1947 4244 Brzesznicza
1973 4173 2046 4260 sita

500 4285 597 4356 cuius
624 4287 819 4377 proprietas
846 4293 883 4358 et
909 4287 1097 4360 dominium
1125 4289 1207 4360 olim
1234 4289 1279 4362 ad
1305 4288 1524 4362 Hinczam
1552 4289 1595 4361 de
1621 4291 1787 4382 Rogovv
1822 4293 2045 4364 castellanum

500 4403 811 4478 Sandomiriensem
840 4408 1056 4496 pertinebat3
1084 4429 1175 4480 nunc
1202 4430 1284 4482 vero
1311 4412 1465 4500 pertinet
1491 4411 1536 4482 ad
1562 4410 1812 4502 Hyeronimum
1835 4411 2048 4485 Kobilen·

501 4525 583 4618 sky
610 4533 646 4597 et
671 4526 799 4598 fratres
826 4529 910 4618 eius,
936 4527 1132 4600 Johannem
1159 4535 1196 4602 et
1220 4529 1398 4622 Jacobum,
1426 4538 1769 4622 nepotesgermanos
1787 4533 1937 4624 praelati
1955 4533 2047 4604 Hin-

443 4740 450 4760 .
501 4665 606 4716 ozae
634 4666 675 4717 er
704 4648 835 4718 sororis
863 4647 933 4719 filio
960 4655 1155 4740 generatos.
1183 4649 1223 4721 In
1250 4651 1352 4722 buius
1370 4651 1475 4723 villae
1492 4653 1661 4747 terminis,
1679 4653 1857 4744 praetatus
1874 4655 2048 4728 Hincza

500 4765 543 4838 de
570 4765 733 4857 Rogovv
768 4768 977 4866 castellanus
1015 4767 1325 4862 Sandomiriensis,
1350 4772 1449 4844 rniles
1476 4772 1519 4844 de
1546 4775 1652 4846 annis
1677 4773 2047 4866 Dryalyosza,in

498 4885 638 4958 flumine
666 4885 920 4976 Trzebicza
946 4889 1032 4962 duas
1059 4891 1210 4980 piscinas
1236 4892 1346 4964 bonas
1372 4898 1409 4963 et
1434 4894 1577 4984 amplas,
1605 4894 1677 4966 suis
1695 4895 1861 4985 impensis
1887 4902 1925 4966 et
1950 4896 2065 4967 labo

498 5007 597 5079 ribus
624 5007 799 5079 ordinavit
825 5013 861 5079 et
888 5011 1099 5100 construxit,
1127 5012 1273 5101 piscium
1299 5011 1534 5086 foecunditate
1561 5015 1797 5104 abundantes,
1825 5037 1911 5105 quas
1938 5015 2047 5088 adhuc

499 5145 605 5216 agens
632 5127 668 5198 in
696 5128 777 5218 vita,
803 5130 1014 5210 monasterio
1042 5129 1275 5231 Msthoviensi
1300 5133 1337 5203 in
1364 5133 1615 5224 eleemosynam
1634 5141 1847 5226 perpetuam,
1865 5135 2047 5208 donatione

499 5255 668 5337 perpetua
694 5254 730 5319 et
756 5249 977 5322 irrevocabili
1004 5249 1156 5341 donavit,
1183 5252 1331 5324 contulit
1357 5260 1394 5324 et
1420 5254 1616 5345 inscripsit,
1643 5275 1721 5326 cum
1748 5256 1841 5326 omni
1867 5257 1961 5346 iure,
1987 5276 2048 5328 usu

501 5373 537 5438 et
563 5369 787 5460 proprietate,
814 5370 901 5442 nihil
928 5370 996 5444 sibi
1022 5371 1057 5442 iu
1084 5371 1164 5462 illis,
1191 5378 1254 5444 aut
1280 5374 1352 5444 suis
1379 5375 1638 5446 successoribus
1656 5377 1888 5466 reservando;
1914 5376 1959 5448 de
1977 5377 2047 5469 qui·

500 5485 566 5556 bus
592 5490 840 5561 monasterium
867 5489 1107 5567 Msthoviense
1143 5512 1224 5565 suaa
1256 5493 1373 5584 explet
1399 5495 1436 5566 in
1462 5495 1583 5567 diebus
1611 5495 1967 5587 quadragesimalibus
1993 5517 2047 5570 ne

502 5605 691 5680 cessitates.
