4492 6592
416 726 609 820 -asc'

484 956 527 1029 de
554 954 745 1045 praedictis
771 954 906 1025 duobus
932 954 1085 1045 praediis
1112 954 1261 1025 solvitur
1288 954 1421 1024 decima
1447 953 1673 1044 manipularis
1700 954 1877 1023 cantoriae
1904 952 2019 1025 Sando-

483 1075 658 1160 murensi,
695 1095 763 1146 nou
790 1052 955 1147 tenentur
989 1082 1104 1154 tamen
1119 1163 1123 1167 .
1141 1074 1185 1145 ad
1212 1074 1394 1147 ducturam
1430 1074 1609 1164 praefatae
1645 1074 1817 1162 decimae,
1852 1076 2020 1162 nequead

455 1194 691 1267 -solutiouem
719 1195 871 1267 decimae
898 1196 1081 1286 canapalis.

509 1392 513 1399 ,
588 1314 888 1405 ScuucuoazOW,
923 1316 1008 1387 villa
1035 1318 1100 1407 sub
1127 1316 1292 1406 parocbia
1318 1316 1483 1386 ecclesiae
1497 1304 1554 1386 ssde
1581 1316 1708 1386 Sancto
1734 1314 1842 1385 Paulo
1871 1316 1947 1402 sita,
1971 1316 2021 1387 lra-

383 1530 389 1535 ⁴
483 1437 569 1525 beqs
595 1458 719 1507 novem
746 1437 864 1507 laneos
893 1430 1133 1508 cmetbonales'
1157 1438 1215 1526 qni
1244 1438 1417 1526 quondam
1453 1443 1553 1507 erant
1580 1436 1700 1507 civiles
1727 1437 1879 1506 civitatis
1907 1436 2023 1506 Sando-
2129 1508 2131 1531 ,

484 1557 656 1631 miriensis
692 1558 793 1629 liberi
831 1581 852 1627 a
888 1559 1043 1647 qualibet
1078 1557 1309 1648 expeditione.
1354 1556 1453 1629 Hauc
1490 1558 1607 1628 villam
1647 1558 1757 1628 irater
1795 1556 1819 1627 J
1829 1558 2023 1627 ohannes

463 1678 712 1779 ‘Advocati
740 1679 874 1751 ordinis
900 1680 1178 1777 praedicatorum
1207 1679 1431 1769 provincialis
1458 1678 1633 1768 Polouiae,
1661 1700 1724 1769 pro
1752 1680 1950 1769 quingentis
1974 1678 2024 1749 ilo-
2129 1728 2131 1771 ,

483 1784 577 1871 renis
604 1801 887 1891 hungaricalibus
914 1802 1006 1890 ernit,
1034 1806 1071 1871 et
1097 1801 1307 1872 monasterio
1334 1801 1453 1871 Sancti
1480 1800 1602 1885 Jacobi
1630 1801 1877 1899 incorporavit.
1904 1800 1943 1869 lu
1969 1822 2026 1889 qua
2130 1792 2131 1851 l

483 1921 590 1991 etiam
618 1927 699 1993 sunt
725 1922 794 1993 duo
821 1923 913 1994 lanei
939 1922 1144 2012 praediales,
1172 1942 1291 1993 omnes
1318 1928 1433 1992 tamen
1461 1922 1536 2012 agri
1563 1922 1669 1993 locati
1696 1928 1778 1993 suut
1805 1942 1923 1993 annua
1946 1922 2026 1993 loca·

484 2042 590 2130 tione,
617 2049 654 2113 et
681 2044 785 2114 solvit
811 2044 959 2133 quilibet
983 2064 1088 2115 unam
1116 2056 1276 2131 marcam,
1303 2049 1339 2113 et
1367 2062 1435 2114 uon
1462 2043 1593 2115 iaciunt
1620 2044 1754 2133 aliquos
1780 2044 1930 2131 labores,
1955 2043 2025 2113 item

484 2140 556 2234 non
581 2165 720 2236 solvunt
743 2165 862 2255 gallos,
891 2187 1002 2255 neque
1029 2185 1183 2235 avenam.
1227 2164 1314 2235 Item
1343 2163 1386 2235 de
1413 2166 1571 2235 omnibus
1598 2165 1711 2255 agris,
1738 2171 1810 2235 tam
1837 2164 2025 2235 emethoua·

484 2284 595 2376 libus,
613 2307 714 2376 quam
742 2286 977 2379 praedialibus
1004 2286 1117 2357 dictae
1145 2285 1248 2355 villae
1266 2286 1422 2381 solvitur
1449 2285 1581 2357 decima
1607 2286 1833 2376 manipularis
1862 2288 2026 2357 cantoriae

483 2406 766 2479 Sandomirienai.
792 2407 850 2478 Ad
875 2408 1057 2479 ducturam
1085 2412 1201 2479 autem
1229 2407 1303 2478 eius
1331 2427 1399 2478 non
1418 2412 1594 2497 tenentur,
1620 2428 1732 2498 neque
1760 2408 1803 2479 ad
1831 2408 2026 2484 solutionem

484 2529 618 2618 canapi.

543 2670 547 2678 ·
590 2648 810 2722 nectendus
839 2650 918 2723 duo
946 2650 981 2720 in
1009 2648 1220 2720 Vislaad
1246 2649 1495 2739 proprietatem
1524 2648 1639 2721 Sancti
1665 2648 1790 2721 Jacobi
1816 2650 2026 2741 pertinentia

484 2769 519 2839 in
547 2769 672 2860 quibus
699 2775 736 2842 et
762 2771 887 2843 brasea
912 2776 949 2841 et
975 2771 1076 2860 siligo
1103 2770 1257 2841 ciuitatis
1276 2768 1576 2841 Sandomiriensis'
1592 2771 1820 2860 molebantur,
1849 2776 1945 2841 etex
1963 2772 2026 2860 qui·

485 2891 549 2961 bus
588 2893 852 2978 monasterinm
871 2913 997 2983 magna
1032 2892 1265 2963 emolumenta
1300 2892 1524 2981 percipiebat,
1552 2892 1596 2963 ab
1633 2892 1786 2983 antiquis
1808 2892 2027 2982 *principibus

485 3009 651 3084 Polouiae
677 3012 788 3085 eidem
817 3013 1027 3085 monasterio
1064 3012 1213 3100 donam,
1247 3012 1356 3083 t'rater
1384 3010 1541 3084 Andreas
1568 3013 1693 3084 etenim
1723 3012 1947 3103 provincialis
1971 3012 2026 3083 Po-

484 3131 616 3221 loniae,
651 3156 694 3205 ex
720 3134 811 3205 bono
847 3139 1025 3225 respectu,
1062 3142 1100 3204 ut
1127 3132 1270 3204 inferius
1307 3132 1560 3225 describemus,
1588 3156 1621 3205 a‘
1636 3134 1792 3224 praefato
1825 3135 2026 3206 monasterio

485 3254 642 3325 vendidit
667 3261 704 3325 et
730 3255 913 3345 alienavit,
949 3277 991 3327 ea
1017 3260 1132 3327 tamen
1161 3255 1322 3325 libertate
1350 3260 1546 3344 reservata,
1581 3256 1673 3346 quod
1700 3256 1828 3327 iratres
1858 3256 2026 3346 utriusque

484 3376 686 3445 monasterii
714 3376 1003 3466 praedicatorum,
1021 3376 1192 3453 'videlicet
1219 3376 1252 3446 S.
1278 3370 1402 3447 Jacobi
1429 3381 1465 3447 et
1492 3376 1624 3448 Beatae
1644 3376 1781 3448 Mariae
1799 3376 2027 3467 Magdaleuae,
2130 3452 2131 3481 ἢ

484 3515 553 3567 non
580 3500 745 3568 tenentur
770 3497 850 3569 dum
879 3498 1012 3570 molunt.
1039 3498 1181 3590 propria
1208 3496 1382 3567 frumenta
1408 3502 1469 3568 aut
1495 3498 1619 3569 brasea
1646 3498 1681 3569 in
1700 3498 2027 3573 Saudomiriensibus
2130 3492 2131 3499 ’

484 3616 689 3688 molendinis
716 3618 760 3689 ad
787 3618 1016 3691 redditionem
1045 3636 1294 3691 mensurarum.

500 3792 505 3799 .
574 3738 674 3829 ¹Item
702 3740 892 3811 notandum
919 3742 1011 3830 quod
1039 3740 1285 3813 monasterium
1315 3740 1432 3811 Sancti
1451 3739 1574 3811 Jaccbi
1602 3746 1758 3831 tempore
1787 3742 1938 3813 insultus
1957 3740 2026 3810 Tar·
2128 3776 2131 3821 ς

481 3865 656 3948 tarorum,
692 3860 878 3950 aliquoties
904 3862 971 3932 luit
998 3861 1190 3933 desolatum
1228 3866 1263 3931 et
1290 3848 1468 3950 exustum,
1496 3867 1532 3932 et
1561 3862 1792 3952 quadraginta
1820 3884 1884 3934 sex
1912 3864 2026 3933 iratres
2130 3902 2131 3947 5

483 3979 615 4051 ordinis
650 3980 753 4052 Salve
780 3981 913 4071 Regina
948 3983 1184 4072 decantantes,
1212 4004 1233 4053 a
1260 3982 1416 4053 Tartaris
1453 4003 1516 4072 pro
1544 3996 1612 4053 uno
1640 3988 1796 4074 tempore
1824 3988 1862 4053 et
1890 4004 1957 4053 una
1981 3982 2027 4053 die

483 4100 604 4188 occisi,
641 4101 805 4192 locusque
840 4102 900 4175 illo
927 4106 1095 4194 sangvine
1130 4104 1275 4175 fratrum
1304 4108 1341 4173 et
1369 4103 1515 4174 aliorum
1552 4104 1703 4175 fidelium
1742 4104 1893 4176 celebris
1925 4110 1975 4175 est
1997 4108 2026 4172 et
2129 4086 2131 4139 ³

484 4228 652 4293 sacratus.

1026 4708 1499 4794 SANDObllRlENSE

676 4942 983 5020 monasterium
1017 4940 1251 5020 secundum
1285 4940 1448 5019 ordinis
1482 4940 1836 5044 praedicatorum,

480 5075 516 5145 iu
543 5074 694 5145 dioecesi
722 5074 944 5145 Gracoviensi
971 5080 1007 5145 et
1031 5074 1068 5143 in
1097 5075 1208 5145 veteri
1236 5074 1363 5165 oppido
1388 5074 1658 5146 Sandomiriensi
1687 5076 1779 5146 intra
1806 5098 1924 5147 rnuros
1951 5076 2021 5161 eius,

433 5176 441 5188 ⁵
479 5195 628 5266 Sanctae
645 5194 782 5267 Mariae
800 5195 1029 5287 Magdalenae
1047 5197 1171 5268 honori
1190 5196 1351 5287 dicatum,
1371 5198 1475 5267 situm
1494 5204 1556 5287 est,
1576 5196 1668 5288 quod
1685 5196 1796 5268 frater
1824 5197 2021 5268 Andreas

478 5316 687 5388 Rutbeni
713 5318 937 5407 provincialis
955 5318 1121 5390 Polouiae
1149 5318 1281 5391 ordinis
1300 5314 1582 5413 praedicatorum
1609 5324 1645 5389 et
1671 5319 1730 5410 qui
1757 5320 1793 5389 in
1820 5316 2019 5391 monasterio

408 5440 415 5449 '
480 5437 597 5508 Sancti
624 5437 747 5511 Jacobi
774 5440 930 5530 sepultus
957 5440 1156 5531 requiescit,
1185 5461 1275 5511 anno
1303 5440 1441 5511 Domini
1462 5495 1576 5511 .....
1602 5438 1771 5529 fundavit,
1799 5446 1838 5511 ut
1865 5440 2021 5511 haberent

478 5556 605 5629 iratres
632 5559 764 5631 ordinis
791 5562 844 5631 sui
872 5561 915 5632 de
942 5562 1155 5633 monasterio
1183 5562 1301 5632 Sancti
1329 5561 1469 5651 Jacobi,
1498 5568 1654 5651 tempore
1680 5582 1891 5652 gwerrarum
1921 5561 2021 5631 diver·
2129 5560 2131 5619 i

479 5677 641 5768 ticulum,
657 5721 660 5725 -
676 5681 712 5750 in
739 5703 807 5771 quo
835 5704 873 5753 se
908 5688 947 5778 et
971 5703 1027 5754 res
1060 5704 1101 5755 ac
1138 5682 1294 5755 clenodia
1330 5684 1531 5767 monasterii
1572 5688 1829 5755 conservarent.
1875 5678 2021 5752 Venditis
