4492 6592
1715 841 1789 917 253

239 1047 372 1124 crucis.
414 1048 502 1124 Item
528 1047 708 1142 praedium
734 1047 783 1123 ihi
810 1049 948 1124 unicum
973 1049 1141 1140 militare,
1176 1049 1219 1122 de
1245 1049 1342 1124 cuius
1368 1051 1461 1141 agris
1488 1050 1635 1123 solvitur
1661 1049 1794 1124 decima

238 1173 468 1263 manipularis
495 1194 558 1262 pro
586 1173 731 1244 ecclesia
756 1173 945 1261 parochiali
971 1174 1007 1243 in
1034 1171 1251 1263 Oppolye.

343 1293 621 1383 Mszozrsunw,
657 1294 740 1365 villa
774 1294 839 1365 sub
865 1294 1030 1383 parochia
1066 1294 1108 1364 de
1136 1290 1390 1364 Glodnicza
1416 1293 1500 1381 sita,
1535 1295 1633 1365 cuius
1669 1293 1793 1365 haeres

239 1413 409 1484 Nicolaus
447 1414 803 1504 Maozeyowsky
835 1413 877 1484 de
907 1393 1007 1485 domo
1036 1414 1301 1484 Taurorum.
1342 1414 1382 1483 10
1410 1433 1478 1503 qua
1504 1419 1586 1484 sunt
1612 1435 1673 1485 sex
1699 1415 1792 1487 lanei

238 1535 495 1624 cmethonales‚
531 1535 573 1604 de
602 1534 726 1623 quibus
753 1535 912 1605 omnibus
940 1535 1086 1606 solvitur
1117 1540 1154 1604 et
1179 1534 1381 1606 conducitur
1408 1533 1540 1604 decima
1566 1535 1791 1624 manipularis

237 1675 301 1743 pro
328 1655 543 1726 monasterio
571 1654 717 1725 Sanctae
744 1654 883 1744 Crucis,
911 1661 947 1725 et
973 1655 1071 1724 valor
1091 1655 1172 1723 eiua
1199 1655 1243 1724 ad
1270 1675 1329 1724 sex
1357 1674 1510 1742 marcas;
1537 1657 1620 1724 item
1646 1655 1793 1726 taberna

238 1775 286 1845 ibi
313 1797 388 1846 000
415 1783 481 1864 est,
509 1774 666 1847 sednon
693 1777 800 1846 habet
826 1797 946 1864 agros3
976 1777 1058 1846 item
1086 1775 1305 1846 hortulaniae
1332 1796 1401 1845 000
1429 1782 1527 1864 suut,
1554 1795 1665 1865 neque
1691 1797 1792 1865 prae·

238 1895 334 1966 dium
363 1897 514 1987 aliquod.
1217 1911 1222 1920 '

342 2016 566 2108 GnornczA,
594 2017 677 2088 villa
702 2016 833 2088 habeus
853 2018 888 2086 10
907 2037 944 2086 00
963 2017 1195 2107 parochialem
1222 2017 1400 2088 ecclesiam
1430 2018 1527 2088 cuius
1553 2019 1676 2089 haeres
1702 2018 1792 2109 Pau-

110 2119 112 2132 ’
237 2138 291 2206 lus
318 2135 586 2208 Ghoteczsk
596 2159 617 2226 y
645 2137 811 2208 dedomo
839 2137 1001 2208 Nabra.
1042 2137 1083 2208 10
1101 2131 1170 2227 qua
1188 2145 1269 2208 sunt
1287 2139 1378 2208 lanei
1406 2138 1660 2227 amathonales,
1687 2145 1723 2209 et
1750 2140 1793 2209 de

155 2343 160 2348 Ι
238 2258 400 2328 omnibus
428 2258 574 2329 solvitur
609 2263 645 2328 et
672 2256 875 2328 conducitur
906 2258 1037 2328 decima
1063 2259 1289 2347 manipularis
1316 2279 1380 2347 pro
1407 2259 1616 2329 monasterio
1645 2256 1792 2329 Sanctae

237 2375 374 2466 (100010,
403 2384 439 2448 et
457 2378 554 2449 valor
580 2378 654 2448 eius
673 2379 878 2448 aestimatur
904 2376 948 2448 ad
968 2433 1080 2447 .....
1108 2380 1191 2449 item
1208 2379 1366 2467 taberna,
1386 2379 1468 2449 item
1487 2378 1678 2467 hortulani,
1706 2379 1790 2448 item

237 2497 420 2585 praedium
447 2511 516 2568 non
544 2503 598 2569 est
623 2498 682 2570 ibi.
882 2506 884 2510 ’

340 2617 666 2707 Zareurawrczu,
694 2595 735 2688 ..’
748 2673 915 2688 .......
992 2657 995 2670 ·

341 2737 636 2827 Zwmnowrozu,
664 2792 912 2808 ..........

188 2949 190 2956 Ι
341 2857 556 2948 Kownurn,
588 2859 671 2930 villa
698 2860 761 2930 sub
797 2859 961 2949 parochia
996 2858 1039 2928 de
1075 2857 1384 2929 Wawelnicza
1410 2859 1497 2947 sita,
1533 2859 1630 2929 cuius
1666 2847 1807 2930 haeres¹

110 3043 111 3046 ,
237 2977 416 3049 lohannes
444 2979 592 3049 Lucae
620 2979 663 3049 de
690 2978 887 3068 Slupcza
914 2979 957 3049 de
984 2980 1089 3049 armis
1115 2978 1263 3068 Rawa,
1294 2985 1330 3048 et
1357 2978 1520 3050 Nicolaus
1547 2984 1583 3050 et
1609 2978 1786 3080 Johanues

238 3095 565 3189 Drzewiczsky
601 3099 644 3168 de
679 3099 780 3170 domo
809 3098 1103 3170 Thau'rorum.
1144 3099 1184 3168 10
1212 3120 1280 3188 qua
1306 3106 1388 3169 sunt
1423 3099 1546 3188 viginti
1582 3119 1670 3170 unus
1695 3099 1787 3169 lanei

110 3269 111 3272 ,
239 3219 487 3308 amathonales,
520 3225 556 3288 et
582 3220 624 3288 de
652 3219 809 3290 omnibus
837 3219 983 3304 soluitur
1014 3218 1147 3290 decima
1172 3219 1414 3308 manipularis,
1441 3224 1478 3288 et
1495 3218 1700 3290 conducitur
1725 3240 1788 3309 pro

238 3340 448 3409 monasterio
476 3337 622 3409 Sanctae
650 3336 784 3428 crucia,
820 3345 855 3409 et
882 3339 980 3409 valor
1006 3341 1081 3410 eius
1109 3339 1313 3411 aestimatur
1340 3338 1385 3409 ad
1412 3337 1607 3428 quindecim
1635 3358 1788 3426 marcas;
1838 3357 1842 3364 ·

239 3456 319 3526 item
337 3459 501 3547 taberna,
530 3459 611 3528 item
630 3458 821 3546 hortulani,
848 3459 931 3529 item
950 3459 1131 3548 praedium
1149 3465 1203 3530 est
1222 3459 1271 3530 ibi
1289 3460 1427 3529 unicum
1447 3458 1597 3530 militare
1615 3457 1787 3530 Johannis

240 3573 533 3668 Slupeczslry,
569 3579 612 3649 de
640 3579 735 3649 cuius
763 3580 857 3668 agris
884 3579 1032 3650 solvitur
1059 3579 1224 3651 ecclesiae
1251 3579 1294 3650 de
1321 3576 1530 3669 Oppolye
1557 3579 1690 3649 decima
1716 3600 1788 3650 ma-

239 3693 415 3785 nipularis.

338 3796 609 3908 Kounszrcea,
641 3819 724 3890 villa
760 3819 823 3890 sub
851 3819 1015 3909 parochia
1042 3819 1207 3890 ecclesiae
1233 3818 1276 3888 de
1304 3817 1555 3889 Glodnicza
1580 3818 1664 3906 sita,
1691 3819 1788 3889 cuius

240 3942 433 4029 proprietas
469 3939 513 4010 ad
539 3939 719 4012 Nicolaum
754 3938 1103 4031 Maczeyowsky
1138 3940 1298 4029 pertinet.
1337 3939 1378 4008 In
1405 3959 1474 4028 qua
1500 3943 1580 4009 sunt
1608 3958 1668 4009 sex
1695 3938 1787 4009 lanei

239 4055 486 4150 amathonalas,
514 4069 550 4132 et
577 4062 618 4132 de
646 4061 805 4144 omnibus
842 4061 989 4132 solvitur
1017 4061 1150 4132 decima
1177 4060 1404 4150 manipularis
1432 4066 1467 4129 et
1493 4059 1698 4130 conducitur
1723 4045 1787 4148 pro

238 4182 444 4252 monasterio
462 4180 609 4252 Sanctae
627 4181 748 4253 Crucis
775 4181 853 4252 Oal
866 4183 907 4253 vi
935 4181 1128 4272 Montis,
1156 4189 1192 4252 et
1210 4181 1308 4252 valor
1325 4181 1399 4251 eius
1418 4181 1622 4250 aestimatur
1640 4181 1684 4250 ad
1704 4185 1781 4250 octo

240 4319 379 4372 marcas.
418 4302 506 4372 Item
534 4303 679 4374 taberna
706 4303 755 4373 ibi
783 4325 852 4374 una
878 4309 945 4394 est,
973 4304 1032 4373 sed
1060 4323 1129 4373 000
1156 4303 1260 4373 habet
1287 4322 1390 4391 agros
1418 4301 1566 4391 aliquae,
1592 4301 1677 4370 item
1705 4300 1786 4370 hor·

239 4421 388 4493 tulaniae
415 4444 484 4494 non
511 4429 607 4513 sunt,
635 4425 717 4494 item
753 4425 934 4514 praedium
970 4446 1037 4495 000
1065 4429 1118 4494 est
1145 4410 1285 4513 aliquod
1313 4421 1481 4512 militare,
1509 4423 1592 4492 item
1618 4419 1785 4492 molendi·

239 4560 315 4612 num
343 4563 414 4614 000
441 4549 503 4614 est.

338 4661 494 4753 Gouow,
521 4665 603 4734 villa
630 4667 692 4737 sub
711 4665 878 4754 parochia
905 4666 1068 4736 eeclesiae
1096 4664 1139 4736 de
1157 4663 1402 4735 Clodnicza
1429 4664 1514 4753 sita,
1541 4663 1637 4735 cuius
1664 4663 1787 4734 haeres

241 4779 1786 4876 NicolausMaczeyowslrydearmisThaurorum.Inquasuntdecemet
1872 4879 1875 4883 V
1990 4804 1996 4816 “

241 4909 311 4974 octo
338 4905 431 4975 lanai
458 4907 706 4995 emethonaleS,
733 4915 769 4978 et
788 4908 830 4978 de
848 4907 916 4978 illis
935 4908 1068 4978 decima
1095 4906 1367 4994 diversificatur,
1394 4926 1474 4976 nam
1502 4904 1544 4976 de
1562 4911 1640 4975 octo
1666 4905 1785 4992 lancis,

242 5025 295 5110 qui
310 5023 452 5095 fuerunt
477 5025 620 5116 antiqui,
647 5028 794 5098 solvitur
821 5035 857 5098 et
875 5028 1078 5099 conducitur
1098 5026 1230 5098 decima
1248 5026 1473 5116 manipularis
1492 5046 1555 5115 pro
1574 5024 1785 5095 monasterio

242 5139 380 5215 Sanctae
408 5144 537 5236 Crucis,
565 5153 600 5217 et
627 5148 725 5219 valor
752 5150 825 5218 eius
853 5151 1057 5220 aestimatur
1085 5147 1129 5218 ad
1157 5155 1288 5237 septem
1315 5167 1469 5233 marcas3
1497 5145 1549 5215 de·
1566 5144 1675 5215 laneis
1701 5153 1786 5215 vero

244 5265 333 5336 novis
361 5265 497 5355 decem,
525 5267 672 5339 solvitur
700 5275 736 5338 et
762 5267 965 5340 conducitur
992 5269 1125 5339 decima
1151 5289 1215 5357 pro
1243 5268 1403 5357 episcopo
1431 5265 1662 5336 Oracoviensi.
1698 5263 1787 5334 Item

242 5383 398 5456 tabernae
417 5385 524 5478 duae,
565 5388 648 5458 item
666 5389 883 5461 hortulaniae
902 5389 1006 5479 duae,
1034 5389 1116 5459 item
1135 5387 1314 5478 praedium
1334 5394 1388 5457 est
1406 5387 1455 5457 ibi
1473 5385 1629 5475 unicum,
1658 5385 1701 5456 de
1720 5405 1787 5475 quo

243 5502 379 5575 solvitur
406 5505 539 5576 decima
565 5509 788 5598 manipularis
820 5531 884 5598 pro
911 5509 1056 5580 ecclesia
1083 5509 1118 5578 10
1146 5507 1482 5595 Rosznyeszow
1510 5506 1546 5574 in
1572 5503 1789 5575 Mazovia

242 5639 297 5706 pro
323 5645 392 5695 000
419 5646 518 5716 anno,
545 5647 609 5717 pro
636 5627 746 5700 altero
774 5629 809 5699 in
836 5627 1097 5700 Glodnicza.
1760 5629 1765 5640 '

336 5743 541 5836 WonrczA,
568 5747 650 5820 villa
667 5750 731 5820 sub
749 5749 914 5839 parochia
939 5749 982 5820 de
1000 5746 1029 5820 Ο
1039 5770 1093 5839 pp
1104 5771 1123 5820 o
1134 5748 1206 5838 lye
1221 5748 1318 5860 sita,
1346 5748 1443 5818 cuius
1461 5747 1585 5820 haeres
1604 5745 1786 5818 lohannes
