4492 6592
1749 739 1794 818 19

242 967 378 1018 annum.
405 946 497 1018 Item
523 969 659 1042 osszyep
686 948 833 1038 quilibet
860 949 964 1022 solvit
986 970 1050 1040 pro
1069 952 1289 1024 monasterio.
1316 950 1406 1024 Item
1424 948 1610 1046 promotum
1636 951 1799 1025 laborant

241 1089 304 1157 pro
332 1089 425 1158 vere,
454 1075 490 1139 et
515 1069 638 1160 hyeme
665 1091 734 1142 non
761 1070 931 1142 laborant.
958 1072 1046 1142 Item
1073 1093 1144 1172 una
1170 1079 1224 1144 est
1250 1073 1398 1144 taberna
1422 1073 1460 1142 in
1479 1072 1600 1144 eadem
1617 1073 1710 1164 villa,
1729 1094 1798 1146 non

241 1189 373 1260 babens
401 1211 516 1280 agros,
543 1190 649 1262 solvit
675 1211 780 1262 unam
808 1211 1024 1281 sexagenum.
1050 1193 1138 1264 Item
1155 1193 1373 1268 hortulaniae
1392 1192 1480 1266 dnae
1496 1193 1666 1266 babentes
1684 1215 1797 1284 agros,

241 1310 418 1400 quaelibet
446 1312 550 1384 solvit
576 1333 682 1384 unum
708 1310 878 1384 fertonem
906 1319 942 1383 et
960 1335 1065 1385 unum
1084 1314 1175 1384 diem
1193 1314 1339 1386 laborat
1365 1314 1453 1384 Item
1475 1313 1708 1386 molendinum
1726 1337 1797 1388 non

240 1437 301 1521 est,
329 1433 393 1504 sed
419 1434 551 1523 piscIna
577 1433 669 1505 bona
695 1439 751 1506 est
777 1435 841 1506 sub
869 1435 965 1506 curia
991 1435 1192 1506 coenobiali.
1218 1435 1307 1506 Item
1333 1435 1513 1525 praedium
1540 1440 1595 1508 est
1619 1437 1657 1506 in
1674 1436 1795 1508 eadem

240 1553 324 1630 uilla
350 1555 570 1645 coenobiale,
599 1554 641 1626 dc
669 1555 766 1626 cuius
793 1556 887 1646 agris
914 1556 1062 1628 solvitur
1088 1556 1220 1628 decima
1246 1556 1471 1647 manipularis
1497 1577 1562 1646 pro
1588 1557 1735 1630 ecclesia
1759 1558 1796 1628 iu

240 1673 461 1747 Tarnowa
495 1693 604 1768 prope
641 1674 890 1748 Ghrzclow.
911 1721 913 1724 -
933 1678 1022 1750 Item
1048 1683 1133 1767 post
1155 1697 1275 1749 omnes
1302 1698 1406 1767 agros
1441 1678 1544 1749 villae
1580 1677 1728 1750 solvitur
1754 1682 1792 1748 et

240 1795 446 1868 conducitur
473 1797 606 1868 decima
632 1797 859 1886 manipularis
886 1803 922 1870 et
949 1797 1144 1888 canapalis;
1169 1819 1241 1869 una
1267 1819 1348 1889 pars
1375 1819 1439 1889 pro
1466 1799 1677 1870 monasterio
1696 1798 1796 1889 Mye-

238 1917 425 2007 choviensi,
453 1917 604 1990 secunda
630 1939 711 2008 pars
730 1917 882 1990 decimae
902 1919 1048 1990 solvitur
1065 1939 1130 2010 pro
1148 1919 1351 2009 episcopatu
1370 1918 1602 2009 Gracovieosi,
1628 1924 1665 1991 et
1689 1920 1795 1990 tertia

238 2059 302 2128 pro
330 2039 540 2110 monasterio
559 2040 595 2110 in
621 2039 807 2129 Mogila.
834 2038 1504 2130 GonfinatcumScaepanowicze,
1523 2040 1796 2112 Szmrolrow.

238 2159 379 2230 Donata
413 2161 625 2232 monasterio
661 2181 724 2250 per
760 2161 1090 2251 Nyemyerzam
1126 2161 1170 2232 de
1197 2160 1435 2233 Ghrzelow
1461 2161 1639 2234 custodem
1675 2159 1794 2232 Sancti

237 2279 395 2352 Floriani
422 2281 624 2352 canonicum
651 2281 914 2354 Oracovienscm
942 2281 985 2354 dc
1012 2282 1113 2360 domo
1141 2281 1361 2373 Vulpium
1391 2283 1501 2354 1427.
1794 2294 1798 2299 ’

341 2401 546 2474 Ponnnsnn
573 2401 729 2493 Wonrn,
757 2401 841 2474 villa
868 2405 932 2474 snb
959 2403 1126 2493 parochia
1152 2403 1196 2474 de
1221 2402 1454 2493 Myecbow
1481 2403 1559 2492 sita,
1586 2403 1685 2474 cuius
1711 2424 1793 2493 pro-

236 2524 369 2612 prietas
404 2523 450 2594 ad
476 2525 722 2615 monasterium
749 2523 1018 2616 Myechoviense
1045 2525 1208 2615 pertinet.
1247 2524 1289 2595 In
1316 2543 1385 2614 qua
1410 2529 1493 2596 sunt
1519 2523 1612 2596 lanei
1639 2525 1793 2596 emethe-

236 2643 343 2734 nales,
370 2649 406 2716 et
441 2645 589 2735 quilibet
624 2645 728 2718 solvit
764 2666 828 2736 pro
871 2666 976 2718 censu
1004 2645 1151 2718 mediam
1177 2665 1404 2735 sexagenum,
1430 2645 1513 2716 item
1540 2665 1607 2716 ova
1633 2645 1790 2735 triginta,

236 2765 322 2836 item
357 2765 468 2854 gallos
505 2773 674 2856 quatuor,
699 2767 784 2838 item
820 2787 939 2838 caseos
975 2766 1080 2856 duos,
1107 2767 1192 2837 item
1218 2767 1381 2839 laborant
1406 2764 1497 2837 diem
1525 2767 1561 2838 iu
1588 2766 1791 2857 septimana

236 2884 323 2956 Item
343 2885 529 2979 ponebam
555 2895 738 2978 utramque
764 2893 931 2958 tenentur
957 2908 1020 2977 pro
1044 2907 1128 2958 vere
1154 2891 1190 2957 et
1214 2887 1347 2978 hyeme.
1372 2887 1460 2958 Item
1486 2908 1624 2981 casapep
1651 2886 1792 2958 solvunt

237 3027 300 3096 pro
328 3009 549 3080 monasterio.
576 3009 663 3080 Item
690 3009 836 3080 taberna
862 3030 932 3080 una
958 3009 1090 3080 babens
1117 3029 1242 3098 agros,
1268 3015 1305 3079 et
1331 3007 1436 3080 solvit
1463 3029 1527 3097 pro
1555 3028 1660 3078 censu
1686 3028 1790 3078 unam

237 3149 455 3220 sexagenam.
482 3129 568 3200 Item
596 3129 796 3202 hortulanis
821 3151 891 3200 una
917 3130 1051 3202 babens
1077 3151 1192 3221 agros,
1210 3130 1317 3201 solvit
1332 3150 1440 3200 unum
1456 3127 1636 3218 fertonem,
1653 3129 1792 3202 laborat
1885 3173 1892 3183 ·

235 3249 326 3322 diem
352 3251 389 3322 in
416 3251 617 3342 septimana.
644 3250 732 3322 Item
760 3251 940 3340 praedium
967 3251 1166 3323 coenobiale
1192 3272 1261 3322 non
1288 3257 1343 3323 est
1369 3251 1405 3322 in
1431 3250 1552 3322 eadem
1579 3249 1671 3322 villa
1696 3249 1786 3322 Item

236 3370 480 3442 molendinum.
506 3371 594 3442 Item
622 3391 741 3443 omncs
767 3372 844 3462 agri
871 3371 974 3444 villae
1001 3371 1141 3444 solvunt
1166 3378 1203 3444 et
1228 3371 1425 3444 conducunt
1446 3355 1611 3443 decimam
1630 3371 1789 3460 manipu-

234 3492 343 3564 larem
370 3497 406 3564 et
433 3493 632 3582 canapalem
659 3513 723 3583 pro
750 3494 960 3564 monasterio
988 3492 1266 3584 Myeehoriensi‚
1294 3497 1330 3564 et
1357 3493 1456 3564 valor
1482 3493 1557 3564 eius
1583 3492 1789 3563 aestimatur

234 3613 279 3682 ad
305 3613 487 3684 duodecim
523 3633 665 3684 marcas.
702 3613 913 3704 Consignata
938 3619 1055 3686 autem
1081 3621 1138 3686 est
1162 3635 1226 3704 per
1252 3614 1489 3704 praepositum
1516 3619 1554 3684 et
1580 3619 1789 3684 conventum

233 3733 537 3826 Myechoviensem
564 3755 627 3824 pro
654 3736 820 3824 rnagistro
848 3736 986 3808 scholae
1014 3736 1049 3806 ln
1076 3735 1318 3829 Myecbow,
1337 3736 1373 3806 in
1391 3735 1446 3806 sni
1463 3735 1593 3807 laboris
1611 3734 1790 3824 solarium,

233 3855 291 3946 qui
317 3875 396 3926 eam
421 3856 521 3928 anuis
547 3856 692 3947 singulis
718 3856 811 3927 tollit
837 3863 873 3928 et
898 3858 1065 3948 percipit,
1093 3863 1130 3928 et
1156 3857 1200 3927 de
1227 3856 1288 3926 illa
1314 3856 1476 3946 disponit
1516 3854 1678 3926 Confinat
1704 3875 1781 3926 cum

234 3975 633 4067 Pszostrosziczc,
661 3977 925 4069 Syodliska.
1373 4051 1377 4062 ,

337 4098 605 4188 Bszucrmnrn,
632 4099 715 4170 villa
741 4099 805 4170 sub
832 4097 998 4189 parochia
1024 4095 1067 4168 de
1095 4095 1136 4168 M
1144 4095 1328 4188 pachon
1355 4096 1437 4186 sita,
1464 4097 1562 4168 cuius
1588 4097 1789 4188 proprietas

95 4231 99 4236 '
233 4217 276 4288 ad
303 4220 565 4304 monasterinm,
580 4218 848 4311 Myechoviense
875 4220 1036 4310 pertinet.
1063 4219 1104 4290 In
1133 4240 1201 4310 qua
1227 4227 1310 4290 sunt
1335 4225 1466 4310 septem
1492 4219 1595 4309 lanei,
1613 4219 1688 4292 sive
1706 4220 1788 4292 hor-

233 4339 387 4410 tulaniae
424 4341 678 4431 cmetbonalcs,
705 4346 741 4411 et
775 4341 880 4412 solvit
916 4341 1061 4432 quilibet
1097 4361 1162 4431 pro
1189 4361 1295 4412 censu
1323 4361 1385 4412 sex
1412 4346 1564 4430 scottos,
1592 4340 1699 4430 aliqui
1726 4361 1789 4430 per

230 4459 358 4550 decem,
385 4461 468 4530 item
495 4482 561 4532 ova
587 4461 743 4552 triginta,
770 4463 854 4532 item
880 4462 992 4552 gallos
1020 4468 1179 4552 quatuor,
1205 4463 1289 4534 item
1318 4481 1439 4533 caseos
1457 4461 1555 4534 duos.
1582 4461 1670 4532 Item
1691 4461 1789 4534 labo-

230 4587 311 4652 rant
338 4581 485 4672 quilibet
509 4583 651 4672 proprio
679 4603 784 4654 curru
810 4589 871 4656 aut
892 4589 1015 4662 ,aratro
1043 4604 1149 4654 unum
1176 4583 1266 4654 diem
1295 4583 1331 4654 in
1358 4583 1561 4673 septimana,
1587 4601 1651 4673 per
1669 4588 1787 4654 totum

230 4723 367 4774 annum.
394 4703 482 4774 Item
502 4701 687 4796 powobaoa
714 4710 895 4796 utramque
921 4710 1085 4776 tenentur
1112 4725 1176 4794 pro
1203 4724 1286 4776 uere
1312 4709 1350 4776 et
1374 4704 1507 4796 hyeme.
1533 4703 1622 4774 Item
1648 4725 1786 4798 csszyep

229 4843 300 4893 non
326 4824 475 4894 solvunt
509 4824 597 4894 Item
624 4826 790 4896 tabernae
817 4848 886 4897 non
913 4831 994 4898 sunt
1020 4825 1078 4896 ibi.
1113 4824 1202 4897 Item
1228 4826 1448 4898 hortulaniae
1474 4846 1545 4896 non
1571 4832 1661 4896 sunt
1699 4825 1788 4896 Item

229 4944 410 5034 praedium
437 4951 492 5016 est
518 4946 646 5018 bonum
674 4946 874 5018 coenobiale
901 4947 936 5016 in
964 4946 1084 5018 eadem
1111 4946 1205 5036 villa,
1232 4946 1276 5018 de
1303 4948 1401 5018 cuius
1419 4947 1519 5036 agris
1535 4945 1785 5016 monasterium

229 5065 498 5156 Myechoviense
525 5067 692 5138 decimam
719 5087 783 5158 pro
811 5088 848 5140 se
874 5068 976 5138 tollit
1002 5067 1090 5138 Item
1118 5068 1304 5157 sciendmn,
1323 5067 1415 5157 qnod
1443 5065 1612 5138 medietas
1629 5071 1783 5137 tantum-

229 5187 331 5258 modo
360 5187 462 5258 villae
488 5187 802 5280 Brzuchanya,
830 5188 891 5260 sed
919 5189 1038 5279 maior,
1066 5190 1221 5278 pertinet
1247 5187 1291 5259 ad
1310 5187 1560 5277 proprietatem
1578 5183 1781 5256 monasterii

227 5307 517 5399 Myechoviensis,
543 5310 655 5380 minor
683 5313 798 5381 autem
825 5309 992 5380 medletas
1020 5310 1174 5398 pertiuet
1200 5309 1244 5378 ad
1271 5308 1409 5396 milites,
1438 5306 1600 5377 videlicet
1617 5305 1662 5376 ad
1680 5303 1786 5376 Jaco-

226 5428 309 5500 bnm
336 5429 418 5500 Pir
446 5438 482 5501 et
507 5430 702 5502 Jcbannem
729 5429 1022 5519 Slawiczsky.
1050 5431 1138 5500 Item
1164 5429 1298 5500 decima
1323 5427 1549 5516 manipularis
1576 5431 1656 5516 post
1673 5427 1809 5498 homi-¹

226 5571 288 5622 nes
315 5551 519 5622 monasterii
546 5551 836 5642 MyechoviensiS,
863 5551 1015 5640 pertinet
1041 5548 1086 5620 ad
1113 5549 1313 5639 episcopum
1339 5547 1615 5639 Oracoviensem,
1634 5554 1671 5620 et
1688 5547 1788 5618 valm

227 5671 302 5743 eius
329 5673 537 5744 aestimatur
563 5673 607 5743 ad
622 5682 646 5742 .'
648 5726 763 5744 .....
773 5697 782 5762 ;
809 5680 888 5763 post
914 5671 1070 5742 homines
1097 5676 1215 5741 antem
1241 5669 1431 5760 militares,
1457 5669 1549 5741 cedit
1574 5669 1785 5741 monasterio
