4492 6592
1661 789 1735 858 313

121 1044 133 1070 ‚
170 975 317 1064 donata,
348 978 449 1048 cuius
474 978 671 1067 proprietas
697 999 788 1052 nnnc
813 981 966 1070 pertinet
992 983 1035 1053 ad
1063 985 1310 1056 monasterium
1337 985 1456 1058 Sancti
1483 988 1655 1062 Andreae.
1695 993 1736 1064 In

170 1116 238 1187 qua
258 1103 348 1168 sunt
369 1097 461 1168 lanei
480 1098 731 1188 cmetbonales,
751 1105 786 1170 et
805 1101 950 1192 quilibet
970 1103 1074 1174 solvit
1091 1123 1156 1204 pro
1174 1125 1288 1176 annuo
1308 1084 1537 1178 censuunum
1555 1110 1735 1203 fertonem,

172 1218 300 1306 viginti
323 1237 404 1306 ova,
423 1217 509 1289 duos
526 1219 646 1308 gallos.
673 1219 761 1290 Item
779 1227 916 1292 nonest
935 1221 970 1292 in
984 1221 1102 1292 eadem
1118 1223 1201 1294 villa
1218 1225 1412 1315 praedium,
1431 1248 1542 1317 neque
1561 1231 1735 1322 tabernae,

171 1357 285 1434 neque
305 1338 542 1410 hortulauiae.
582 1339 670 1410 Item
690 1341 889 1448 cmethones
907 1362 975 1412 non
1002 1341 1136 1412 faciunt
1152 1343 1290 1432 aliquos
1306 1345 1446 1419 labores
1472 1348 1533 1418 sed
1547 1347 1736 1442 podwodoe

179 1477 251 1529 nna
274 1478 359 1529 cum
372 1459 561 1548 ‘oppidanis
580 1460 918 1532 Zawiohostensibus
937 1461 979 1531 ad
997 1463 1220 1550 pecuniarum
1240 1465 1415 1553 regiarum
1433 1468 1614 1538 rationem.
1650 1471 1733 1539 Item

170 1579 380 1650 emethones
409 1569 526 1650 omnes
554 1580 692 1652 solvunt
719 1582 885 1652 decimam
904 1582 1156 1670 manipularem
1175 1585 1341 1656 ecclesiae
1365 1587 1556 1674 parochiali
1584 1587 1732 1660 Sanctae

140 1693 146 1701 ’
171 1699 362 1770 Trinitatis
390 1702 426 1770 in
452 1701 767 1788 Zawiehosth,
790 1706 826 1770 et
844 1679 912 1771 non
931 1707 1095 1773 tenentur
1120 1703 1216 1773 illam
1243 1704 1369 1776 ducere
1395 1710 1546 1796 propriis
1574 1711 1734 1781 curribus

171 1822 207 1890 in
233 1821 457 1890 horreuma
483 1821 629 1910 plebano
657 1819 853 1908 locandum,
880 1828 916 1892 et
936 1822 1033 1892 valor
1060 1823 1135 1893 eius
1162 1825 1367 1898 aestimatur
1392 1826 1436 1895 ad
1464 1829 1615 1917 quinque
1642 1851 1734 1900 mar-

125 1937 137 2037 ⁵.
173 1962 247 2028 cas,
276 1941 483 2028 canapalem
502 1941 606 2011 etiem
634 1941 859 2026 nousolvunt
887 1962 951 2032 per
969 1950 1120 2033 quatuor
1136 1945 1288 2033 ierugas.
1328 1942 1490 2016 &uiuat
1507 1968 1582 2016 cum
1603 1951 1730 2038 oppido

173 2062 477 2132 Zewichosth
505 2067 540 2130 et
566 2061 658 2132 villis
684 2060 1024 2154 Pyotroqucze,
1052 2063 1269 2151 O‘ziszow,
1296 2063 1498 2136 Garbow.

276 2181 579 2282 Proruowrozn,
606 2181 689 2252 villa
707 2183 772 2252 suh
790 2185 956 2272 parochia
973 2185 1139 2256 ecclesiae
1157 2183 1306 2256 Sanctae
1333 2185 1517 2256 Trinitatis
1536 2187 1578 2256 de
1597 2187 1626 2256 Z
1636 2190 1734 2258 awi-

175 2303 344 2374 chosth
374 2301 461 2389 sita,
497 2306 533 2371 et
562 2322 626 2390 per
661 2302 926 2382 Bolesleum
963 2303 1183 2374 Pudieum
1219 2304 1341 2375 ducem
1377 2308 1587 2377 monasterio
1614 2307 1733 2378 Sancti

175 2415 337 2496 Andreae
377 2421 522 2510 donata,
559 2423 656 2494 cuius
683 2424 879 2512 proprietas
914 2424 959 2494 ad
985 2423 1177 2513 praelatum
1214 2427 1462 2496 monasterium
1489 2428 1651 2515 pertinet.
1692 2405 1732 2498 In

176 2565 242 2634 qua
260 2549 345 2616 sunt
374 2543 635 2632 quatuordecim
663 2544 753 2614 lanei
781 2545 1028 2634 cmetboneles,
1056 2550 1092 2614 et
1109 2543 1255 2634 quilibet
1281 2567 1345 2634 pro
1365 2567 1470 2616 censu
1487 2568 1600 2616 annuo
1628 2548 1734 2618 solvit

176 2663 498 2740 sanctimonialibus
525 2685 630 2734 unum
656 2648 834 2754 fertonem,
861 2665 985 2754 rigInti
1013 2685 1096 2753 ova,
1124 2667 1209 2735 item
1228 2665 1315 2736 duos
1340 2667 1467 2756 gallos,
1494 2667 1581 2737 duos
1600 2687 1734 2756 caseos3

175 2786 255 2854 item
293 2789 448 2873 quatuor
484 2804 584 2854 coros
611 2803 761 2872 avenae,
787 2789 860 2854 tres
896 2785 1053 2874 siliginis.
1093 2784 1180 2854 Item
1218 2786 1364 2875 quilibet
1398 2786 1441 2856 de
1469 2787 1570 2856 laneo
1596 2787 1734 2858 laborat

177 2925 278 2976 unum
307 2901 401 2974 diem
430 2903 465 2974 in
484 2905 695 2994 septimana,
723 2904 768 2974 ad
786 2906 955 2976 rationem
984 2905 1117 2998 dierum
1145 2905 1229 2976 iacit
1247 2907 1418 2979 ducturas
1458 2905 1547 2976 Item
1576 2913 1658 2976 sunt
1684 2907 1734 2976 ibi

111 3087 113 3092 .
178 3026 262 3096 duae
288 3025 478 3114 tabernae,
511 3030 547 3094 et
574 3025 749 3114 quaelibet
775 3024 879 3094 solvit
904 3045 968 3114 pro
995 3044 1100 3096 censu
1127 3046 1231 3095 unam
1257 3046 1427 3114 marcam,
1452 3032 1502 3118 ‚et
1522 3027 1609 3096 nihil
1635 3027 1733 3096 labo-

177 3151 269 3236 rant,
306 3146 376 3218 nisi
404 3143 591 3239 parmam
626 3151 662 3216 et
697 3145 873 3236 quaelibet
908 3145 1015 3216 habet
1050 3166 1163 3236 agros.
1207 3146 1296 3216 Item
1331 3153 1386 3217 est
1420 3167 1490 3216 una
1526 3147 1733 3236 hortulanis,

178 3267 306 3340 habena
334 3285 458 3357 agros,
495 3265 599 3338 solvit
635 3264 752 3336 decem
788 3285 930 3354 grossos
957 3273 993 3336 et
1019 3285 1125 3336 unum
1162 3267 1252 3336 diem
1279 3268 1315 3336 in
1340 3267 1536 3356 septimana
1571 3267 1734 3355 pedester

179 3386 321 3458 laborat.
362 3369 452 3465 Item
479 3386 679 3458 cmethones
706 3405 824 3457 omnes
851 3385 895 3456 ad
913 3385 1139 3456 laborandam
1158 3386 1330 3475 duplicem
1349 3384 1534 3480 pwodam
1561 3392 1733 3456 tenentur.
1813 3401 1818 3412 ’

180 3508 260 3578 Item
298 3506 534 3579 molendinum
570 3527 639 3578 non
676 3514 739 3577 est.
778 3504 866 3577 Item
892 3511 1022 3608 'omnes
1058 3508 1135 3596 agri
1170 3508 1408 3595 cmetbonum,
1444 3508 1670 3608 tabernarum
1698 3512 1735 3576 et

182 3627 397 3699 hortuloniae
416 3626 555 3698 solvunt
581 3626 747 3698 decimam
775 3626 1039 3716 manIpnlarem,
1066 3631 1103 3698 et
1119 3648 1183 3716 per
1202 3633 1351 3717 quatuor
1378 3628 1516 3716 iemgas
1535 3629 1734 3716 canapalem

177 3749 352 3818 cantoriae
373 3746 663 3834 Sandomiriensi,
683 3753 719 3818 et
731 3751 894 3818 tenentur
911 3746 1006 3816 illam
1025 3748 1177 3836 propriis
1195 3747 1354 3816 curribus
1372 3745 1500 3817 ducere
1519 3748 1554 3816 in
1570 3747 1733 3816 horreum

187 3871 383 3940 acantore·
399 3867 594 3957 locandum,
622 3873 658 3938 et
675 3867 874 3938 valoreius
901 3868 1104 3938 aestimatur
1130 3867 1175 3936 ad
1194 3867 1318 3956 viginti
1344 3886 1490 3936 marcas.
1516 3867 1603 3936 Item
1631 3867 1759 3954 prae-l
1803 3847 1808 3857 ’

185 3987 269 4058 dium
306 3991 356 4060 ibi
385 3989 585 4062 coenobiale
612 3995 648 4060 et
674 3989 790 4072 curia,
821 3986 864 4058 de
891 3988 988 4058 cuins
1015 3988 1110 4077 sngs
1137 3986 1416 4058 sanctimoniales
1442 3983 1537 4057 solae
1564 3986 1731 4056 decimam
1876 4055 1882 4060 .

184 4110 391 4200 percipiunt,
429 4111 585 4199 quamvis
621 4115 813 4198 asseratur,
850 4108 947 4198 quod·
975 4108 1020 4178 ad
1056 4109 1246 4180 cantomam
1282 4108 1466 4196 pertineat.
1511 4107 1598 4176 Item
1635 4109 1733 4176 iuxta
1846 4188 1848 4191 ,

188 4228 294 4300 uillam
321 4235 377 4301 est
394 4230 490 4300 lacus
517 4230 668 4320 optimus
695 4229 924 4316 coenobiaIIS,
952 4230 1010 4317 qui
1029 4227 1349 4300 arendatussolrit
1376 4227 1476 4296 annis
1502 4225 1648 4314 singulis
1667 4245 1747 4295 sex.

112 4329 113 4336 ἵ
187 4369 320 4421 marcas
360 4349 497 4422 Golinat
531 4371 607 4421 cum
644 4350 816 4439 Liuow,
852 4327 1075 4438 Oziszow,
1108 4349 1235 4419 Sancta
1266 4347 1451 4436 Trinitate,
1478 4346 1669 4416 Dzurow
1697 4349 1733 4415 et

188 4466 486 4542 Zawichosth.

284 4589 429 4680 Bouow,
457 4591 540 4662 villa
558 4611 620 4681 per
638 4589 904 4663 Bolesleum
932 4587 1151 4660 Pudieum
1178 4587 1300 4658 ducem
1326 4593 1363 4656 et
1380 4586 1602 4656 monarcham
1630 4583 1760 4655 Polo.

189 4709 258 4780 niae
293 4713 502 4784 monasterio
538 4711 849 4783 sanctImonielium
886 4710 929 4780 de
957 4709 1084 4780 Sancto
1117 4709 1261 4782 Andrea
1287 4707 1434 4795 donata,
1466 4707 1564 4776 iuxta
1589 4705 1731 4776 fluvium

192 4825 357 4905 Szanna
384 4835 470 4922 slta,
497 4834 630 4904 babens
656 4833 692 4902 ln
711 4853 748 4902 se
766 4831 946 4902 ecolesIam
975 4830 1208 4920 parochialem
1235 4829 1395 4918 ligneam,
1423 4826 1551 4897 Sancto
1569 4825 1732 4894 Andreae

193 4947 543 5041 Apostolodioatam,
580 4973 695 5042 quam
709 4951 752 5022 de
780 4951 906 5022 Sancto
933 4950 1104 5022 Mauricio
1141 4971 1185 5021 ex
1211 4947 1530 5046 Zauicbosth,
1567 4945 1733 5032 magister

194 5065 347 5146 Matthias
383 5073 426 5145 de
453 5073 652 5144 Odolino
687 5076 769 5143 tunc
795 5071 982 5161 plebanus,
1018 5069 1166 5160 provide
1199 5069 1337 5140 ratione
1363 5073 1400 5138 et
1429 5070 1598 5155 perpetua
1625 5063 1669 5132 ob
1697 5062 1733 5132 id

195 5193 345 5264 memoria
371 5194 511 5284 dignae,
546 5214 590 5263 ne
617 5192 818 5282 parochIani
846 5192 899 5262 sui
927 5190 1105 5260 Vislam
1132 5186 1410 5276 transfretando,
1446 5182 1730 5274 quemadmodum

111 5291 113 5300 ’
195 5327 286 5398 saepe
310 5315 490 5386 eveniebat
516 5293 807 5403 periclitarentur,
834 5289 1023 5382 transtulit.
1063 5309 1171 5380 Gutus
1199 5309 1395 5398 proprietas
1422 5305 1467 5390 ad
1485 5303 1733 5372 monasterium

134 5467 137 5477 ·
197 5423 300 5512 Sancti
334 5435 495 5506 Andmae
531 5434 694 5524 pertinet.
734 5433 774 5502 ln
802 5453 870 5522 qua
905 5436 986 5502 sunt
1013 5435 1091 5500 octo
1118 5429 1210 5498 lanei
1238 5425 1490 5511 emethonales,
1523 5427 1559 5492 et
1587 5421 1734 5510 quilibet

198 5547 289 5622 solvit
312 5575 373 5644 pro
400 5574 515 5628 annuo
542 5575 646 5626 censu
673 5573 795 5624 urnam
822 5551 951 5637 melfis,
982 5549 1128 5638 triginta
1154 5568 1238 5635 ova,
1265 5546 1353 5617 duos
1379 5543 1510 5634 gallos3
1536 5542 1621 5612 item
1648 5550 1733 5631 qua-

197 5667 265 5738 tuor
296 5663 403 5746 coros‘
428 5695 578 5764 avenae,
611 5681 685 5746 tres
712 5671 870 5761 siliginis.
910 5670 1000 5742 Item
1026 5673 1080 5740 est
1114 5668 1163 5739 ibi
1191 5667 1341 5738 taberna
1364 5684 1434 5736 una
1459 5663 1592 5735 habens
1619 5681 1731 5751 agros,

287 5837 483 5884 manmena
627 5815 633 5822 '
887 5824 900 5846 ··
1011 5881 1020 5898 ⁸
1526 5807 1564 5858 40
