4492 6592
581 1011 585 1024 ’
692 995 734 1076 ln
762 996 920 1100 oppldo
954 995 1261 1126 ΘΙινΙιονιιιιιι.

298 1163 495 1250 Balneum.
524 1161 680 1236 Contulit
696 1164 869 1255 imprimis
886 1164 1064 1255 praefatus
1080 1164 1259 1236 lohannes
1285 1163 1540 1239 Muslratha
1566 1167 1750 1257 episcopus
1799 1231 1802 1242 .
1948 1170 1960 1178 '

191 1284 436 1358 cracoviensis
454 1285 665 1357 monasterio
684 1285 988 1376 hospitalariorum
1015 1270 1275 1375 Slavlroviensi,
1302 1286 1403 1357 civile
1420 1287 1465 1358 ad
1483 1308 1636 1360 mensam
1654 1308 1753 1358 suam

188 1407 424 1498 episcopalem
461 1405 639 1497 pertinens
674 1407 854 1504 balneum,
889 1405 987 1478 iuxta
1014 1406 1154 1477 fluvium
1187 1404 1305 1477 Alba
1331 1389 1576 1480 Przemsza
1611 1376 1752 1497 dictum,

190 1527 287 1617 quod
305 1548 369 1618 pro
389 1547 494 1598 consu
520 1547 636 1599 annuo
664 1527 822 1599 solvebat
841 1531 931 1598 'tuno
956 1525 1074 1626 decem
1102 1546 1253 1616 marcas,
1279 1531 1317 1598 et
1333 1525 1461 1599 fratres
1487 1528 1690 1600 monasterii
1716 1532 1753 1599 et

191 1647 352 1738 singulos
378 1661 552 1739 pauperes
578 1649 615 1718 in
641 1649 807 1738 hospitali
833 1647 1018 1740 degentem,
1044 1647 1176 1738 absque
1202 1647 1320 1738 precio
1346 1648 1519 1720 abluebat

300 1769 516 1842 Macellum.
544 1769 631 1841 Item
656 1769 803 1841 contulit
829 1768 920 1840 idem
946 1765 1125 1840 Johauues
1151 1768 1432 1840 Muszkatha
1457 1769 1640 1860 episcopus
1667 1768 1751 1842 Ora-

93 1873 124 1950 u'
190 1890 366 1962 covieusis
393 1891 604 1964 monasterio
632 1895 668 1962 et
686 1889 851 1982 hospitali
869 1889 1035 1981 praelatis
1061 1888 1283 1962 medietatem
1309 1889 1444 1964 macelli
1471 1891 1686 1981 carnificum,
1713 1891 1750 1962 iu

93 1999 94 2018 ³
189 2011 322 2102 oppido
350 2011 585 2084 Slavcoviensi
617 2012 739 2102 ιιιιιιι,
775 2031 864 2104 quiae
890 2031 955 2104 pro
982 2031 1088 2086 censu
1114 2031 1230 2084 annuo
1256 2007 1415 2087 solvebat
1441 2009 1529 2085 duas
1554 2033 1690 2084 marcas
1716 2017 1754 2083 et

93 2165 95 2196 ι
189 2133 282 2204 duos
309 2133 443 2223 lapides
459 2134 544 2224 sepi
571 2135 719 2224 purgati.

300 2252 638 2328 molendinumt
603 2253 694 2326 Item
713 2253 860 2326 contulit
886 2253 1119 2326 molendinum
1146 2253 1239 2326 idem
1265 2197 1449 2346 episcopus
1465 2251 1646 2326 Johannes
1663 2252 1752 2324 Mu·
1832 2295 1857 2368 3
1993 2277 1999 2287 “

93 2325 95 2456 ἶ
190 2375 370 2446 skalka
396 2375 621 2464 monasterio,
648 2375 841 2448 influmine
867 2375 1111 2446 Przemsza
1137 2375 1199 2446 et'
1190 2397 1227 2446 ιιι
1245 2375 1417 2465 superiori
1435 2379 1537 2464 parte
1562 2373 1751 2445 molendini

93 2565 95 2584 ‚
190 2495 451 2566 Theodrici
477 2495 562 2567 dicti
589 2494 793 2608 Scbuler,
813 2495 927 2568 situm.
954 2495 1009 2568 Ex
1029 2517 1096 2588 quo
1115 2501 1199 2567 tunc
1215 2500 1360 2586 propter
1377 2494 1606 2586 frequentiam
1625 2495 1752 2566 civium

93 2609 95 2718 ζ
189 2623 229 2688 et
247 2615 455 2707 incolarum,
490 2617 661 2688 maximae
697 2619 948 2708 proveniebant
974 2615 1211 2722 intrumentis
1247 2622 1284 2689 et
1310 2617 1445 2689 braseis
1477 2613 1750 2704 commoditates,
1845 2681 1854 2690 .

93 2725 95 2750 '
191 2759 259 2829 pro
288 2737 556 2809 monasteriiet
582 2738 700 2829 hospit
684 2737 766 2810 talis
794 2738 1056 2812 sustentatione.

93 2877 94 2950 ι
199 2929 206 2938 ,
301 2856 520 2932 Praedium.
556 2859 645 2933 Item
673 2857 851 2950 praelatus
882 2857 1170 2931 Muszlratha
1195 2858 1377 2948 episcopus
1403 2855 1644 2930 cracoviensis
1670 2877 1751 2928 con-
1804 2885 1822 2898 ··

93 2963 94 3026 ι
190 2981 276 3052 tulit
302 2987 440 3079 monast
440 2979 514 3050 erio
550 2985 586 3052 et
612 2981 778 3070 hospitali
813 2977 949 3070 praefat
912 3001 970 3052 ιο
1007 2985 1155 3070 quatuor
1190 2979 1309 3050 laneos
1346 2998 1509 3069 agrorum
1534 2975 1751 3048 franconicos

93 3085 94 3136 3
190 3123 268 3172 cum
288 3106 370 3192 prat
371 3101 411 3191 is,
451 3100 495 3172 ad
514 3101 694 3172 colendum
722 3122 781 3172 eos
800 3121 864 3191 pro
882 3101 1026 3192 praedio
1045 3101 1256 3185 coenobiali,
1282 3099 1451 3171 libertans
1477 3097 1556 3169 illos
1583 3103 1619 3169 et
1637 3096 1770 3169 absol--

93 3263 95 3288 ι
192 3244 277 3294 vens
305 3223 350 3293 ab
378 3222 471 3294 omrai
498 3243 619 3313 censu
655 3227 692 3294 et
718 3223 770 3296 ab
790 3221 884 3296 omni
917 3221 1049 3296 decimo
1087 3229 1123 3292 ιι
1108 3223 1194 3293 tab
1223 3221 1316 3334 omui
1342 3221 1437 3310 iure,
1474 3217 1690 3291 subiectione
1716 3223 1753 3289 et

93 3357 95 3388 ι
194 3343 294 3414 dacia
321 3343 424 3415 civili.
669 3391 673 3398 ·

93 3447 95 3542 f
300 3455 449 3537 Hortus
495 3465 601 3535 Item.
610 3463 719 3534 idem
728 3462 908 3536 Johannes
934 3463 1070 3554 praefat
1070 3483 1112 3535 us
1054 3462 1326 3536 ttMuska
1334 3463 1390 3533 ba
1415 3462 1598 3551 episcopus
1625 3457 1753 3531 Gracc·

93 3605 94 3674 3
193 3585 326 3655 viensis
353 3590 434 3656 cont
419 3585 500 3656 tulit
526 3605 642 3657 uuum
660 3585 801 3656 bortum
819 3589 918 3656 extra
936 3605 1054 3656 muros
1081 3583 1166 3656 dicti
1184 3583 1303 3676 oppidi
1321 3583 1440 3672 situm,
1468 3580 1684 3655 libertans
1655 3579 1750 3653 armi·
1854 3580 1861 3588 '

93 3681 95 3768 ἶ
194 3705 275 3776 liter
304 3706 402 3776 illum
430 3707 474 3779 ab
502 3705 595 3790 omni
622 3725 727 3777 ceusu
754 3703 863 3796 dacia,
890 3726 995 3776 onere
1022 3710 1058 3776 ιι
1083 3705 1227 3777 tributo.

93 3909 95 3928 s
298 3825 513 3914 Βιιιιιοιι,
541 3826 625 3898 villa
651 3825 715 3898 sub
742 3827 908 3918 parocbia
934 3826 1100 3900 ecclesiae
1137 3826 1180 3898 de
1207 3878 1340 3915 ......
1368 3823 1465 3895 cuius
1493 3821 1690 3914 proprietas
1717 3825 1754 3891 et

196 3946 386 4019 dominium
414 3947 458 4017 ad
486 4001 628 4017 ......
663 3949 823 4038 pertinet.
863 3947 904 4018 lu
937 3969 1006 4038 qua
1042 3951 1123 4018 sunt
1158 3945 1250 4016 lanei
1277 3945 1528 4033 cmethonaleS,
1560 3943 1603 4014 dc
1630 3941 1753 4031 quibu-

93 4051 95 4154 ἶ
195 4069 354 4139 omuibus
386 4067 586 4140 solvebatur
621 4068 755 4140 decima
790 4066 1013 4158 manipularis
1049 4087 1112 4156 pro
1148 4065 1359 4138 monasterio
1395 4063 1579 4154 hospitalis
1606 4060 1753 4130 Slavkos
1828 4145 1842 4161 κ

93 4267 95 4280 7
195 4190 342 4278 niensis,
379 4194 415 4258 at
449 4189 679 4260 inducebatur
714 4190 750 4260 in
777 4189 940 4260 horreum
976 4186 1225 4281 apraeposito
1256 4184 1439 4256 locandum
1474 4189 1511 4254 et
1546 4181 1643 4253 valor
1677 4179 1753 4250 eius

93 4325 94 4376 3
197 4311 402 4382 aestimatur
428 4309 473 4380 ad
493 4364 607 4380 .....
633 4309 721 4382 Item
744 4311 933 4399 tabernae,
961 4309 1043 4379 item
1069 4307 1289 4379 hortulaniae
1316 4307 1400 4376 item
1426 4303 1614 4396 praedium.
1654 4299 1755 4370 Hanc
1854 4371 1859 4378 ,

128 4429 132 4435 “
197 4431 363 4502 decimam
391 4407 540 4501 contulit
575 4429 759 4522 episcopus
790 4429 1029 4503 Oracovieusis
1056 4428 1236 4502 lohannes
1263 4426 1517 4508 Muskatba
1543 4420 1754 4496 monasterio
1847 4470 1852 4478 ·

197 4551 380 4642 hospitalis
407 4548 684 4636 Slavkoviensis.
