4492 6592
1677 786 1749 862 163

196 991 405 1064 sententiam
426 991 461 1062 in
479 993 642 1066 omnibus
660 997 697 1062 et
715 989 861 1082 siugulis
879 993 1052 1086 capitulis,
1070 993 1245 1085 articulis,
1263 995 1410 1086 punctis,
1429 995 1602 1087 clausulis,
1633 999 1753 1074 obsera

197 1113 298 1202 santi,
326 1133 394 1202 per
422 1121 556 1203 partam
584 1113 913 1204 contravenientem,
938 1118 1044 1188 toties
1073 1117 1208 1206 quoties
1235 1123 1440 1188 conventum
1468 1118 1586 1208 luerit,
1613 1122 1750 1194 solven-

195 1234 325 1324 dorum,
353 1235 606 1326 compromisso
633 1241 669 1304 et
694 1235 867 1308 sententia
894 1243 1015 1308 nostra
1041 1238 1203 1309 arbitrali
1230 1239 1265 1308 in
1284 1259 1347 1310 suo
1374 1239 1501 1310 robore
1527 1241 1751 1314 nihilominus

195 1363 430 1446 permanente.
457 1355 566 1445 Quam
594 1375 741 1446 poenam
767 1361 884 1446 partos
912 1358 1006 1447 ipsas
1033 1358 1212 1428 incurrere
1234 1359 1392 1431 nolumus
1419 1360 1495 1449 ipso
1513 1359 1615 1452 lacto,
1642 1364 1752 1434 inter·

194 1477 427 1567 prumtionem
455 1495 549 1566 vero,
576 1478 826 1548 correctionem
853 1485 890 1548 et
916 1477 1185 1550 declarationem
1222 1479 1418 1550 huiusmodi
1441 1487 1583 1552 nostrae
1610 1490 1751 1556 senten·

194 1598 261 1670 tiae
288 1597 486 1686 arbitralia
513 1598 613 1670 uobis
641 1596 732 1668 infra
759 1598 840 1668 hinc
867 1605 903 1670 et
930 1599 1032 1670 unius
1059 1600 1141 1670 anni
1168 1598 1351 1672 decursum
1379 1621 1608 1674 reservamus.
1650 1603 1753 1676 Anno

196 1717 331 1790 Domini
365 1719 484 1792 1456.Ι
503 1717 592 1792 laria
618 1719 739 1808 quinta
767 1720 925 1809 proxima
950 1725 1031 1792 ants
1057 1719 1184 1828 laetum
1212 1719 1330 1792 Sancti
1354 1721 1528 1794 usuardi
1553 1723 1646 1795 lacta
1672 1731 1754 1795 sunt

195 1839 287 1926 hasa
314 1857 382 1928 par
409 1839 504 1912 duos
524 1839 685 1912 oooooes
712 1840 748 1912 ln
775 1840 916 1912 civitate
944 1839 1155 1912 Ploczko.

246 2245 559 2333 monasterium
582 2256 753 2334 tertium
788 2255 948 2335 ordinis
971 2257 1273 2383 canonicorum
1306 2259 1561 2362 regularium
1595 2261 1710 2342 Beati

831 2410 1050 2516 Augustini
1086 2414 1125 2492 in

664 2639 667 2648 ·
781 2578 1171 2664 OLOBUOZSKO.

98 2887 99 2892 Ἰ
297 2800 475 2893 Oppidum
502 2800 798 2876 Olobuczslro
825 2801 1067 2876 Crotoniensis
1086 2804 1273 2893 dioecesis,
1300 2806 1398 2879 cuius
1415 2809 1610 2897 propricms
1638 2817 1674 2881 et
1692 2811 1754 2882 do·

98 2983 99 2988 ,
198 2923 338 2996 minium
366 2923 414 2994 ad
431 2923 691 2996 serenissimum
717 2923 882 2996 Poloniae
910 2945 1028 3016 wem
1055 2925 1227 3016 pertinet,
1253 2925 1335 2998 dum
1361 2927 1524 3017 apriscis
1551 2931 1691 3020 regibus
1718 2937 1754 3002 et

98 3075 99 3096 ÷
201 3044 415 3135 principibus
442 3043 608 3117 Polotriae
627 3044 851 3135 conderetur,
877 3051 1023 3137 propter
1039 3046 1174 3136 galeam
1192 3045 1341 3117 ferream
1359 3047 1430 3118 illic
1448 3048 1529 3120 dum
1547 3050 1755 3124 conderetur

98 3185 99 3236 3
200 3173 383 3254 repertam,
403 3185 504 3256 quam
525 3163 647 3238 Poloni
665 3187 728 3238 suo
747 3165 910 3238 idiomate
928 3162 1100 3238 chabaczelc
1127 3172 1266 3256 vocant,
1293 3165 1585 3242 Globuozslro
1603 3173 1752 3260 nomine,

98 3271 100 3358 l
201 3307 240 3358 ax
258 3285 419 3376 auspicio
445 3285 563 3358 taliter
590 3285 868 3360 aconditoribus
887 3295 1042 3376 reperto,
1069 3286 1334 3360 satisfacetum
1360 3296 1397 3359 et
1414 3290 1630 3380 auspicatum
1657 3313 1754 3364 aece-

98 3451 99 3506 3
201 3407 267 3496 pit;
305 3405 403 3497 quod
430 3412 466 3477 et
483 3406 518 3478 iu
545 3407 636 3478 diam
664 3406 865 3480 hodiernam
896 3409 1025 3480 retinet
1052 3409 1207 3498 auspicio
1234 3408 1431 3481 huiusmodi
1457 3409 1604 3482 innuens
1630 3415 1756 3503 capitis

98 3511 99 3520 ¹
203 3527 266 3618 sui,
292 3526 328 3599 id
356 3532 413 3600 est
439 3525 519 3600 lidei
549 3533 586 3598 et
611 3527 789 3618 religionis
825 3528 1033 3600 christianae
1061 3549 1098 3600 se
1124 3529 1373 3602 munimentum
1399 3529 1490 3602 forte
1516 3539 1553 3603 et
1578 3533 1752 3622 galeatum

204 3649 414 3720 habiturum.
457 3647 530 3720 Nec
557 3648 627 3720 tale
654 3649 845 3740 auspicium
873 3649 923 3720 illi
950 3647 1077 3738 delinit,
1117 3651 1162 3722 ab
1189 3651 1333 3722 exordio
1368 3652 1538 3741 siquidem
1564 3673 1648 3726 suae
1674 3675 1755 3726 con·

204 3769 341 3844 ditionis
370 3771 408 3842 in
434 3769 581 3844 ecclesia
607 3771 798 3860 parochiali
825 3769 951 3844 Sancto
978 3770 1134 3842 Martino
1160 3770 1350 3844 confessori
1376 3779 1413 3843 et
1440 3772 1587 3845 Sanctae
1613 3774 1756 3866 Marga-

205 3892 321 3964 rathae
348 3890 491 3982 Virgini
517 3897 554 3962 et
580 3891 726 3982 martyri
753 3891 884 3982 dicata,
912 3911 1014 3982 quam
1041 3890 1185 3964 Petrum
1212 3892 1256 3964 de
1282 3891 1463 3984 Slrrzyn
1490 3895 1650 3966 comitem
1675 3896 1754 3968 rudi

207 4011 262 4084 sed
296 4011 399 4084 firmo
436 4033 540 4103 opere
578 4033 621 4086 ex
645 4019 747 4104 petra
781 4012 861 4086 alba
886 4013 1043 4103 vulgavit
1077 4011 1267 4086 fabricasse
1294 4014 1503 4104 antiquitas,
1534 4016 1687 4106 insignes
1718 4024 1755 4088 et

206 4133 360 4224 galeatm
389 4134 642 4224 quodammodo
675 4135 796 4206 habuit
823 4141 991 4223 ractores,
1018 4135 1077 4224 qui
1105 4154 1180 4205 eam
1209 4135 1245 4205 in
1263 4135 1504 4224 spiritualibus
1529 4143 1565 4208 et
1581 4143 1756 4228 tempora·

98 4315 100 4322 .
206 4254 291 4328 libus
316 4255 404 4328 lorti
422 4255 710 4328 administrabant
736 4256 911 4345 regimine,
938 4262 974 4326 et
991 4255 1217 4344 charismate,
1243 4256 1360 4327 dinuo
1387 4258 1503 4348 verbo,
1530 4259 1688 4349 exemplo
1717 4264 1754 4331 et

210 4395 306 4466 opere
333 4377 554 4465 imbuebant;
590 4377 799 4466 insigniores
834 4377 938 4450 etiam
965 4397 1056 4450 nunc
1083 4378 1212 4448 sortita
1237 4385 1410 4467 ractores,
1440 4378 1567 4452 iratres
1594 4379 1757 4454 videlicet

98 4513 99 4594 j
139 4545 142 4551 -
210 4497 481 4586 augustinenses
507 4498 691 4570 canonicos
717 4497 910 4588 regulares,
936 4499 996 4587 qui
1023 4498 1116 4570 illam
1144 4498 1285 4570 assidua
1310 4519 1372 4570 sna
1392 4502 1588 4590 praesentia
1614 4507 1650 4573 et
1666 4504 1755 4574 resi·

211 4617 325 4690 dantia
351 4619 582 4692 crassioribus
600 4620 750 4710 irrigant
768 4626 803 4690 et
819 4619 975 4692 excubiis
1001 4627 1037 4692 et
1059 4619 1294 4710 documentis,
1321 4622 1376 4692 cui
1394 4623 1566 4712 quondam
1585 4625 1775 4714 peculiare-

212 4747 245 4810 at
268 4742 447 4830 proprium
474 4739 557 4830 luit,
593 4747 632 4812 ut
658 4740 804 4831 quilibet
840 4741 932 4812 illius
959 4742 1203 4832 parochianus,
1240 4743 1415 4815 sinemus
1450 4743 1509 4814 ille
1543 4744 1758 4818 maratana

213 4859 373 4950 foemina,
409 4861 499 4934 diem
537 4861 675 4951 obiens,
712 4863 834 4934 hovem
869 4870 930 4934 aut
964 4882 1101 4936 vaccam
1137 4863 1239 4934 daret
1273 4864 1439 4936 ecclesiae
1474 4886 1538 4955 pro
1571 4868 1786 4972 sepultura·

98 4983 99 4986 ’
216 4979 338 5052 Verum
356 4983 438 5056 dum
456 4984 564 5074 pestis
584 4983 774 5074 epidemiae
794 4982 924 5072 valida,
953 4983 1116 5074 Martino,
1144 4986 1204 5074 qui
1221 4984 1360 5076 Dzysl
1373 4987 1578 5076 yanthko
1605 4988 1758 5077 appella·

215 5109 363 5194 tuaest,
400 5104 475 5176 viro
502 5103 611 5176 nobili
644 5103 816 5176 dedomo
843 5103 1027 5176 etfamilia
1054 5106 1111 5196 qui
1140 5127 1178 5176 se
1203 5105 1422 5178 Kuczaba
1447 5113 1640 5198 nuncupat,
1667 5129 1757 5180 anno

217 5221 347 5296 Domini
371 5227 468 5298 1454
495 5227 614 5316 prima·
633 5225 689 5298 die
708 5225 857 5316 Augusti
880 5226 997 5314 plures
1016 5227 1181 5298 mortales
1198 5235 1450 5316 prosterneret,
1476 5235 1515 5300 et
1529 5230 1597 5298 iam
1624 5249 1760 5319 pecora,

218 5345 333 5433 quibam
368 5346 583 5438 sepulturam
618 5368 715 5420 suam
760 5347 960 5438 parochiani
996 5345 1245 5418 Glohucaenses
1280 5350 1547 5420 cohonestarent
1584 5351 1757 5440 deessent,

98 5535 99 5544 ,
220 5485 286 5538 mos
315 5468 378 5550 ille
405 5468 501 5540 velut
526 5487 693 5540 onerosus
729 5468 933 5540 mortalibus
969 5469 1119 5540 rescisus
1146 5476 1202 5538 est
1227 5477 1264 5539 et
1290 5469 1450 5540 abolitus.
1493 5469 1610 5542 Morte
1639 5480 1754 5543 autem
1837 5502 1841 5513 ·

98 5561 100 5680 ξ
221 5583 357 5660 Martini
384 5587 663 5680 Gaelyauthlco
691 5595 856 5680 sequuta,
884 5589 963 5660 dum
993 5590 1027 5660 in
1054 5587 1170 5658 villam
1200 5589 1589 5662 Bartholomaeus
1616 5593 1671 5664 vir
1697 5616 1759 5666 no·

222 5703 293 5780 bilis
326 5709 369 5782 de
404 5709 515 5799 stirpe
559 5707 783 5788 Perstina
817 5711 904 5782 alias
940 5709 1212 5799 Wyeuyawa
1256 5730 1347 5780 anno
1382 5710 1520 5782 Domini
1571 5715 1678 5786 1410.
1715 5717 1759 5787 ad
