4492 6592
472 792 547 863 454
674 770 686 789 ‘

469 1004 659 1088 proventus
685 996 777 1069 inira
794 998 1051 1087 describendos
1078 1018 1182 1088 quarn
1200 994 1310 1067 freter
1335 991 1358 1065 J
1364 996 1554 1067 uroslans
1582 994 1715 1066 ordinis
1743 992 2013 1084 praedicatorum

406 1128 414 1137 ’
469 1119 652 1208 episcopus
687 1116 948 1209 Laodiezensis,
975 1125 1012 1189 et
1038 1116 1278 1207 suffraganeus
1305 1118 1425 1189 multis
1452 1118 1552 1189 annis
1580 1116 1746 1188 ecclesiae
1772 1113 2016 1205 cracoviensis,

469 1244 657 1329 proserta
690 1232 858 1329 pecuniae
893 1240 1090 1330 quantitate
1116 1259 1160 1309 ex
1189 1258 1251 1308 sno
1289 1236 1403 1309 allicio
1439 1244 1475 1310 et
1502 1238 1681 1309 laboribus
1717 1237 1895 1327 quaesita,
1931 1236 2015 1326 apud

469 1360 544 1430 eins
569 1378 691 1429 rerum
718 1360 903 1431 haeredem
921 1366 959 1431 et
971 1378 1207 1450 possessorem
1234 1379 1326 1430 anno
1344 1359 1485 1430 Domini
1516 1360 1615 1429 1400
1635 1414 1642 1427 .
1662 1413 1691 1427 ..
1719 1378 1783 1447 pro
1810 1358 2033 1427 monasterie

469 1478 618 1550 Sanctae
645 1479 826 1551 Trinitatis
853 1480 985 1551 ordinis
1012 1480 1291 1570 praedicatorum
1320 1480 1355 1549 in
1382 1477 1584 1550 cracovia
1611 1480 1707 1567 emit,
1735 1478 1841 1548 solvit
1867 1484 1905 1548 et
1931 1497 2015 1547 com·

468 1600 616 1689 paravit.
642 1596 748 1671 Cuius
775 1601 988 1690 infrascripti
1014 1606 1095 1671 sunt
1121 1606 1320 1689 proventus.

573 1718 753 1793 Taberna
790 1721 827 1791 in
866 1719 1048 1805 ennon,
1079 1721 1188 1790 'insta
1222 1719 1362 1791 fluuium
1397 1719 1584 1791 Pradnilr
1605 1720 1709 1809 sita,
1746 1718 1790 1789 ad
1825 1716 2015 1790 scoltetiam

469 1842 505 1911 in
532 1838 716 1911 Pradnilr
742 1848 912 1931 perpetuo
937 1842 1126 1930 pertinens,
1154 1839 1286 1911 habens
1305 1860 1407 1947 agros
1426 1846 1462 1911 et
1480 1844 1591 1930 prata,
1619 1858 1707 1929 quae
1726 1859 1790 1928 pro
1809 1840 2019 1909 monasterio

469 1960 618 2032 Sanctae
645 1960 829 2033 Trinitatis
855 1963 955 2033 annis
983 1962 1129 2051 singulis
1157 1961 1262 2033 soluit
1289 1960 1470 2033 duodecim
1497 1980 1641 2033 mareas.
1713 1987 1717 1996 ‚

502 2100 507 2109 ·
576 2080 839 2155 molendinum
869 2088 907 2155 el
935 2082 1092 2174 piscina,
1121 2082 1157 2152 in
1184 2082 1322 2154 flumine
1350 2078 1587 2172 Prandnyk,
1623 2082 1728 2152 etiarn
1756 2080 1800 2151 ad
1827 2080 2016 2151 scoltetiam
2142 2072 2143 2115 ³

470 2203 658 2292 pertinens,
684 2202 728 2274 de
747 2224 814 2293 quo
832 2203 1015 2275 solvuntur
1042 2182 1142 2277 annis
1170 2204 1315 2293 singulis
1342 2210 1421 2275 octo
1448 2196 1603 2291 marcae,
1630 2201 1691 2273 sed
1720 2178 1869 2296 quatuor
1896 2200 2018 2271 cedunt
2141 2218 2143 2305 j

469 2343 534 2412 pro
560 2323 772 2394 monasterio
805 2322 1056 2414 Thinicziensi,
1091 2330 1128 2394 et
1156 2332 1306 2414 quatuor
1334 2346 1397 2414 pro
1424 2324 1635 2395 monasterio
1663 2322 1810 2394 Sanctae
1836 2320 2018 2391 Trinitatis
2142 2320 2143 2325 ’

469 2443 505 2513 in
532 2440 745 2514 Gracovia

574 2560 758 2658 Quinque
794 2564 893 2637 lanei
931 2565 1208 2639 emelbonalee.
1254 2566 1404 2667 ltemuin
1432 2565 1551 2637 eadem
1588 2562 1672 2637 villa
1707 2563 1903 2653 Pradnylr
1940 2568 2016 2633 sunt

469 2684 620 2776 quinque
646 2686 739 2756 lanei
774 2685 1025 2775 cmethonales‚
1062 2687 1120 2779 qui
1148 2686 1235 2757 alias
1267 2692 1367 2757 erant
1394 2688 1437 2758 de
1466 2692 1560 2757 sorte
1587 2694 1624 2757 et
1650 2686 1866 2775 proprietate
1904 2706 2017 2755 mona·

469 2806 569 2877 sterii
595 2805 714 2877 Sancti
741 2806 919 2877 Francisci
946 2790 1092 2879 fratrum
1110 2808 1302 2895 minornm3
1330 2808 1391 2878 sed
1418 2806 1546 2878 iratres
1565 2806 1824 2897 praedicatores
1843 2826 1908 2895 pro
1927 2812 2017 2875 certa

469 2948 602 2997 snmrna
628 2929 850 3017 pecuniarum
878 2928 989 2999 dictos
1015 2929 1167 3019 quinque
1193 2929 1313 2999 laneos
1340 2934 1506 3019 emerunt,
1534 2934 1570 2999 et
1597 2928 1744 3018 quilibet
1769 2928 1891 2997 laneus
1919 2927 2017 2996 soluit

468 3046 555 3119 duas
582 3068 735 3138 mareas,
770 3069 836 3138 pro
863 3049 991 3122 abbate
1017 3070 1102 3125 uero
1130 3046 1349 3128 Thincziensi
1386 3050 1532 3141 quilibet
1563 3048 1669 3120 solvit
1695 3049 1843 3121 sedecim
1880 3068 2016 3137 grossos

468 3167 570 3241 latos,

574 3287 778 3363 Praedium
819 3288 1057 3375 scoltetiale,
1094 3292 1131 3363 in
1159 3312 1226 3382 quo
1253 3296 1335 3363 sunt
1361 3296 1434 3363 tres
1460 3292 1553 3363 lanei
1586 3292 1801 3381 pertinentes
1828 3290 1873 3361 ad
1902 3310 2015 3360 mona·
2140 3344 2141 3395 3

469 3408 614 3480 sterium
650 3408 798 3482 Sanctae
834 3410 1035 3502 Trinitatis,
1071 3419 1108 3484 et
1135 3414 1306 3485 arendant
1341 3434 1401 3485 sos
1432 3412 1559 3484 fratres
1595 3419 1631 3483 et
1657 3412 1843 3484 solvuntur
1877 3413 1929 3482 eis
1957 3432 2014 3501 per
2140 3406 2142 3447 ÷

469 3529 710 3602 mandatorem
737 3532 856 3603 decem
883 3554 1029 3604 marcae.
1057 3532 1144 3604 Item
1173 3534 1339 3605 scultetus
1357 3540 1497 3605 tenetur
1516 3534 1599 3606 dare
1618 3534 1735 3607 abbati
1756 3532 1912 3624 quolibet
1930 3552 2015 3602 anno

468 3646 662 3742 prandium,
689 3660 750 3723 aut
776 3674 841 3742 pro
868 3654 1016 3744 prandio
1043 3676 1148 3725 uuum
1175 3654 1353 3746 fertonem,
1381 3656 1580 3727 cnrethones
1599 3662 1713 3727 autem
1740 3674 1859 3724 omnes
1887 3660 1925 3724 et
1951 3653 2014 3723 sin-

467 3772 540 3862 guli
567 3774 720 3845 eiusdem
748 3775 869 3865 villae,
905 3796 973 3847 non
1001 3776 1111 3846 solnm
1140 3778 1198 3866 qui
1225 3778 1402 3866 pertinent
1428 3776 1472 3848 ad
1499 3776 1628 3849 iratres
1654 3776 1932 3866 praedicatores,
1959 3774 2015 3844 sed

469 3894 574 3964 etiam
602 3895 689 3966 alios
724 3894 900 3986 dominos,
933 3902 1099 3967 tenentur
1135 3898 1219 3968 dare
1246 3898 1314 3969 duo
1341 3898 1507 3989 prandia,
1544 3904 1604 3969 aut
1629 3898 1777 3988 quilibet
1811 3896 1950 3967 emetha
1976 3894 2015 3964 de

469 4012 570 4086 laneo
596 4021 670 4087 tres
696 4036 838 4105 gronam
864 4038 929 4107 pro
955 4016 1111 4107 prandio.

571 4136 671 4233 Item¹
686 4138 886 4228 notandum,
914 4138 1004 4229 qnod
1024 4159 1087 4228 per
1104 4140 1350 4215 monasterium
1375 4139 1519 4213 Sanctae
1547 4139 1730 4211 Trinitatis
1757 4140 1792 4208 in
1820 4137 2013 4209 Oracovia
2140 4178 2141 4237 1

468 4258 597 4328 fluebat
622 4257 747 4329 fluvius
774 4258 981 4349 surena
1009 4264 1045 4329 et
1070 4260 1224 4330 babebat
1251 4261 1363 4331 dictus
1390 4260 1514 4332 fluvius
1541 4264 1576 4331 in
1605 4282 1642 4331 se
1669 4260 1825 4331 notabile
1852 4258 2012 4329 molendi·
2140 4238 2142 4267 '

468 4400 548 4447 num
576 4379 611 4448 in
639 4384 741 4451 utero
770 4380 982 4470 monasterii,
1008 4386 1046 4451 et
1072 4386 1150 4451 erat
1177 4381 1408 4453 molendinum
1437 4364 1529 4452 illud
1549 4382 1739 4469 lruilerum',
1766 4386 1802 4449 el
1820 4380 1928 4449 multa
1946 4398 2011 4447 mo·
2140 4388 2141 4433 f

331 4502 336 4512 '
467 4500 620 4569 nasterio
647 4498 1060 4573 afferens-emolumenta.

1086 4754 1399 4791 ψ

527 4988 769 5071 Secundum
802 4992 1103 5069 monasterium
1138 4990 1308 5070 Ordinis
1342 4990 1684 5072 Praedicatorunr
1725 4992 1765 5073 in
1796 4990 1953 5097 oppido

861 5128 1204 5231 Sandnmirienai‚
1238 5136 1284 5235 et
1313 5136 1435 5211 extra
1469 5154 1626 5252 muros.
1752 5254 1753 5257 w

570 5349 847 5421 Sandomiriense
873 5351 1121 5421 monasterium
1150 5350 1282 5423 ordinis
1309 5352 1597 5443 praedicatorum,
1625 5353 1730 5424 habet
1747 5352 1815 5423 dno
1833 5351 1914 5422 loca·
1927 5352 2009 5421 eius·

467 5469 544 5540 dem
573 5470 706 5542 ordinis
732 5471 1029 5561 praedicatorum,
1064 5493 1169 5542 nnnm
1198 5472 1233 5541 in
1262 5473 1404 5562 antiqua
1439 5472 1580 5543 civitate
1607 5472 1879 5543 Sandomiriensi
1915 5476 2030 5571 entra¹
2139 5566 2140 5573 ἵ

467 5611 602 5681 mures,
643 5592 734 5681 quod
761 5592 854 5662 Yuo
881 5592 1122 5664 Oraooviensis
1150 5594 1331 5683 episcopus
1359 5615 1449 5664 anno
1476 5593 1626 5685 Domini,
1658 5596 1754 5666 1226
1782 5594 1927 5665 ecclesia
1954 5612 2007 5682 pa·
2138 5678 2140 5711 1

467 5711 610 5827 rochiali
628 5711 745 5782 Sancti
764 5711 886 5782 Jacobi
913 5716 1021 5784 totins
1044 5716 1206 5804 antiquas
1225 5716 1377 5784 civitatis
1396 5716 1559 5786 demolita
1577 5722 1612 5787 et
1630 5716 1793 5803 extincta,
1820 5720 1856 5785 et.
1873 5712 2008 5783 ecclesia
2139 5740 2140 5757 ἢ
