4492 6592
1676 715 2012 831 ‘aar‘

187 953 224 1019 et
251 946 408 1020 solvunt
425 1003 539 1019 .....
565 949 653 1021 Item
680 971 749 1023 non
776 957 831 1022 cst
856 952 893 1022 in
920 952 1003 1023 villa
1028 952 1147 1024 eadem
1175 953 1314 1045 aliquod
1341 942 1521 1045 praedium
1548 958 1757 1031 coenobiale.

185 1067 278 1138 Item
309 1088 439 1141 omues
474 1070 551 1160 agri
582 1070 686 1145 villae
712 1070 892 1161 praefatae
919 1072 1059 1145 solvunt
1085 1080 1122 1145 et
1149 1073 1345 1147 conducunt
1372 1076 1539 1149 decimam
1566 1078 1759 1169 manIpula·

185 1208 262 1259 rem
291 1192 333 1259 et
363 1190 576 1280 canapalem,
602 1212 667 1281 pro
694 1192 893 1281 praebenda
919 1191 1152 1285 OracorIensi
1180 1212 1268 1286 quaa
1295 1194 1536 1287 Kamyowska
1553 1198 1759 1289 appellatur,
1805 1168 1823 1184 ”

186 1314 224 1380 et
250 1309 362 1383 valor
390 1312 467 1383 eius
493 1312 700 1385 aestimatur
726 1313 771 1384 ad
798 1332 860 1385 sex
885 1333 1030 1385 marcas.
1057 1312 1218 1387 confluat
1236 1367 1243 1385 .
1262 1369 1297 1387 ..
1429 1330 1432 1335 “

197 1481 202 1491 .
295 1427 583 1523 ΒΔΝυοπῑοΖε,
610 1433 695 1507 villa
713 1434 777 1505 sub
795 1435 962 1525 parochia
979 1434 1023 1507 de
1041 1433 1358 1509 Wrocrirzisz
1372 1436 1459 1527 sita,
1485 1438 1584 1511 auius
1602 1441 1760 1531 proprie-

186 1557 244 1623 tas
272 1550 322 1621 ad
341 1554 596 1625 monasterium
622 1553 790 1627 Clarae
816 1555 1003 1627 tumbae
1029 1556 1190 1647 pertinet
1230 1556 1270 1628 In
1290 1578 1359 1649 qua
1386 1563 1468 1631 suut
1494 1559 1641 1649 triginta
1666 1560 1758 1633 lanei

189 1673 448 1764 ametbonales
475 1680 512 1747 et
538 1674 686 1766 quilibet
711 1676 819 1749 solvit
843 1697 908 1766 pro
935 1696 1041 1783 censu
1067 1682 1142 1749 tres
1168 1676 1339 1768 lenones,
1366 1678 1448 1751 item
1476 1701 1543 1751 ova
1569 1667 1773 1772 sexaginta,¹

187 1796 274 1865 Item
300 1794 425 1884 gallos
451 1816 512 1869 seu
539 1816 689 1887 capones
715 1796 823 1887 duos3
857 1798 941 1869 item
968 1796 1089 1871 caseos
1114 1818 1184 1871 uon
1212 1798 1371 1889 solvunt,
1406 1800 1489 1871 item
1516 1800 1655 1873 laborat
1682 1803 1758 1892 qui·

192 1915 284 1987 libet
302 1914 402 1987 diem
429 1938 535 1989 uuum
562 1918 598 1989 in
618 1907 831 2009 septimana,
856 1918 999 2009 proprio
1018 1937 1123 2001 curru
1141 1924 1203 1991 aut
1221 1925 1348 1993 aratro.
1389 1919 1476 1992 Item
1502 1920 1682 2015 pancadam
1708 1922 1759 1993 la-

186 2036 324 2109 borant
361 2037 453 2111 duos
488 2038 572 2110 dies.
620 2039 708 2111 Item
743 2060 882 2135 oaazyep
918 2039 1058 2113 solvunt
1083 2038 1172 2113 duas
1208 2061 1388 2113 mensuras
1416 2041 1563 2133 siliginis
1591 2047 1627 2111 et
1653 2062 1757 2113 unam

189 2178 327 2229 arenae
357 2164 397 2231 et
415 2165 565 2250 quatuor
589 2180 741 2251 grossos.
784 2160 873 2233 Item
898 2161 1070 2234 tabernae
1094 2167 1168 2234 tres
1185 2162 1354 2235 habentes
1381 2182 1503 2253 agros,
1530 2168 1567 2233 et
1584 2163 1760 2253 quaelibet

116 2323 119 2331 ·
191 2278 300 2351 solvit
328 2279 421 2353 duas
446 2300 580 2353 marcas
606 2287 644 2353 ct
670 2280 820 2354 sedecim
846 2288 972 2355 scotos.
1011 2283 1098 2356 Item
1126 2282 1344 2355 hortulaniae
1370 2303 1449 2373 ser,
1477 2304 1566 2373 quae
1594 2306 1662 2355 non
1690 2284 1759 2355 sol-

191 2405 281 2471 vunt
308 2420 466 2493 censum,
492 2402 554 2475 sed
579 2403 819 2477 tantummodo
844 2426 951 2477 mum
978 2404 1069 2477 diem
1095 2404 1276 2496 pedestres
1303 2405 1340 2477 in
1367 2405 1561 2495 septimana
1588 2405 1757 2477 laborant.

192 2520 281 2593 Item
311 2544 438 2598 omnes
463 2526 539 2615 agri
556 2524 662 2626 sillae
687 2525 827 2597 solvunt
853 2531 889 2597 et
906 2525 1105 2599 conducunt
1131 2522 1299 2599 decimam
1325 2524 1574 2616 manipularem
1601 2530 1638 2596 et
1654 2545 1758 2597 caua-

193 2642 327 2731 palem,
365 2664 432 2735 pro
466 2644 612 2718 ecclesia
645 2647 682 2717 iu
709 2629 965 2751 Grqdaiua,
999 2652 1037 2719 et
1062 2646 1162 2719 valor
1196 2648 1271 2719 eius
1298 2646 1504 2719 aestimatur
1539 2644 1583 2719 ad
1609 2646 1756 2736 trigInta

193 2762 345 2836 marcas.
387 2765 476 2837 Item
494 2772 549 2839 est
565 2766 602 2839 In
620 2765 741 2839 eadem
767 2766 851 2839 villa
876 2765 1058 2859 praedium
1083 2767 1212 2841 bonum
1240 2766 1458 2857 coenobiale,
1485 2764 1529 2838 de
1547 2766 1645 2839 culus
1663 2766 1758 2857 agris

202 2885 268 2957 soli
294 2885 431 2958 tollunt
465 2886 643 2959 decimam.
689 2887 777 2959 Item
805 2892 887 2961 suut
912 2888 962 2959 ibi
987 2887 1057 2960 duo
1082 2887 1281 2961 molendina
1306 2888 1344 2959 in
1369 2866 1509 2959 flumine
1537 2941 1544 2978 ·.
1563 2940 1697 2977 ......
1724 2890 1761 2959 et

196 3026 303 3078 uuum
342 3007 451 3080 solvit
484 3028 608 3081 norem
634 3028 786 3099 marcas,
814 3006 909 3081 aliud
935 3012 1014 3081 octo
1040 3026 1176 3083 marcas
1211 3029 1289 3083 cum
1325 3008 1447 3081 media
1493 3006 1654 3081 Confluat
1680 3027 1757 3079 cum

197 3124 602 3221 Nyegoslawicze,
628 3128 933 3220 Wrocirzisz,
959 3127 1366 3222 Oppathkowicze.

301 3249 611 3341 weormundus,
646 3251 730 3323 villa
765 3252 831 3325 sub
865 3252 1032 3343 parocbia
1055 3252 1101 3325 de
1128 3247 1400 3343 Pooy'ennik
1427 3252 1513 3341 elta,
1549 3251 1647 3323 cuius
1674 3270 1758 3341 pro·

199 3370 335 3459 prletas
352 3371 400 3443 ad
416 3372 665 3447 monasterium
692 3370 860 3445 Clarae
887 3371 1083 3445 Tumbae
1108 3372 1196 3445 alias
1223 3371 1401 3463 Mogila
1427 3372 1590 3463 pertinet.
1630 3368 1672 3443 In
1690 3394 1760 3463 qua

201 3498 282 3563 suut
308 3499 463 3585 quatuor
487 3493 580 3565 lanei
606 3493 851 3583 amethouales
876 3498 913 3566 et
939 3494 1087 3585 quilibet
1112 3492 1218 3567 solvit
1243 3514 1308 3584 pro
1335 3513 1440 3565 ceusu
1468 3476 1585 3565 uuam
1598 3484 1761 3582 marcam
1882 3478 1886 3487 ¹
1943 3580 1947 3587 Ι
2053 3470 2061 3477 ’
2111 3474 2116 3484 ’

203 3614 286 3685 item
327 3636 397 3687 ora
435 3616 652 3714 sexaginta&
673 3614 757 3686 item
796 3614 907 3705 gallos
933 3613 1039 3703 duos;
1077 3615 1162 3687 item
1202 3634 1322 3687 casem
1361 3636 1430 3687 non
1474 3614 1624 3687 solvunt.
1671 3614 1759 3685 Item

203 3734 367 3807 laborant
394 3735 481 3807 duos
507 3735 646 3808 diesin
673 3735 866 3826 septimana
892 3734 935 3806 de
960 3734 1078 3826 bueo,
1108 3734 1252 3825 proprio
1280 3754 1385 3807 curru
1411 3740 1474 3806 aut
1499 3741 1629 3807 aratro.
1668 3710 1786 3805 Item'

203 3854 384 3947 powadam
409 3856 581 3927 laborant.
628 3856 717 3928 Item
744 3877 880 3950 oaszycp
908 3854 1067 3945 solvunt,
1092 3854 1180 3927 duas
1207 3874 1389 3927 mensuras
1415 3854 1563 3944 siliginis
1590 3858 1628 3923 et
1654 3872 1758 3923 unam

204 3994 332 4049 arenae
369 3984 407 4049 et
432 3984 582 4068 quatuor
623 3996 775 4068 grossos.
814 3975 902 4048 Item
937 3975 1157 4048 hortulaniae
1183 3980 1351 4066 quatuor,
1378 3974 1547 4046 habentes
1574 3992 1696 4063 agros,
1723 3975 1760 4043 et

206 4094 247 4165 de
264 4098 426 4171 omuibus
443 4099 636 4171 decimatur
652 4096 828 4187 manipulo
854 4098 892 4169 ln
909 4095 1190 4187 Pobyeduilr.
1230 4096 1319 4168 Item
1344 4094 1507 4186 anema,
1533 4114 1605 4167 una
1622 4092 1773 4164 habens.

154 4276 159 4287 .
207 4236 316 4310 agros,
344 4226 382 4293 et
398 4220 505 4293 solvit
517 4211 625 4291 ¹uuam
652 4238 813 4290 marcam.
852 4216 941 4290 Item
967 4216 1149 4308 praedium
1175 4216 1375 4289 coenobiale
1402 4216 1509 4289 estin
1528 4214 1647 4287 eadem
1665 4212 1758 4303 villa,
1890 4236 1893 4244 ¹

208 4336 249 4408 de
274 4343 374 4413 cuius
410 4343 504 4433 agris
539 4340 786 4413 monasterium
823 4338 866 4411 de
901 4338 1078 4429 Mogila
1111 4338 1262 4429 percipIt
1297 4337 1474 4410 decimam.
1514 4334 1603 4410 Item
1639 4327 1758 4407 o‘mues

209 4462 282 4549 agri
299 4463 404 4534 villae
421 4463 562 4536 solvunt
580 4470 618 4535 et
634 4460 831 4534 conducunt
843 4459 1016 4540 decimam
1034 4459 1291 4551 manipularem
1304 4463 1340 4531 et
1357 4456 1566 4548 canapalem,
1593 4454 1758 4526 ecelesiae

210 4579 244 4650 in
267 4580 565 4675 Pobyeduyk,
601 4589 638 4656 et
664 4582 764 4655 valor
800 4582 874 4653 eius
901 4581 1108 4653 aestimatur
1144 4580 1188 4653 ad
1214 4582 1365 4673 quinque
1392 4597 1545 4667 marcas,
1573 4574 1759 4667 aliquando
1823 4640 1826 4647 .

211 4701 454 4777 adduodecim.
480 4703 733 4776 Gonfinatcum
758 4701 987 4795 Oarnyow,
1005 4698 1176 4792 Gorka,
1195 4696 1510 4792 Tropysszow,
1529 4681 1761 4769 Ozulicze.

311 4824 532 4915 Parauaea,
567 4825 651 4897 villa
687 4824 752 4897 sub
778 4824 945 4915 parochia
975 4822 1142 4899 ecclesiae
1169 4821 1212 4893 de
1238 4810 1415 4911 Mogila
1441 4820 1528 4910 sita,
1555 4818 1653 4889 cuius
1680 4836 1761 4905 pro-

213 4944 337 5031 prietas
373 4946 419 5018 ad
446 4945 694 5017 monasterium
731 4944 938 5035 Mogilae
964 4944 1127 5043 perimet
1166 4942 1207 5013 In
1234 4962 1303 5033 qua
1329 4960 1397 5013 non
1425 4945 1507 5010 sunt
1533 4938 1640 5027 aliqui
1667 4935 1769 5007 laneiw

216 5068 463 5158 emethonales‚
489 5067 551 5139 sed
577 5066 795 5139 hortulaniae
822 5071 918 5156 octo,
953 5071 1003 5147 et,
1017 5064 1194 5156 quaelibet
1220 5062 1325 5135 solet
1350 5080 1414 5152 pro
1441 5079 1556 5131 annuo
1584 5077 1689 5128 censu
1715 5054 1759 5126 de

216 5183 330 5281 domo,
365 5210 469 5261 unam
495 5208 647 5290 marcam
675 5208 752 5260 euru
779 5186 939 5277 dimidia,
971 5192 1007 5258 et
1033 5186 1138 5257 etIam
1164 5185 1301 5257 ratione
1331 5182 1538 5272 piscaturae.
1562 5178 1667 5282 *Item
1694 5196 1761 5249 ova
1880 5178 1900 5228 Ἀ
2007 5282 2010 5291 1

217 5326 280 5379 nou
313 5295 475 5401 solvunt,'
505 5311 588 5382 item
624 5306 736 5402 gallos
771 5327 860 5396 non,
894 5308 991 5398 itemx
1015 5326 1139 5378 caseos
1169 5324 1237 5377 uon
1278 5302 1437 5389 solvunt3
1472 5300 1556 5371 item
1575 5295 1762 5394 powodom

218 5424 389 5523 laborant,
424 5433 508 5505 item
542 5451 680 5526 oaazycp
715 5448 785 5505 non
812 5428 906 5499 daut
945 5426 1032 5499 Item
1063 5427 1211 5498 taberna
1241 5444 1311 5496 uua
1336 5422 1469 5495 haiiens
1497 5424 1618 5512 prata,
1656 5418 1762 5491 solvit

221 5546 299 5625 duas
330 5573 467 5625 marcas
501 5573 566 5643 pro
601 5572 715 5623 censu.
762 5549 852 5621 Item
886 5548 1064 5621 hortulani
1098 5568 1169 5618 non
1205 5548 1293 5617 sunt
1341 5544 1429 5617 Item
1464 5542 1626 5615 laborant
1658 5540 1763 5631 pede-

220 5673 303 5745 stres
336 5674 422 5747 dicti
457 5672 651 5763 hortulum,
687 5670 828 5763 quaudo
854 5670 905 5743 eis
931 5668 1126 5743 mandatur.
1161 5666 1248 5739 Item
1274 5664 1455 5757 praedium
1481 5684 1550 5737 non
1578 5668 1653 5755 est,
1680 5661 1764 5733 item
