4492 6592
467 753 545 825 ’414

466 960 550 1037 item
568 958 745 1046 tabernae,
772 958 855 1027 item
874 956 1061 1046 hortulani,
1088 956 1172 1027 item
1191 955 1370 1047 praedium
1394 955 1603 1045 coenobiale,
1630 956 1712 1029 item
1740 955 1910 1045 scoltetia,
1936 956 2023 1027 item

466 1078 708 1151 molendinum.
735 1077 821 1147 Item
850 1098 968 1149 omnes
994 1078 1071 1167 agri
1097 1077 1201 1149 villae
1220 1076 1360 1148 solvunt
1386 1082 1422 1146 et
1448 1074 1644 1147 conducunt
1671 1076 1838 1147 decimam
1868 1076 2024 1165 nranipu-

464 1199 587 1287 larem,
613 1205 649 1269 et
675 1219 739 1288 per
757 1218 818 1269 sex
844 1199 982 1287 ierugas
1010 1198 1220 1288 canapalem,
1234 1218 1312 1287 'pro
1332 1198 1543 1267 monasterio
1563 1195 1846 1285 Wanchoczensi,
1872 1201 1908 1267 et
1925 1196 2032 1267 ualor.

465 1322 540 1391 eius
567 1321 771 1390 aestimatur
798 1319 843 1390 ad
871 1325 1020 1409 quatuor
1047 1339 1191 1391 marcas,
1236 1318 1408 1390 Medietas
1423 1324 1551 1395 ‘autem
1579 1318 1683 1389 villae
1719 1318 1763 1389 de
1790 1318 1885 1407 agris
1911 1320 2024 1405 uoi‘is,

466 1441 571 1512 solvit
597 1440 764 1511 decimam
800 1440 1050 1529 manipularem
1088 1461 1151 1530 pro
1179 1441 1342 1530 episcopo
1369 1438 1600 1511 cracoviensi.
1645 1438 1804 1511 Confluat
1831 1460 1908 1511 curu
1936 1438 1974 1509 M
1984 1461 2026 1527 ς-

465 1558 1303 1651 rzecz,Grzybowagora,.lagodoe.
1354 1561 1357 1571 '
1900 1636 1904 1649 ,

468 1685 470 1690 ’
570 1681 740 1772 Osraow,
768 1682 851 1753 villa
877 1682 942 1752 sub
965 1683 1131 1771 parochia
1158 1682 1322 1769 ecclesiae
1349 1681 1392 1752 de
1420 1682 1684 1773 Trzesznqa
1710 1684 1790 1769 sita,
1817 1682 1913 1751 cuius
1943 1702 2027 1769 pro-

465 1804 596 1893 prietas
623 1801 667 1873 ad
694 1802 940 1873 monasterium
969 1801 1247 1875 Wancboczcnse
1275 1804 1434 1892 perbibet.
1462 1803 1501 1873 In
1521 1825 1589 1895 qua
1608 1808 1689 1873 sunt
1716 1824 1776 1873 sax
1800 1802 2025 1874 bortulaoiae

465 1924 700 1995 emetbonales
735 1923 904 1994 babentes
932 1944 1053 2013 agros,
1081 1929 1117 1995 et
1144 1923 1321 2015 quaelibet
1348 1923 1452 1994 solvit
1483 1945 1546 2014 pro
1574 1945 1680 1995 censu
1707 1945 1812 1993 rurum
1840 1922 2027 1993 fertonem.

465 2044 552 2115 Item
581 2045 727 2134 quilibet
753 2044 890 2115 cmetba
919 2044 961 2114 de
988 2044 1187 2120 hortulanIa
1223 2044 1360 2115 laborat
1395 2066 1502 2117 unum
1529 2044 1619 2116 diem
1656 2044 1819 2134 pedester
1850 2045 1884 2115 in
1911 2044 2027 2133 septi·

465 2186 578 2255 mana,
605 2166 729 2236 itinere
747 2171 784 2235 et
801 2165 921 2236 labore
948 2165 1110 2254 pedestri.
1138 2166 1224 2237 Item
1252 2187 1320 2236 non
1349 2166 1488 2237 solvunt
1511 2188 1586 2255 ova,
1614 2187 1724 2256 neque
1752 2186 1880 2254 caselle,
1906 2186 2026 2255 neque

465 2306 619 2357 avenam.
650 2286 738 2357 ltem
765 2308 833 2357 non
861 2286 1023 2357 laborant
1043 2285 1236 2381 peccudum.
1285 2288 1371 2359 Item
1400 2288 1546 2377 quilibet
1575 2287 1679 2359 solvit
1712 2308 1818 2359 uuum
1844 2307 2027 2377 caponem.

464 2407 551 2479 Item
586 2429 655 2483 non
682 2412 736 2479 est
762 2408 811 2479 ibi
838 2407 1038 2497 praedium,
1075 2430 1143 2479 oon
1181 2414 1261 2487 suot
1288 2410 1474 2497 tabernae,
1510 2430 1623 2499 neque
1659 2408 1886 2481 hortulanIae.
1930 2408 2024 2479 Item

464 2549 583 2601 omnes
609 2530 685 2618 agri
713 2528 967 2618 praedictarum
994 2550 1053 2601 sex
1082 2530 1369 2619 hortulamarom,
1394 2531 1455 2620 qui
1483 2531 1714 2601 aestimantur
1741 2530 1786 2601 ad
1812 2551 1873 2601 sex
1899 2530 2025 2601 laneos

333 2668 336 2672 ·
463 2649 590 2739 largos,
617 2650 756 2723 solvunt
782 2656 818 2721 et
845 2649 1042 2721 conducunt
1067 2650 1234 2729 decimam
1258 2651 1506 2741 manipularem
1525 2657 1561 2721 et
1579 2651 1776 2755 canapalcru
1806 2651 2026 2740 prandearia

463 2772 683 2861 praebendae
709 2771 1018 2860 Sandomiriensis;
1054 2792 1142 2861 quae
1169 2768 1375 2868 appellatur
1394 2772 1631 2863 Mydlowska‚
1662 2774 1758 2844 cuius
1785 2772 1884 2843 valor
1910 2773 2024 2843 aesti-

411 2969 415 2979 ,
464 2899 580 2963 matur
606 2892 650 2963 ad
678 2892 765 2965 duas
792 2913 946 2982 marcae,
986 2893 1172 2983 aliquando
1200 2894 1244 2966 ad
1272 2899 1432 2984 quatuor,
1459 2900 1519 2965 aut
1547 2895 1707 2985 quinque.
1753 2893 1910 2965 Confluat
1941 2914 2024 2964 cum

464 3012 763 3105 Nabrzeszye
790 3021 826 3085 et
853 3014 1127 3106 Trzesznya
1479 3100 1482 3105 ¹

568 3132 785 3207 anrnowa
812 3156 912 3206 eoas
940 3136 1179 3207 Lueszuown
1203 3136 1360 3225 Wonrrq
1387 3136 1471 3207 villa
1498 3138 1562 3209 sub
1590 3138 1755 3227 parochia
1782 3137 1949 3209 ecclesiae
1979 3137 2024 3207 de

463 3254 620 3349 Myrcz
648 3257 734 3345 sita,
771 3256 867 3327 cuius
895 3258 1092 3347 proprietas
1116 3257 1165 3329 ad
1193 3258 1438 3332 monasterium
1465 3256 1744 3345 Wanclroczanse
1771 3259 1933 3349 pertinet.
1983 3259 2023 3329 ln

465 3396 534 3465 qua
561 3382 642 3447 sunt
668 3376 737 3449 duo
762 3377 854 3447 lanei
888 3385 950 3449 aut
977 3384 1127 3469 quatuor
1163 3380 1414 3467 cmethooaleS,
1450 3384 1485 3450 et
1512 3380 1658 3471 quilibet
1685 3356 1790 3452 solvit
1821 3402 2022 3471 perunum

463 3495 644 3587 fertonem,
671 3498 753 3569 item
780 3519 847 3569 ova
872 3499 1027 3589 trigInta
1062 3501 1146 3571 item
1173 3501 1284 3589 gallos
1312 3501 1407 3589 duos,
1443 3502 1527 3573 itam
1554 3520 1683 3591 casada,
1719 3502 1802 3573 item
1823 3501 2023 3597 powobarrc,

463 3619 546 3689 iiam
573 3619 681 3708 labor,
718 3620 801 3690 item
828 3641 984 3715 oaeazyep,
1019 3622 1104 3692 item
1130 3622 1296 3713 taberna,
1328 3623 1411 3693 ilem
1439 3622 1634 3712 hortulani,
1661 3623 1744 3693 item
1772 3624 2022 3697 molendImum.

462 3738 550 3811 Item
577 3740 756 3829 praedium
771 3762 853 3811 mon
879 3748 934 3812 est
960 3741 1160 3815 coenobiale
1178 3744 1215 3815 in
1232 3744 1468 3816 eademvilla,
1493 3743 1580 3814 ltem
1610 3744 1768 3839 scoltetia
1793 3752 1858 3834 cst,
1885 3746 2021 3817 babens

435 3860 548 3950 ,duos
575 3860 702 3951 laneos,
729 3863 766 3933 iu
793 3862 914 3934 eadem
940 3862 1033 3953 villa,
1061 3864 1206 3935 etfacit
1233 3865 1400 3937 scultetus
1419 3866 1564 3937 servitIa
1582 3850 1804 3959 monasterio.
1830 3867 1917 3938 Item
1938 3874 2022 3957 post

461 4004 579 4054 omnes
615 4004 718 4073 agros
754 3985 902 4057 solvitur
929 3990 964 4055 et
990 3985 1196 4058 conducitur
1232 3986 1366 4059 decima
1401 3987 1626 4078 mardpularis
1653 3994 1690 4059 et
1715 3988 1910 4083 canapalis,
1955 4010 2021 4078 pro

460 4105 671 4177 monasterio
700 4102 980 4195 Waucboczensi,
1008 4112 1043 4177 et
1070 4108 1168 4178 valor
1196 4108 1270 4181 eius
1298 4109 1572 4180 aestimatorem
1601 4108 1688 4181 duas
1715 4130 1860 4181 marcas.
1902 4108 2021 4181 Confi-

375 4207 378 4212 ’
459 4230 522 4296 nat
547 4246 624 4297 cum
651 4224 878 4317 Jagodne,
906 4225 1081 4317 (Iadica,
1109 4228 1500 4321 szkarsziozsko,
1521 4231 1753 4320 Parszow,
1781 4230 2018 4333 Szdbyhow.

452 4369 457 4375 ·
565 4346 798 4419 Knauszowa
825 4348 988 4439 Wouua,
1015 4350 1078 4422 sub
1107 4352 1272 4441 parocbia
1300 4342 1464 4424 ecclesiae
1492 4354 1535 4427 de
1563 4352 1606 4423 W
1617 4353 1910 4424 a-ncboczslro
1936 4355 2019 4443 sita,

460 4468 557 4539 cuius
583 4470 778 4559 proprietas
805 4470 849 4541 ad
877 4472 1124 4541 monasterium
1153 4470 1434 4545 Wancboczense
1467 4476 1628 4565 pertinet.
1673 4474 1712 4545 In
1725 4472 1728 4475 ’
1741 4496 1809 4565 qua
1836 4482 1915 4547 sunt
1945 4476 2018 4547 duo

458 4596 595 4660 tantum
622 4590 713 4661 lanei
742 4592 986 4683 emetbonaleS,
1014 4599 1049 4663 ct
1068 4594 1215 4683 quilibet
1242 4594 1347 4667 solvit
1374 4617 1437 4685 pro
1457 4617 1563 4667 censu
1589 4617 1694 4667 unum
1717 4595 1902 4685 fertonem,
1929 4596 2016 4669 item

459 4730 526 4781 ora
552 4710 707 4801 triginta,
735 4712 818 4782 item
835 4712 946 4801 gallos
965 4712 1062 4803 duras,
1088 4716 1169 4785 item
1199 4736 1327 4805 caseos
1355 4716 1438 4786 item
1457 4714 1656 4811 prorrrolmnq
1682 4718 1763 4787 item
1792 4717 1902 4807 labor,
1929 4719 2017 4790 item

458 4854 612 4926 escapep,
639 4833 722 4903 item
749 4834 914 4923 taberna,
950 4834 1032 4905 item
1060 4836 1247 4907 hortulani.
1292 4836 1377 4909 Item
1416 4837 1650 4909 molendinum
1688 4846 1723 4909 et
1759 4838 1891 4911 fabrica
1927 4840 2015 4911 ferri

458 4959 512 5025 est
538 4956 586 5026 ibi
613 4962 648 5025 et
675 4956 779 5026 solvit
806 4977 870 5045 pro
888 4977 993 5027 ceusu
1020 4957 1137 5027 decem
1157 4963 1193 5029 et
1212 4965 1288 5029 octo
1317 4980 1462 5031 marcas.
1491 4960 1576 5030 Item
1605 4960 1785 5050 praedium
1813 4962 2016 5033 coenobiale

453 5076 496 5146 'io
524 5076 642 5147 eadem
678 5076 771 5147 villa.
797 5098 865 5147 non
894 5084 957 5149 est.
1001 5078 1089 5149 Item
1118 5080 1279 5150 scoltetia
1314 5086 1385 5169 est,
1421 5082 1553 5151 babens
1581 5082 1667 5151 duos
1694 5081 1832 5172 laneae,
1868 5083 2017 5155 etfacit

412 5202 419 5215 “
457 5198 624 5269 scultetus
653 5198 797 5269 servitia
824 5200 1047 5269 monasterio.
1075 5200 1163 5270 Item
1192 5206 1270 5291 post
1294 5223 1411 5273 omnes
1440 5196 1717 5291 agros-'solvimur
1744 5209 1780 5275 et
1807 5204 2015 5276 conducitur

421 5341 423 5344 ’
456 5318 587 5393 decimo
614 5319 839 5409 mampularis
867 5326 902 5390 et
929 5321 1124 5410 canapaliS,
1166 5343 1228 5410 pro
1257 5323 1404 5412 plebano
1432 5304 1723 5413 Wancboczeosi,
1751 5330 1786 5395 et
1813 5326 1912 5397 valer
1939 5330 2015 5399 eius

379 5438 388 5457 ’
455 5441 659 5512 aestimatur
686 5441 731 5511 ad
758 5441 844 5511 duas
873 5463 1017 5529 marcae,
1046 5443 1231 5533 aliquando
1260 5444 1303 5515 ad
1332 5452 1489 5534 quatuor.
1518 5445 1678 5517 Oorrfinat
1706 5468 1781 5521 cum
1810 5447 1840 5517 L
1848 5470 2012 5537 penar-

452 5566 540 5642 tow
570 5565 735 5654 mostlr,
763 5563 958 5653 Rzepiu,
986 5564 1189 5636 Dzurow.
