4492 6592
1677 732 1752 849 aas
1798 826 1803 835 .

186 998 209 1046 a
236 978 572 1051 sanctimonialibus
606 979 971 1053 Zawichostheusibus
1005 980 1042 1051 iu
1067 979 1324 1071 temporalitate
1339 980 1602 1072 sustentatum,
1628 982 1663 1053 iu
1691 1004 1755 1056 suo

184 1097 317 1171 decore
347 1099 562 1190 permansit3
588 1106 771 1191 postquam
797 1121 881 1173 vero
909 1101 1188 1175 sanctimoniales
1216 1122 1260 1173 ex
1274 1100 1583 1193 'Zawichostm
1610 1108 1755 1195 propter

183 1218 324 1290 subitas
365 1225 404 1291 et
430 1220 677 1292 clandestinas*
699 1222 897 1293 invasiones
931 1220 1158 1293 Tartarorum
1185 1228 1222 1293 et
1247 1220 1516 1313 Lithvanorum,
1544 1224 1578 1293 in
1606 1245 1751 1314 regnum

182 1340 374 1431 Polouiae‚
401 1341 551 1432 primum
577 1343 613 1413 in
640 1342 782 1414 Skala
808 1363 915 1433 supra
940 1343 1085 1415 durium
1112 1342 1363 1432 Pranduik,
1391 1349 1427 1414 et
1454 1343 1579 1438 exinde
1597 1345 1632 1415 in
1651 1344 1752 1417 Ora-

182 1452 370 1534 coriam
398 1462 443 1534 ad
469 1462 633 1563 Sanctum
661 1463 838 1536 Andrean
864 1465 1056 1537 translatae
1083 1470 1176 1553 sunt,
1203 1465 1247 1536 ab
1266 1485 1307 1536 eo
1325 1471 1484 1555 tempore
1503 1466 1750 1538 monasterium

181 1582 338 1655 fratrum
369 1584 407 1656 in
433 1584 732 1657 Zawichosth
759 1584 966 1657 deteriorari
993 1591 1031 1657 et
1056 1586 1190 1658 ruinari
1218 1586 1350 1675 coepit,
1378 1606 1442 1657 nec
1468 1592 1584 1675 potest
1611 1587 1752 1658 solitum

181 1724 378 1775 numerum
414 1706 563 1781 fratrum
598 1727 662 1796 pro
697 1706 862 1797 collegio,
897 1712 1041 1797 propter
1067 1712 1257 1797 egestatem
1286 1706 1491 1795 obseruare3
1518 1706 1632 1778 nullos
1660 1708 1752 1778 enim

181 1824 292 1897 habet
320 1826 493 1898 introitus
519 1848 629 1917 neque
642 1833 854 1922 proventus,
882 1827 978 1899 nulla
1004 1828 1157 1917 praedia,
1185 1826 1298 1898 nullos
1325 1848 1438 1917 agros,
1466 1827 1527 1898 sed
1555 1826 1629 1898 sola
1659 1828 1749 1918 stipe

179 1946 398 2035 quotidiana
424 1949 460 2019 in
488 1950 638 2019 manime
664 1954 870 2039 paupertate
897 1955 934 2021 et
959 1949 1120 2021 maximis
1147 1948 1338 2020 defectibus
1365 1949 1497 2020 vivunt.
1533 1948 1648 2039 Unum
1674 1954 1751 2019 tan-
1787 2030 1790 2036 f
1836 1982 1841 1997 «

186 2068 374 2140 tummodo
402 2068 533 2141 habent
558 2070 709 2160 hortum,
737 2071 947 2142 monasterio
974 2091 1093 2142 eornm
1121 2090 1311 2159 annexum,
1337 2070 1374 2140 in
1403 2090 1470 2160 quo
1498 2069 1690 2159 pomarium
1717 2075 1754 2139 et

184 2188 321 2282 vinea,
338 2210 444 2280 quam
473 2190 538 2262 soli
565 2191 746 2281 excolunt,
773 2197 809 2262 et
836 2192 916 2263 vino
943 2212 985 2263 eu
1011 2191 1072 2273 illa
1098 2190 1325 2281 proveniente
1353 2211 1425 2260 rem
1454 2188 1607 2261 divinam
1634 2190 1669 2260 in
1692 2168 1753 2260 =sa·
1789 2246 1796 2255 ,

186 2310 334 2382 crificiis
364 2316 551 2403 utcumque
578 2317 796 2402 sustentant,
822 2313 952 2386 habent
979 2318 1015 2383 et
1041 2311 1190 2383 medium
1209 2312 1344 2381 laneum
1363 2332 1526 2402 agrorum
1546 2312 1636 2383 inter
1655 2312 1753 2401 oppi-

186 2431 299 2503 danos
337 2432 378 2503 in
405 2432 657 2524 eleemosynam
684 2434 735 2505 eis
762 2432 947 2523 donatum,
974 2434 1017 2505 de
1045 2455 1113 2524 quo
1141 2438 1177 2507 et
1202 2429 1388 2528 podwodan
1414 2436 1450 2503 et
1476 2432 1593 2503 omnia
1615 2432 1753 2503 tributa

186 2553 325 2650 solvere
367 2560 557 2657 coguntur,
584 2559 620 2625 et
646 2556 705 2644 qui
731 2576 791 2626 eos
818 2557 929 2646 magis
955 2555 1132 2626 excruciat
1158 2576 1274 2647 onere,
1293 2574 1395 2645 quam
1422 2552 1536 2625 reficit
1561 2552 1687 2643 fructu,
1714 2546 1767 2623 et'

186 2674 361 2748 decimam
389 2697 433 2747 ex
458 2675 580 2748 eodem
600 2731 608 2745 .
627 2731 634 2745 .
654 2731 687 2745 ..
1735 2676 1739 2683 '

787 2885 1128 2917 ‘annau-n·—

665 3107 946 3210 -ANTIQUA
977 3106 1259 3191 SANDECZ.

292 3332 472 3408 Tertium
502 3335 781 3409 monasterium
818 3334 966 3407 ordims
999 3334 1193 3407 minorum
1222 3334 1258 3405 in
1288 3332 1461 3407 dioecesi
1491 3328 1747 3435 cessavisset

189 3456 386 3547 inoppino
413 3456 622 3546 Antiqua
648 3454 854 3527 Saudecz
881 3456 995 3542 situm,
1022 3455 1115 3545 qaod
1142 3454 1517 3527 etiamBoleslaus
1543 3452 1751 3525 Pudicus
1861 3546 1864 3551 .

187 3574 433 3649 Gracoviensis
459 3584 496 3647 et
521 3576 812 3647 Saudomiriensis
840 3575 909 3646 dax
936 3582 974 3646 et
998 3576 1100 3666 regni
1125 3575 1294 3675 Poloniae¹
1318 3575 1514 3661 monarcha,
1541 3573 1586 3645 ad
1613 3574 1746 3650 instan-

188 3698 270 3767 tiam
300 3705 340 3769 et
368 3699 570 3787 petitionem
597 3718 746 3787 sponsae
772 3716 856 3767 suae
874 3695 1190 3785 Kunegundis,
1208 3696 1354 3785 virginis
1372 3702 1409 3765 et
1427 3694 1597 3765 foeminae
1615 3694 1751 3779 beatae,

192 3819 509 3911 sanctimonialium
544 3818 757 3889 monasterio
792 3818 857 3888 sab
892 3817 997 3888 titulo
1033 3816 1183 3893 Sanctae
1215 3814 1414 3911 Trinitatis,
1442 3814 1574 3885 ordinis
1600 3812 1749 3884 Sanctae
1883 3850 1887 3861 ·

110 3954 115 3961 ·
190 3938 316 4011 Glarae
341 3940 381 4010 in
407 3939 536 4030 oppido
565 3938 774 4029 Antiqua
798 3939 1004 4009 Saudecz
1032 3943 1160 4027 erecto,
1188 3937 1358 4007 fabricato
1377 3940 1413 4006 et
1431 3934 1565 4023 dotato,
1583 3935 1618 4005 in
1642 3934 1750 4005 hono·

190 4080 261 4131 rem
290 4061 494 4132 Beatissimi
520 4060 686 4160 Stanislai
713 4058 953 4132 Oracovicusis
980 4060 1133 4149 episcopi
1161 4079 1251 4129 auno
1278 4057 1417 4128 Domini
1448 4057 1493 4127 12
1514 4109 1521 4125 .
1542 4110 1550 4125 .
1568 4110 1575 4125 .
1594 4056 1630 4127 in
1648 4062 1751 4145 parte
1851 4148 1853 4155 Ι

191 4181 399 4279 occidentali
431 4181 551 4273 oppidi
587 4181 700 4253 erexit
735 4189 772 4252 et
806 4181 983 4269 fundavit,
1013 4179 1247 4269 calicibusque
1283 4184 1318 4248 et
1345 4178 1557 4249 ornamentis
1585 4176 1751 4267 implevit,

192 4302 446 4393 collegiumque
481 4302 661 4385 duodecim
697 4303 845 4373 fratrum
872 4302 954 4373 illuc
979 4301 1152 4388 instituit,
1179 4300 1238 4390 qui
1265 4321 1308 4371 ex
1335 4297 1593 4389 propinquitate
1620 4296 1687 4369 loci
1714 4301 1752 4368 et

192 4442 263 4492 rem
291 4425 447 4496 divinam
474 4424 567 4513 apud
594 4424 873 4495 sanctimoniales
899 4429 1053 4512 agerent,
1079 4427 1116 4493 et
1143 4420 1246 4493 saluti
1273 4440 1391 4492 earum
1419 4421 1455 4490 iu
1479 4418 1746 4490 administratio·
1877 4428 1882 4435 ’

195 4563 239 4613 ue
273 4545 508 4635 spiritualium
545 4544 777 4635 providerent.
813 4544 892 4615 Non
928 4544 1036 4616 habet
1062 4544 1169 4614 etiam
1196 4541 1445 4613 monasterium
1473 4538 1666 4631 praefatum
1687 4538 1751 4609 ali-

194 4684 280 4752 quos
318 4672 529 4756 proventus,
555 4666 616 4737 sod
652 4666 812 4755 precaria
837 4664 1056 4755 eleemosyna
1082 4664 1186 4752 vivit,
1214 4668 1250 4733 et
1275 4660 1591 4733 sanctimonialium
1619 4660 1749 4732 Saude-

195 4790 367 4859 czensinm
395 4788 657 4860 sustentatione.
719 4835 721 4838 -

514 5235 718 5323 NOVAE
752 5234 960 5321 ClVITIS
992 5230 1428 5322 KOROZINENSIS.

245 5431 248 5444 Ι
299 5426 489 5555 Quartum
520 5461 798 5535 monasterium
828 5460 975 5534 ordinis
1004 5460 1197 5535 minorum
1226 5458 1262 5532 in
1293 5454 1464 5529 dioecesi
1492 5430 1746 5527 Oracovianai

199 5578 232 5647 in
265 5579 390 5673 oppido
426 5582 645 5673 Koresia,
680 5582 771 5671 quod
808 5581 935 5653 Nova
975 5581 1160 5652 Civitas
1197 5584 1435 5669 nuncupatur,
1472 5576 1571 5659 iuxta
1605 5572 1746 5645 fluvium
1800 5660 1806 5671 Ι

160 5694 163 5704 “
202 5697 323 5790 Nyda
358 5704 481 5793 situm,
508 5702 600 5795 quod
636 5702 884 5775 Boleslau's
919 5702 1122 5774 Pudicus
1159 5722 1234 5772 cum
1271 5698 1487 5772 nobilissima
1514 5697 1659 5787 coniuge
1687 5714 1750 5766 sua
1830 5716 1835 5723 ·

297 5869 503 5913 masmim
1368 5840 1376 5901 ἶ
1547 5844 1584 5895 59
1611 5848 1614 5853 ·
