4492 6592
1060 1384 1480 1472 BYTHOMIENSE

488 1617 660 1695 tertium
694 1617 995 1694 monasterium
1029 1615 1190 1695 ordinis
1222 1616 1342 1696 Sacri
1376 1617 1599 1720 Sepulchri
1635 1551 1841 1698 [lominici
1875 1618 2049 1724 llyero·

489 1755 713 1876 solimitani
747 1755 1050 1834 canonicorum
1084 1756 1363 1858 regularium,
1412 1755 1623 1858 duplicem
1656 1777 1831 1835 crucem
1865 1757 2047 1836 rubeam

536 1895 575 1972 in
609 1893 749 1973 habitu
784 1915 870 1972 suo.
895 1891 1191 1994 deferentium,
1230 1895 1268 1971 in
1301 1893 1492 1972 dioecesi
1526 1895 1801 1998 episcopatus
1833 1892 2001 1975 craco-

1187 2053 1358 2111 vronsrs.

594 2305 761 2320 .......
788 2251 886 2340 regni
914 2250 1078 2322 Poloniac
1105 2257 1142 2321 et
1168 2251 1419 2322 Bithomiensis
1446 2250 1534 2340 dux,
1561 2272 1604 2321 ex
1631 2251 1756 2321 ducum
1783 2256 1819 2322 et
1845 2252 2046 2342 principum

488 2371 653 2443 Poloniae
689 2373 854 2460 sangvine
883 2378 919 2442 et
945 2373 1108 2461 prosapia
1145 2379 1258 2442 ortum
1287 2371 1433 2461 ducens,
1470 2358 1642 2460 pietatem
1667 2372 1803 2462 colens,
1839 2378 1875 2444 et
1900 2373 2047 2462 pietate,

489 2513 575 2582 quae
611 2493 875 2563 retributionem
911 2495 1119 2582 geminatam
1148 2494 1241 2564 vitae
1267 2493 1463 2582 praesentis
1489 2499 1526 2563 et
1552 2499 1716 2564 aeternae
1742 2494 1867 2582 habet,
1903 2513 2047 2582 semper

487 2615 656 2702 intentus,
685 2613 964 2684 animadvertens
992 2615 1027 2684 in
1054 2615 1234 2686 territorio
1262 2635 1325 2686 suo
1343 2614 1573 2684 Bithomiensi
1599 2615 1717 2704 plures
1743 2635 1911 2704 personas
1938 2614 2046 2684 mise-

487 2735 614 2804 rabiles
642 2735 851 2824 consistere,
880 2741 916 2804 et
943 2735 1073 2805 nullum
1111 2742 1244 2806 certum
1280 2735 1508 2806 diversorium
1546 2741 1608 2806 aut
1643 2735 1852 2805 domicilium
1884 2756 1948 2824 pro
1980 2756 2045 2805 sua

348 2943 352 2952 1
486 2855 728 2926 recollectione
756 2861 792 2925 et
818 2854 1042 2926 reclinatione
1068 2856 1219 2944 habere,
1259 2857 1320 2928 sed
1347 2856 1476 2946 passim
1513 2876 1576 2945 per
1610 2856 1739 2945 oppida
1764 2861 1802 2926 et
1827 2857 1922 2927 vicos
1958 2856 2045 2926 hinc
2152 2871 2156 2879 ·

485 2975 565 3046 inde
592 2975 807 3064 decumbere,
833 2975 1022 3046 miserabili
1050 2998 1170 3047 eorum
1196 2977 1388 3048 conditioni
1415 2978 1629 3066 provisurus,
1656 2977 1693 3047 in
1720 2976 1804 3047 villa
1830 2995 1895 3048 sua
1922 2975 2043 3046 ducali

486 3094 722 3184 Gharzow,
750 3097 794 3165 ab
814 3095 940 3183 oppido
969 3095 1151 3168 Bithom
1179 3118 1248 3168 nou
1267 3098 1370 3186 longe
1387 3097 1549 3185 distante,
1568 3097 1816 3167 monasterium
1836 3117 1898 3166 seu
1918 3097 2044 3185 bospi—
2145 3154 2152 3183 ,

486 3215 556 3284 tale
583 3215 817 3303 infirmorum,
857 3236 920 3305 pro
956 3217 1075 3305 egenis
1102 3223 1139 3288 et
1165 3218 1421 3289 miserabilibus
1456 3219 1615 3306 personis
1651 3217 1879 3307 suscipiendis
1906 3222 1942 3286 et
1969 3217 2044 3287 illic

486 3333 716 3426 confovendis,
744 3357 833 3406 anno
860 3335 998 3408 Domini
1030 3339 1128 3410 1300
1148 3393 1261 3408 .....
1289 3339 1332 3409 de
1359 3338 1501 3428 speciali
1528 3357 1697 3410 consensu
1723 3345 1760 3408 et
1785 3338 2041 3408 ratihabitione

488 3509 676 3526 ........
704 3457 857 3546 episcopi
885 3457 1125 3530 cracoviensis
1151 3460 1257 3548 erigit
1282 3465 1319 3530 et
1344 3459 1477 3548 fundat,
1504 3465 1541 3530 et
1567 3457 1758 3549 praefatam
1786 3459 1904 3529 villam
1930 3457 2042 3530 (iha-

485 3599 603 3650 rzow
630 3599 707 3648 cum
726 3579 818 3648 omni
836 3580 1049 3669 proprietate
1068 3585 1104 3651 et
1122 3580 1284 3670 dominio,
1311 3580 1437 3664 eidem,
1450 3581 1660 3652 monasterio
1678 3585 1715 3650 et
1725 3575 1897 3669 hospitali
1920 3579 2040 3669 donat,

485 3700 685 3790 privilegiet
711 3705 747 3772 et
773 3701 942 3791 inscribit,
970 3701 1123 3792 illudque
1150 3701 1317 3773 fratribus
1344 3702 1516 3790 religiosis
1538 3701 1637 3772 Sacri
1663 3700 1847 3792 Sepulchri
1864 3700 2040 3772 Dominici

484 3821 791 3912 Hyerosolimitani
806 3822 848 3892 de
862 3823 1115 3916 duplicicruoe,
1134 3824 1199 3895 sub
1218 3823 1340 3914 regula
1353 3823 1452 3894 Beati
1472 3822 1659 3913 Augustini
1674 3823 1909 3912 militantium,
1922 3823 1960 3893 in
1980 3843 2036 3892 re

483 3944 598 4032 gimen
626 3950 662 4015 et
686 3945 974 4034 gubernationem
1009 3950 1178 4035 perpetuo
1214 3945 1409 4019 committit.
1453 3944 1585 4016 Verum
1621 3965 1697 4016 cum
1725 3945 1974 4016 monasterium
2002 3949 2040 4015 et

485 4065 659 4156 hospitale
694 4066 889 4156 praelatum
926 4067 960 4137 in
980 4065 1072 4160 ¹loeo
1109 4068 1285 4140 abstracto
1312 4071 1349 4138 et
1374 4066 1516 4156 villagio
1543 4087 1565 4136 a
1591 4087 1629 4136 se
1654 4064 1855 4155 fundatum,
1891 4086 1933 4135 ex
1970 4065 2038 4136 loci

483 4185 715 4276 ineptitudine
743 4193 779 4258 et
806 4188 1057 4278 elongantione,
1085 4188 1221 4259 videret
1238 4188 1357 4278 egenis
1384 4191 1420 4258 et
1445 4186 1702 4258 miserabilibus
1728 4187 1887 4276 personis
1914 4206 2038 4276 pamm

400 4359 404 4366 .
483 4305 740 4396 profectuosum
769 4329 854 4396 esse,
881 4308 967 4378 illud
995 4307 1037 4378 de
1066 4329 1234 4380 consensu
1262 4314 1298 4379 et
1324 4308 1572 4379 ratihabitione
1597 4305 1747 4397 praelati
1766 4334 1789 4377 .·
1794 4361 1936 4377 ......
1962 4307 2037 4395 epi-

483 4429 579 4516 scopi
606 4427 865 4518 cracoviensis,
893 4429 928 4499 in
957 4429 1119 4519 oppidum
1148 4449 1232 4500 suae
1259 4429 1402 4500 ditionis
1438 4429 1643 4519 Bithom,
1683 4428 1747 4500 sub
1774 4428 1924 4500 dioecesi
1951 4426 2038 4499 (ira-

483 4547 635 4620 coviensi
663 4549 785 4640 situm,
813 4555 850 4620 et
876 4555 975 4620 extra
1002 4551 1179 4622 civitatem
1207 4556 1243 4622 et
1269 4571 1386 4622 muros
1414 4551 1488 4622 eius
1515 4555 1597 4622 ante
1622 4554 1760 4641 portam
1788 4548 1944 4641 oppidi,
1967 4569 2038 4639 qua

482 4671 554 4740 itur
589 4670 623 4740 in
652 4668 943 4762 Oracoviam,
979 4693 1021 4742 ex
1056 4671 1162 4762 lignis
1188 4670 1337 4743 fabricat
1371 4677 1408 4744 et
1434 4671 1552 4763 dotat,
1588 4672 1652 4743 snb
1688 4671 1820 4750 honore
1856 4676 1893 4742 et
1928 4669 2034 4741 titulo

482 4790 599 4865 Sancti
619 4789 779 4883 Spiritus,
807 4793 862 4862 cui
880 4791 923 4864 de
942 4813 1031 4864 novo
1059 4792 1262 4883 ampliorem
1287 4792 1406 4864 dotem
1425 4792 1594 4883 addendo,
1621 4791 1738 4864 villam
1766 4791 1925 4881 Damb,
1952 4791 2036 4862 item

481 4913 715 4985 molendinum
744 4919 825 4984 ante
854 4914 1017 5004 oppidum
1045 4913 1250 5004 Bithom,
1283 4915 1367 4984 item
1393 4914 1615 4986 tresianeos
1641 4913 1733 4985 inter
1760 4932 1863 5003 agros
1890 4911 2038 5003 oppida-

397 5038 402 5049 '
481 5057 604 5107 norum
631 5035 921 5106 Bithomiensium
949 5035 1045 5124 sitos,
1073 5055 1136 5124 pro
1164 5035 1308 5124 praedio
1335 5035 1525 5124 praepositi
1554 5040 1590 5104 et
1615 5032 1762 5105 fratrum
1790 5033 1953 5104 colendos
1976 5032 2038 5103 ad·

481 5157 603 5246 iungit.
648 5154 704 5226 Ab
732 5175 772 5226 eo
800 5157 917 5246 itaque
943 5154 1157 5226 fundationis
1184 5159 1221 5226 et
1248 5154 1437 5226 dotationis
1463 5160 1630 5245 tempore,
1657 5153 1876 5245 praepositus
1902 5153 2038 5224 ordinis

480 5277 628 5368 praelati
655 5279 699 5350 ab
727 5277 890 5368 episcopo
918 5275 1140 5348 Gracoviensi
1167 5276 1345 5348 institutus
1373 5281 1409 5347 et
1434 5275 1689 5366 instituendus,
1716 5276 1751 5345 in
1778 5273 1936 5365 praelato
1963 5295 2037 5346 mo-

481 5400 633 5469 nasterio
660 5406 696 5470 et
722 5399 889 5490 hospitali
916 5419 992 5470 cum
1020 5419 1089 5470 uno
1125 5397 1234 5470 fratre
1262 5397 1394 5469 ordinis
1421 5399 1477 5469 sui
1503 5398 1642 5469 assidue
1668 5402 1826 5468 moratur
1853 5401 1890 5468 et
1916 5388 2036 5467 curam

481 5541 668 5609 egenorum
703 5521 919 5593 infirmorum
947 5526 983 5592 et
1010 5541 1236 5611 personarum
1273 5521 1523 5592 miserabilium
1550 5539 1695 5609 gerens,
1725 5518 1973 5589 monasterium
2000 5523 2038 5588 et

480 5640 650 5730 hospitale
684 5641 880 5730 praelatum
918 5641 1157 5714 Bithomiense
1195 5643 1231 5712 in
1257 5642 1498 5731 spiritualibus
1533 5646 1570 5711 et
1595 5639 1844 5728 temporalibus
1879 5637 2038 5728 rogitet
