4492 6592
1345 726 1358 766 ⁸
1701 763 1773 851 ael

213 1003 299 1056 narn
328 985 549 1058 medietatem
578 987 652 1058 eius
680 983 825 1058 tollebat
852 987 1054 1058 coenobium
1079 985 1391 1058 sanctimonialium
1411 985 1454 1056 de
1478 983 1606 1056 Sancto
1625 984 1773 1075 Andrea,

215 1107 366 1178 alteram
396 1127 478 1178 vero
506 1107 727 1178 medietatem
755 1107 866 1180 altare
894 1107 1011 1179 Sancti
1041 1106 1187 1178 Martini
1215 1108 1250 1179 in
1278 1107 1424 1177 ecclesia
1450 1105 1687 1206 cracoviensi3
1714 1109 1776 1180 scd

213 1229 432 1317 permutatio
457 1226 550 1298 lacte
573 1235 636 1318 est,
664 1233 700 1298 et
722 1225 805 1298 data
824 1213 1010 1299 medietate
1037 1227 1211 1317 decimae,
1239 1247 1340 1318 quam
1368 1228 1491 1298 habuit
1517 1228 1628 1299 altare
1654 1228 1773 1301 Sancti

214 1346 368 1419 Martini
386 1349 422 1419 in
441 1349 524 1422 villa
549 1347 786 1420 Zaurosze
812 1367 876 1439 pro
895 1349 1071 1438 coenobio,
1098 1348 1266 1420 decimam
1293 1349 1328 1420 in
1348 1348 1640 1438 Wyelmosza
1666 1352 1775 1423 altare
1811 1403 1815 1414 .

215 1467 339 1540 Sancti
365 1467 509 1546 Martini
538 1470 716 1560 percipere
744 1471 878 1560 integre
905 1471 1037 1559 coepit,
1074 1475 1110 1540 ct
1137 1469 1268 1541 ducunt
1295 1491 1370 1541 eam
1398 1471 1596 1541 cmetbones
1622 1473 1774 1563 propriis

216 1591 380 1660 curribus
408 1590 442 1660 in
470 1591 631 1661 borreum
669 1591 712 1662 ab
747 1583 926 1694 altarista'
945 1589 1146 1680 locandum,
1182 1596 1218 1661 et
1242 1591 1342 1662 valor
1377 1592 1450 1661 eius
1488 1586 1695 1664 aestimatur
1730 1594 1774 1665 ad
1848 1637 1854 1650 ·

217 1711 344 1799 viginti
372 1731 520 1795 marcas,
543 1711 631 1783 ltem
660 1712 742 1783 villa
769 1710 927 1803 praelata
953 1711 1209 1802 Wyelmosza
1234 1713 1303 1783 iam
1330 1718 1471 1784 nonest
1497 1715 1531 1783 in
1560 1716 1774 1805 proprietate

217 1837 255 1902 et
283 1833 502 1921 possessione
537 1826 739 1904 monasterii
765 1831 884 1906 Sancti
912 1833 1092 1922 Andreae,
1124 1833 1289 1908 sedeam
1317 1833 1473 1923 possidet
1500 1833 1773 1926 Christopborus

216 1951 591 2042 Schellranyecz
619 1953 892 2044 cumfratribus,
920 1952 1414 2044 dedomoAutiquorum
1442 1955 1683 2046 Equorum,
1711 1979 1774 2047 per

216 2073 436 2163 iniustitiam,
464 2075 661 2147 uiolentiam
690 2081 726 2146 et
754 2077 999 2166 opressionem.
1035 2073 1195 2146 Oonflnat
1223 2095 1300 2146 cum
1328 2075 1420 2146 villis
1448 2075 1672 2168 Milunky.
1699 2077 1774 2150 Za-

217 2193 428 2286 droszye
1813 2179 1818 2187 ¹

325 2315 543 2406 Notandum,
571 2317 663 2407 quod
690 2315 816 2388 Petrus
853 2315 1220 2407 Schalfranyecz
1246 2317 1292 2389 dc
1319 2316 1600 2408 Pyesakowa
1635 2319 1774 2396 Skala

216 2436 355 2528 senior,
391 2439 450 2528 qui
479 2436 547 2520 luit
573 2438 747 2528 palatinus
773 2443 898 2528 expost
929 2436 1187 2527 Crotoniensis,
1223 2437 1304 2510 dum
1330 2439 1423 2510 bona
1460 2441 1774 2514 sanctimonialium
1877 2507 1880 2510 ,

217 2555 340 2630 Sancti
367 2558 529 2630 Andreae
564 2565 730 2650 tanquam
766 2567 982 2662 procuratorx
1007 2560 1238 2652 gubernaret,
1274 2555 1464 2631 destitutus
1496 2581 1518 2630 a
1543 2562 1712 2651 regimine
1738 2569 1774 2634 et

217 2679 345 2768 iratus,
382 2679 547 2752 confinxit
572 2699 612 2752 se
639 2680 772 2771 aliquot
808 2686 951 2752 centena
988 2701 1184 2752 marcarum
1220 2679 1263 2752 de
1289 2681 1443 2772 propriis
1479 2683 1514 2752 in
1546 2684 1773 2758 necessitates

217 2800 534 2873 sanctimonialium
548 2801 765 2891 expendisse,
792 2807 828 2872 et
842 2801 886 2872 ob
905 2800 941 2871 id
959 2801 1102 2891 propria
1119 2801 1286 2891 potentia,
1307 2806 1383 2892 'qua
1395 2807 1478 2872 tunc
1491 2803 1659 2893 pollebat,
1686 2805 1773 2878 duas

218 2920 322 2992 villas
344 2923 545 2994 monasterii
564 2923 681 3012 bonae,
696 2900 870 2996 xvidelicet
896 2913 1109 3012 Miluukp
1137 2927 1173 2993 et
1199 2922 1487 3014 Wyelmosza
1513 2924 1689 3014 violenter
1712 2927 1775 2997 ab·

159 3097 163 3103 .
218 3044 358 3140 strauit,
384 3024 419 3116 et
445 3045 511 3115 sibi
539 3044 788 3134 appropriavit,
817 3063 905 3132 quae
932 3049 968 3114 et
995 3065 1016 3115 a
1043 3044 1115 3114 suis
1142 3044 1327 3134 nepotibus
1354 3044 1481 3114 iniuste
1510 3044 1709 3117 detinentur
1736 3049 1770 3119 iu

216 3165 309 3236 banc
335 3163 442 3254 diem,
479 3177 542 3255 pro
571 3165 695 3256 quibus
730 3165 897 3236 moniales
931 3170 1115 3236 tratreumt
1141 3171 1178 3235 et
1204 3143 1423 3256 praesentem
1450 3170 1486 3235 et
1514 3165 1620 3236 lilium
1647 3173 1684 3237 et
1710 3189 1771 3240 ue·
1859 3143 1868 3166 ⁴

219 3289 321 3374 potes
348 3285 384 3355 in
410 3285 464 3356 ius
492 3291 671 3386 terrestre=
1818 3361 1823 3368 .

236 3461 238 3466 .
326 3404 637 3512 Szoarnszauur,
666 3406 748 3500 villa
774 3406 838 3476 sub
857 3406 1023 3496 parocbia
1049 3405 1217 3478 ecclesiae
1244 3405 1287 3478 de
1314 3405 1534 3498 Mninoga
1560 3409 1646 3498 sita,
1674 3429 1776 3500 quam

219 3525 469 3599 Boleslaus
496 3525 698 3599 Pudicus
726 3527 795 3598 dux
823 3531 859 3598 et
876 3528 1065 3598 monarcha
1083 3529 1183 3632 regni
1209 3525 1376 3600 Poloniae
1402 3530 1615 3599 monasterio
1642 3533 1772 3602 saucti-

218 3637 419 3720 monialium
448 3647 567 3720 Sancti
595 3647 756 3721 Andreae
783 3655 952 3740 perpetuo
980 3648 1134 3720 donarit.
1161 3649 1200 3719 ln
1226 3669 1294 3739 qua
1321 3655 1402 3719 sunt
1429 3649 1546 3719 decem
1574 3651 1666 3721 lanei
1685 3672 1775 3722 cme-

218 3769 400 3858 thonales,
437 3775 472 3840 et
500 3751 647 3860 quilibet
682 3771 786 3841 solvit
813 3769 856 3841 de
882 3769 983 3840 laneo
1011 3789 1074 3859 pro
1088 3789 1208 3839 ,censu
1235 3790 1340 3840 uuum
1367 3768 1557 3858 fertonem,
1595 3772 1678 3841 item
1707 3793 1774 3843 ora
1832 3847 1834 3851 ,

219 3889 375 3980 triginta,
400 3890 513 3979 gallos
540 3891 647 3979 duos;
675 3911 794 3961 caseos
822 3911 889 3961 non
918 3889 1012 3960 dant.
1038 3888 1125 3960 item
1144 3889 1312 3959 tabernae
1338 3911 1407 3959 non
1435 3895 1525 3974 sunt,
1553 3911 1664 3980 neque
1691 3892 1773 3962 bor-

220 4010 385 4116 tulaniae.
412 4011 498 4082 Item
527 4012 707 4102 praedium
735 4031 803 4082 nou
831 4017 893 4102 est,
921 4009 981 4081 sed
1009 4017 1063 4081 es't
1090 4009 1260 4099 scoltetia,
1286 4010 1419 4080 habens
1447 4010 1533 4082 duos
1560 4011 1688 4100 laneos,
1715 4013 1775 4083 de-

222 4117 342 4203 cimat
366 4132 530 4203 ecclesiae
558 4135 593 4204 in
621 4132 849 4222 Mninoga.
890 4131 976 4203 item
1011 4131 1211 4202 cmethones
1238 4137 1275 4201 et
1302 4129 1434 4225 incolae
1470 4131 1597 4221 singuli
1634 4133 1775 4204 solvunt

221 4253 387 4325 decimam
426 4253 676 4344 manipularem
712 4254 877 4324 ecclesiae
913 4252 1102 4344 parochiali
1135 4253 1171 4322 in
1199 4251 1437 4342 Mninoga,
1473 4259 1509 4323 et
1535 4273 1599 4343 per
1626 4260 1776 4345 quatuor

221 4375 360 4462 ierngas
387 4375 596 4465 canapalem,
624 4381 660 4446 et
685 4379 849 4446 tenentur
875 4394 949 4445 eam
978 4373 1104 4445 ducere
1132 4373 1168 4444 in
1186 4374 1349 4445 borreum
1363 4394 1390 4444 a
1407 4373 1555 4463 plebano
1582 4373 1775 4464 locandum,

222 4501 258 4565 et
283 4495 385 4570 ,valor
410 4497 485 4566 eius
512 4495 715 4567 aestimatur
741 4495 784 4568 ad
813 4501 945 4586 septem
974 4515 1116 4566 marcas.
1143 4494 1231 4566 Item
1249 4494 1409 4589 laborant
1436 4491 1594 4589 imrzyny
1611 4516 1675 4584 pro
1694 4515 1776 4566 vere

222 4617 259 4686 et
285 4616 418 4706 hyeme.
446 4616 531 4687 Item
560 4639 697 4712 oaszyep
726 4617 865 4688 solvunt
892 4616 979 4689 duas
1007 4636 1187 4688 mensuras
1214 4615 1362 4705 siliginis
1379 4621 1416 4686 et
1432 4621 1507 4686 tres
1525 4635 1655 4686 avenae
1681 4637 1777 4686 meu-

222 4757 326 4808 snrae
353 4734 602 4808 Gracovieneis.
630 4736 789 4809 Continet
816 4758 892 4808 cum
920 4737 1012 4808 villis
1047 4735 1284 4826 Mninoga,
1310 4735 1607 4828 Wyelmosaa.

328 4857 596 4948 Szrnrnbrow,
624 4859 776 4930 alienata
794 4914 802 4930 .
821 4913 829 4929 .
848 4913 868 4956 ·,
875 4913 990 4929 .....

327 4979 544 5070 Basanon,
560 4978 642 5050 villa
670 4980 734 5050 sub
753 4980 919 5070 parocbia
945 4979 1110 5050 ecclesiae
1139 4978 1343 5068 collegiatae
1369 4977 1671 5049 Skarbimiriensis
1699 4980 1776 5066 sita,

223 5100 260 5172 et
284 5121 349 5191 per
374 5099 637 5172 Boleslaum
664 5100 881 5174 Pudicam
910 5100 1030 5172 ducem
1068 5100 1279 5170 monasterio
1307 5097 1424 5169 Sancti
1452 5098 1614 5169 Andreae
1641 5099 1776 5186 donata,

224 5223 322 5294 cuius
358 5222 551 5312 proprietas
579 5222 623 5293 ad
650 5221 864 5313 praedictum
901 5222 1148 5317 monasterium
1184 5219 1302 5291 Sancti
1335 5218 1497 5290 Andreae
1532 5219 1695 5309 pertinet.
1735 5219 1775 5288 lu

225 5364 292 5434 qua
319 5349 400 5414 sunt
426 5343 545 5414 decem
572 5343 661 5414 lanei
700 5342 951 5431 cmetbonales,
988 5349 1023 5411 et
1051 5341 1196 5431 quilibet
1222 5340 1266 5410 de
1292 5340 1392 5411 laneo
1424 5339 1528 5410 solvit
1554 5360 1657 5409 uuam
1684 5359 1776 5409 mar-

224 5485 306 5554 cam,
333 5465 522 5555 sexagiuta
544 5481 619 5554 ova,
646 5485 707 5534 sex
734 5463 854 5552 gallos,
881 5483 984 5534 unam
1011 5481 1208 5532 mensuram
1237 5460 1394 5550 siliginis,
1421 5459 1507 5530 duas
1535 5479 1667 5530 avenae
1694 5481 1776 5529 con-

222 5583 341 5676 fertas,
369 5590 519 5676 quatuor
545 5605 695 5674 grossos.
730 5585 826 5655 Item.
846 5588 919 5654 tres
946 5583 1020 5652 dies
1047 5583 1083 5652 in
1111 5586 1246 5652 aestate
1271 5579 1451 5668 laborant,
1479 5601 1589 5671 usque
1616 5580 1660 5651 ad
1687 5580 1775 5650 Bar-

224 5707 467 5797 tholomaeum,
494 5706 619 5778 abinde
646 5727 752 5776 unum
779 5705 871 5777 diem
897 5705 934 5774 in
961 5703 1166 5793 septimana,
1191 5721 1301 5793 usque
1328 5701 1374 5772 ad
1400 5707 1580 5773 aestatem.
1606 5703 1695 5773 Item
1720 5709 1777 5773 est
