4492 6592
442 2139 462 2178 ··
574 2107 596 2252 J
724 2107 1228 2244 tussmuuusm.

175 2369 362 2496 ’11111911
396 2371 582 2472 Sanctae
615 2391 807 2496 Brigidae
841 2393 894 2472 de
928 2393 1095 2492 Scotia,
1138 2394 1218 2472 cub
1250 2392 1396 2496 regula
1429 2391 1572 2474 Sancti
1605 2393 1750 2474 salva·

199 2533 319 2630 toria,
348 2513 634 2610 altna‘sanatt
668 2529 886 2647 Augustini
921 2530 1145 2632 militantia,
1187 2532 1312 2610 onina
1343 2531 1511 2610 unicum
1544 2533 1585 2610 io
1617 2547 1751 2634 regno
1848 2537 1856 2550 ‘
1953 2593 1960 2608 .

202 2669 402 2748 Potentes
436 2671 475 2748 in
503 2666 781 2748 Oracovienat
805 2669 1008 2767 dioecesi,
1043 2689 1184 2748 marea
1211 2670 1437 2748 contineas
1468 2675 1513 2748 ct
1543 2669 1751 2749 foeminas

491 2807 671 2886 habetur·
704 2791 753 2885 in'
776 2805 932 2910 oppido
967 2805 1112 2884 lublia
1146 2809 1461 2886 monasterinm.

303 3025 581 3098 Vladislaus
607 2985 842 3096 Secundus
878 3024 1043 3096 Poloniae
1070 3045 1152 3109 rex,
1187 3045 1315 3115 genere
1341 2993 1522 3114 etlingva
1547 3025 1752 3116 Litlrvanns,

201 3146 369 3235 religione
389 3152 433 3258 a
459 3145 527 3217 fide
554 3145 749 3235 neophitus,
776 3146 820 3216 ab
839 3145 1023 3216 idolatriae
1050 3146 1141 3216 enim
1160 3145 1272 3235 sorde,
1299 3151 1336 3216 et
1354 3167 1376 3216 a
1393 3144 1460 3217 diis
1486 3147 1651 3235 gentium,
1677 3152 1752 3217 tum

202 3267 348 3355 primum
378 3285 454 3336 cum
481 3265 675 3338 diademate
703 3266 871 3354 polonico,
897 3286 1026 3336 aunum
1053 3283 1161 3356 agens
1188 3287 1297 3356 prope
1323 3266 1643 3356 quinquagesimum
1670 3268 1755 3337 insi·

202 3387 402 3476 guiebatur,
439 3392 582 3458 renatus
617 3385 701 3474 tuit,
738 3392 774 3456 et
809 3387 939 3456 abolito
976 3388 1113 3458 nomine
1148 3387 1272 3475 gentili
1307 3393 1342 3460 et
1377 3388 1531 3458 barbaro
1563 3386 1586 3457 J
1596 3387 1754 3476 agello
1806 3430 1808 3437 ·
1845 3431 1860 3446 -

204 3508 291 3578 euim
319 3509 356 3582 in
384 3508 455 3578 ritu
481 3508 666 3579 barbarico
701 3508 912 3578 constitutus
939 3509 1148 3596 vocabatur,
1187 3529 1312 3579 nomen
1339 3508 1389 3578 illi
1417 3508 1625 3579 catholicum
1653 3507 1755 3579 Vla-

206 3627 406 3722 dialectis,
433 3628 523 3718 quod
552 3628 730 3718 proprium
757 3633 793 3700 et
819 3626 1090 3700 haereditarium
1118 3634 1172 3698 est
1189 3630 1330 3717 regibus
1356 3634 1393 3698 et
1419 3629 1634 3717 principibus
1652 3627 1756 3699 Polo·
1837 3630 1859 3720 j

195 3750 298 3838 niae,
325 3749 407 3820 dum
436 3749 530 3820 unda
555 3749 793 3838 baptismate,
820 3770 910 3819 anno
946 3743 1109 3820 videlicet
1135 3749 1273 3820 Domini
1307 3750 1402 3820 1386
1439 3748 1572 3818 decimu
1607 3749 1755 3838 septima

115 3891 122 3902 ·
204 3867 404 3960 Februarii,
431 3890 453 3940 a
480 3869 753 3941 Bodzantha
788 3869 1048 3959 archiepiscopo
1062 3867 1273 3940 =Gneznensi
1299 3869 1519 3957 ablueretur,
1554 3868 1621 3940 fnit
1647 3868 1754 3958 adap-

204 3994 332 4080 tatum3
369 4011 533 4080 processu
561 4011 644 4062 vero
671 3990 824 4080 dierum,
855 4003 937 4062 'cum
965 4011 1027 4060 rex
1054 3989 1130 4079 ipse
1157 4010 1282 4079 magno
1309 3989 1452 4079 pietatis
1478 3989 1613 4079 studio,
1639 3995 1754 4060 terras

205 4115 239 4180 et
264 4112 496 4204 principatus·
517 4131 598 4182 suos
625 4116 662 4182 et
688 4117 827 4200 gentem
855 4109 1115 4198 Lithvanicam,
1151 4130 1192 4180 ac
1219 4109 1480 4198 Samogitticam
1516 4109 1561 4180 ad
1588 4111 1663 4180 reri
1689 4109 1755 4180 Dei

206 4230 341 4322 cultum,
369 4232 413 4303 ab
440 4252 560 4302 errore
587 4233 818 4304 convertisset
843 4230 985 4321 gentili,
1020 4238 1057 4301 11
1083 4214 1288 4320 magistrum
1314 4235 1351 4301 et
1376 4230 1533 4302 ordinem
1560 4229 1759 4302 crucifero·

206 4369 278 4422 rum
306 4351 349 4424 de
377 4350 538 4442 Prassiu,
565 4358 688 4442 aperto
716 4357 846 4442 marte,
882 4359 919 4423 et
945 4352 1123 4442 arroganti
1151 4352 1333 4441 superbia,
1359 4351 1474 4422 missis
1500 4351 1635 4422 duabus
1663 4371 1755 4422 rom-

206 4469 300 4558 pheis
317 4472 385 4544 sibi
404 4493 467 4562 per
494 4472 714 4544 Aroldum
742 4463 969 4563 insolatium,
989 4493 1076 4562 quae
1094 4478 1130 4543 et
1148 4473 1314 4544 hactenns
1334 4473 1369 4542 in
1388 4473 1523 4542 aerario
1542 4473 1641 4561 regio
1669 4470 1755 4544 Gra·

208 4592 321 4662 coriae
347 4597 530 4682 tenentur,
566 4613 643 4664 cum
671 4613 712 4666 eo
740 4592 923 4683 confligere
959 4614 1082 4682 ausos,
1118 4614 1210 4664 enno
1236 4593 1376 4665 Domini
1407 4594 1506 4665 1310
1543 4593 1600 4664 die
1628 4593 1756 4664 Martis

203 4712 424 4800 quindecima.
445 4713 541 4800 Julii,
568 4709 692 4804 magna
718 4714 817 4786 clade
843 4714 1047 4803 domuisset3
1074 4715 1246 4786 intellexit
1271 4735 1333 4791 111
1360 4715 1445 4804 ipse,
1471 4714 1672 4786 doctoribus
1699 4735 1756 4786 ca-

209 4831 341 4904 tholicis
368 4842 405 4905 et
432 4836 607 4924 magistris
634 4832 669 4908 id
697 4835 748 4905 illi
776 4835 1055 4925 notificantibns,
1084 4835 1228 4906 Beatam
1256 4834 1434 4925 Brigidam
1471 4835 1515 4906 de
1543 4835 1659 4906 Scotia
1686 4836 1756 4906 ele·
1839 4855 1851 4862 ·

209 4957 302 5046 otum,
329 4957 365 5026 in
393 4953 473 5025 suis*
492 4956 763 5028 revelationibus
790 4956 826 5028 id
854 4957 982 5028 dudum
1010 4957 1053 5028 de
1072 4977 1113 5026 eo
1132 4958 1309 5045 cecinisse,
1336 4963 1373 5027 et
1399 4954 1588 5028 Cruciieris
1615 4957 1754 5046 quidem

210 5071 352 5164 cladem,
392 5076 459 5146 sibi
486 5095 569 5148 vero
596 5082 633 5152 et
659 5076 755 5166 genti
783 5097 866 5148 suae
893 5077 1076 5148 victoriam
1112 5077 1206 5148 fideli
1234 5077 1416 5165 vaticinio,
1451 5075 1544 5165 quod
1571 5075 1753 5164 impletum

213 5192 332 5284 siugrdi
356 5196 533 5286 uidemus,
562 5196 797 5270 denuntiasse.
841 5197 917 5270 Rex
944 5199 1060 5288 itaque
1089 5197 1267 5288 praefatus
1293 5197 1477 5285 Poloniae‚
1514 5216 1615 5286 quem
1644 5197 1754 5270 Beata

161 5383 168 5392 .
213 5309 351 5406 Brigida
377 5316 564 5402 haebraico
591 5319 729 5416 nomine
744 5317 857 5390 ,111111
885 5319 1045 5409 appellat,
1072 5318 1339 5398 clementissimo
1365 5317 1440 5388 Deo
1467 5321 1505 5387 et
1529 5337 1613 5388 snae
1644 5315 1755 5388 Matri
1885 5302 1888 5307 Δ

214 5430 253 5502 de
279 5435 403 5507 collata
438 5438 586 5508 victoria
620 5439 811 5528 gratiarum
847 5438 1047 5521 redditurus
1074 5440 1264 5526 actionem,
1300 5459 1383 5508 suae
1410 5457 1494 5508 1111
1520 5437 1755 5510 vaticinatrici

213 5549 337 5628 Beatae
364 5556 529 5648 Brigidae
555 5558 742 5648 honorem,
767 5561 804 5628 et
829 5558 1078 5648 gratitudinem
1106 5578 1335 5648 repensurus,
1370 5559 1574 5630 coenobium
1600 5560 1756 5631 virorum

215 5677 246 5740 et
270 5674 494 5750 foeminarum
529 5699 640 5768 norae
667 5685 703 5750 et
728 5680 879 5750 recentis
914 5678 1092 5768 religionis
1128 5670 1259 5750 Beatae
1294 5677 1486 5770 Brigittae,
1520 5682 1646 5752 11111
1681 5682 1756 5752 eina
1837 5767 1840 5772 Ι
