4492 6592
1735 756 1797 837 Ι91

245 965 407 1043 Weicz.
446 967 587 1044 Donate
621 970 832 1046 monasterio
855 971 922 1062 'per
948 969 1191 1046 Derslaum
1217 970 1263 1044 de
1289 969 1475 1046 anzko.
1497 968 1689 1062 palatinum
1714 966 1801 1053 San-

241 1091 500 1165 domirienseru.
1731 1167 1734 1171 .

351 1211 496 1304 Busan,
524 1195 608 1285 villa
634 1213 699 1286 sub
734 1213 900 1305 parochIa
927 1213 1092 1307 ecclesiae
1120 1212 1164 1284 de
1189 1212 1339 1282 Buskc
1366 1212 1453 1302 sita,
1479 1211 1577 1284 cuins
1604 1211 1802 1302 proprietas
1931 1227 1937 1236 ’

242 1331 288 1404 ad
315 1333 569 1406 monasterinm
597 1331 771 1422 Bimaense
798 1334 960 1425 pertinet
986 1334 1028 1404 In
1055 1355 1125 1424 qua
1149 1338 1233 1407 suut
1248 1332 1430 1406 duodecim
1447 1332 1541 1404 lanei
1557 1333 1801 1422 emethcnaleS,

243 1457 281 1522 et
308 1452 458 1542 quilibet
485 1454 590 1526 solvit
615 1474 680 1546 pro
705 1473 811 1528 censu
839 1475 899 1527 seu
924 1474 1076 1544 gronam,
1101 1455 1186 1526 item
1213 1472 1280 1524 ova
1300 1452 1455 1543 tulginta,
1473 1452 1558 1526 item
1575 1452 1687 1542 gallos
1704 1453 1801 1545 duos,

241 1571 329 1656 ilem
356 1592 476 1646 caecos
501 1573 609 1664 duos3
635 1573 719 1648 item
745 1574 855 1664 labor,
881 1575 966 1648 item
984 1571 1143 1668 pomata
1170 1573 1256 1644 item
1280 1593 1421 1666 caepep5
1446 1572 1529 1643 item
1546 1573 1714 1646 tabernae
1731 1594 1801 1646 nou

241 1698 347 1783 suut,
373 1713 486 1784 neque
512 1695 713 1787 praedium,
739 1714 851 1786 neque
878 1693 1117 1784 hortulaniae,
1143 1712 1256 1784 neque
1281 1692 1525 1765 molendinum.
1564 1693 1655 1766 Item
1681 1713 1800 1766 omnes

241 1812 323 1902 agri
360 1813 464 1886 villae
500 1815 641 1888 solvunt
674 1821 711 1890 et
741 1815 938 1890 conducunt
964 1815 1134 1889 decimam
1158 1813 1409 1903 manipularem
1435 1835 1499 1904 pro
1525 1815 1738 1888 monasterio
1764 1815 1801 1886 in
1852 1861 1861 1878 ι
1933 1900 1937 1904 Α

242 1931 414 2025 Rusko,
441 1941 477 2008 et
504 1935 602 2012 valor
628 1937 702 2009 eim
728 1937 934 2010 aestimatur
961 1935 1006 2008 cd
1032 1935 1151 2010 decem
1177 1953 1333 2022 marcas3
1360 1933 1442 2006 item
1470 1933 1604 2006 decima
1628 1936 1803 2026 canapi...

90 2071 101 2160 Ἰ
243 2049 413 2126 &uiuat
447 2075 524 2128 cnm
547 2056 690 2130 eIsdem
726 2056 835 2146 viliis,
862 2077 940 2132 cum
965 2056 1093 2148 quibus
1119 2060 1157 2128 et
1181 2055 1347 2147 oppidum
1375 2054 1538 2130 Busko.
1577 2055 1716 2128 Donata
1741 2076 1805 2147 per

240 2172 434 2248 uestem
460 2175 505 2248 de
531 2175 688 2289 Buskc
715 2177 908 2268 palatinum
933 2175 1258 2252 Saudomiriensem.
1313 2194 1316 2198 ·
1726 2265 1729 2276 Ι

351 2295 543 2388 Nosszocr,
570 2298 654 2371 nilla
677 2299 744 2372 sub
770 2298 936 2389 parociis
961 2297 1129 2372 ecclesiae
1155 2297 1199 2370 de
1217 2295 1485 2390 Wasznyow
1510 2298 1590 2388 sita,
1608 2297 1706 2373 cuius
1723 2318 1804 2388 pro·
1860 2300 1864 2305 ’
1991 2294 1995 2300 ’

242 2414 383 2503 prdetas
410 2416 685 2492 adcoeuobium
711 2419 888 2493 Buszense
914 2421 1076 2511 pertinet,
1116 2419 1158 2492 In
1183 2439 1254 2512 qua
1280 2424 1363 2492 sunt
1388 2417 1568 2496 duodecim
1595 2418 1689 2490 lanei
1714 2439 1802 2496 cmc·

85 2522 88 2535 ’
239 2534 406 2610 donnica
431 2543 471 2608 et
495 2537 643 2635 quilibet
668 2539 773 2614 solvit
799 2559 863 2631 pro
891 2561 997 2616 ceusu
1023 2541 1287 2633 quatuordecim
1312 2544 1453 2630 scottos,
1476 2540 1559 2612 item
1575 2539 1687 2630 gallos
1705 2540 1803 2630 duos,

239 2655 324 2727 item
354 2677 424 2730 ova
449 2659 605 2750 triginta,
631 2661 714 2734 item
732 2681 854 2734 casam
871 2661 978 2753 duos3
1004 2663 1087 2736 item
1106 2662 1253 2753 quilibet
1270 2660 1314 2734 de
1331 2661 1442 2751 laneo,
1459 2660 1656 2751 iupriendo
1674 2682 1697 2733 a
1712 2660 1803 2732 testo

242 2774 275 2846 S.
302 2774 481 2886 Johaums
516 2780 700 2872 Baptistae
735 2780 781 2855 ed
816 2780 943 2856 esem
979 2782 1012 2856 S.
1038 2782 1240 2872 Mlchaelis,
1270 2781 1358 2854 dnos
1383 2780 1477 2872 dies,
1503 2780 1630 2854 abinde
1656 2801 1740 2860 veto
1766 2781 1802 2851 in

242 2896 389 2973 rerum
414 2905 516 2990 parte
542 2901 633 2992 anui,
659 2923 765 2976 nuum
791 2904 1029 2977 tautummodo
1056 2903 1149 2976 diem
1174 2903 1211 2974 in
1237 2902 1433 2992 septimana
1458 2901 1600 2997 proprio
1619 2921 1725 2973 curru
1742 2908 1804 2972 ant

242 3023 365 3092 eramo
401 3019 564 3096 laborare
599 3028 749 3096 terimur.
789 3023 877 3096 Item
912 3046 1047 3120 ossyep,
1073 3025 1159 3096 item
1178 3020 1372 3118 pometum
1411 3021 1501 3094 Item
1527 3027 1610 3094 snut
1635 3022 1686 3096 ibi
1712 3021 1803 3094 duae

86 3170 87 3175 Ν
240 3139 414 3212 tabernae
439 3141 608 3218 hebentes
634 3163 746 3235 agros,
774 3149 810 3216 et
836 3145 1012 3235 quaelihet
1038 3145 1144 3218 solvit
1169 3165 1236 3235 pro
1262 3162 1368 3214 ceusu
1394 3163 1498 3214 unam
1526 3163 1687 3214 marcam.
1714 3142 1801 3214 Item

242 3263 329 3332 tres.
354 3261 577 3337 hortulauiae
612 3265 781 3338 habentes
816 3285 937 3356 agros,
964 3285 1035 3338 aue
1061 3265 1166 3338 solvit
1191 3264 1310 3336 decem
1337 3269 1487 3353 scottos,
1514 3263 1603 3334 duae
1630 3283 1713 3336 vero
1739 3283 1803 3353 per

161 3455 163 3458 ,
242 3379 365 3452 doeem
390 3387 543 3472 groseas
569 3386 658 3460 Item
685 3391 741 3459 est
767 3386 816 3460 ibi
842 3386 1076 3458 molendinum
1103 3386 1178 3458 siue
1204 3386 1317 3476 agris,
1344 3386 1438 3477 quod
1466 3384 1571 3458 solvit
1595 3390 1670 3456 tres
1695 3383 1818 3475 ferto·¹
1890 3386 1894 3395 '

240 3519 311 3572 nes
348 3501 440 3574 item
466 3512 522 3580 est
556 3507 605 3578 ibi
638 3507 738 3580 cuma
772 3507 981 3581 coenobialis
1016 3513 1054 3580 et
1088 3507 1287 3598 praedium,
1322 3507 1367 3578 de
1401 3495 1500 3578 ouius
1535 3506 1631 3596 agris
1668 3526 1802 3596 prose

150 3685 154 3691 .
242 3627 493 3700 monasterinm
526 3627 621 3700 tollit
656 3626 831 3700 dealmam.
871 3628 959 3700 Item
994 3647 1114 3700 omnes
1149 3627 1227 3717 agri
1261 3626 1515 3716 cmethonales,
1541 3625 1740 3696 tabernales
1765 3631 1804 3698 et

242 3746 510 3820 bortmanoma
546 3748 687 3823 solvunt
722 3753 757 3820 et
791 3747 989 3822 conducunt
1015 3747 1185 3823 decimam
1211 3747 1479 3838 manipularem,
1506 3767 1570 3837 pro
1596 3745 1802 3838 episcopatu

244 3866 477 3959 cracoviensi,
505 3874 542 3940 et
566 3867 768 3960 mnapdem
794 3875 870 3958 per*
885 3873 1035 3959 quatuor
1061 3869 1209 3959 ierugas,
1236 3874 1274 3940 et
1299 3868 1397 3940 valor
1424 3867 1498 3938 eins
1525 3867 1732 3938 aestimatur
1757 3866 1803 3938 ad
1881 3845 1889 3858 ’
1924 3953 1929 3961 ,

245 3989 509 4078 quatuordecim
535 4009 679 4062 merces.
719 3987 881 4066 eundae
907 4009 985 4062 cum
1012 3989 1315 4080 Bclyescbiu,
1340 3987 1541 4078 Jagnyn,
1567 3987 1802 4078 Scheligy,

244 4106 538 4202 Prawaczyn,
564 4109 859 4200 Ghoczimow,
887 4108 1201 4199 Oszkonicze,
1226 4107 1530 4199 Swyauskow,
1556 4107 1802 4180 Pruszino·

245 4230 386 4302 wicze
420 4237 458 4304 et
484 4231 699 4324 Podclye.
732 4231 873 4304 Donata
899 4231 1113 4306 monasterio
1137 4251 1201 4322 per
1227 4230 1471 4307 Derslanm
1497 4228 1690 4320 palatinum
1716 4228 1802 4302 San·

244 4350 499 4428 domirieuaem.
579 4368 582 4380 ·

259 4472 283 4490 ”
349 4472 612 4566 mansura,
638 4475 722 4548 villa
747 4475 812 4548 snb
832 4475 1006 4564 parochia
1032 4473 1075 4546 de
1102 4453 1366 4564 Wasznyc'w
1391 4473 1470 4563 sita,
1489 4471 1587 4544 cuius
1604 4457 1802 4562 proprietas
1829 4517 1835 4525 -

246 4593 290 4666 ad
316 4596 567 4670 monasterinm
602 4596 785 4670 Buszko
822 4596 982 4686 pertinet.
1017 4595 1063 4666 In
1090 4616 1159 4686 qua
1180 4601 1263 4666 sunt
1289 4614 1351 4665 sex
1377 4593 1469 4666 lanei
1495 4594 1740 4685 cmethonales,
1767 4598 1802 4664 et

246 4715 393 4804 quilibet
426 4717 532 4790 solvit
565 4697 630 4807 pro
666 4735 771 4791 censu
806 4737 923 4788 aurnno
958 4716 1221 4807 quatuordecim
1256 4719 1406 4805 scottos,
1433 4717 1517 4788 item
1544 4735 1611 4787 ova
1645 4715 1800 4805 triginta,
1917 4699 1927 4720 '
1982 4677 1989 4685 ’

246 4836 335 4910 item
363 4837 476 4928 gallos
510 4836 617 4928 dnos,
651 4837 737 4910 item
774 4857 892 4908 caseos
920 4836 1016 4910 duos.
1055 4837 1145 4923 Item
1171 4836 1318 4936 quilibet
1343 4836 1387 4907 de
1413 4835 1532 4926 laneo,
1558 4835 1754 4925 incipiendo
1780 4856 1802 4905 a

246 4955 334 5030 testo
362 4958 482 5032 Sancti
508 4957 678 5030 iohannis
706 4958 751 5030 ad
777 4957 902 5030 testum
929 4957 1047 5030 Sancti
1071 4957 1257 5030 Michaelis
1283 4957 1371 5030 duos
1398 4958 1482 5047 dies,
1509 4956 1636 5028 abinde
1663 4976 1746 5027 vero
1764 4956 1801 5026 iu

246 5078 387 5153 residua
413 5085 513 5170 parte
539 5081 631 5170 anni,
659 5099 776 5150 unum·
791 5079 1028 5152 tantummodo
1056 5079 1147 5150 diem
1174 5079 1210 5150 in
1236 5079 1439 5169 septimana,
1457 5077 1599 5167 proprio
1617 5096 1722 5148 curru
1740 5081 1802 5148 aut

248 5207 368 5274 aratro
394 5201 556 5276 laborare
582 5207 733 5274 tenetur.
765 5201 852 5272 Item
880 5218 997 5295 oaeyep
1024 5201 1170 5291 quilibet
1196 5197 1367 5273 delaneo
1393 5197 1498 5272 solvit
1523 5218 1631 5270 unum
1657 5197 1800 5270 chorum

247 5321 374 5413 tritici,
399 5323 484 5395 item
506 5321 697 5420 peccabant.
731 5322 819 5394 Item
848 5343 916 5393 nou
943 5329 1025 5392 sunt
1060 5323 1246 5410 tabernae,
1280 5340 1392 5410 neque
1427 5317 1664 5408 hortulaniae,
1689 5335 1801 5408 neque

248 5443 439 5534 praedium,
465 5463 576 5536 neque
602 5441 846 5524 molendinum.
882 5443 970 5513 Item
997 5461 1115 5512 omnes
1142 5442 1219 5530 agri
1246 5440 1465 5532 cmetbounm
1492 5437 1632 5538 solvunt
1657 5443 1694 5509 et
1720 5458 1802 5508 con-

249 5561 377 5636 ducunt
410 5543 580 5637 decimani
617 5564 885 5653 manipularem,
921 5567 957 5632 et
989 5581 1051 5650 per
1085 5565 1236 5650 quatuor
1273 5560 1454 5658 iuncturas
1490 5558 1709 5648 canapalem,
1735 5579 1801 5648 pro
