4492 6592
386 747 406 772 '¹
535 767 610 842 ano
713 771 716 776 ’

534 997 676 1048 marcas
702 975 791 1047 item
819 973 998 1066 praedium
1025 973 1074 1046 ibi
1102 974 1300 1068 coenobiale
1329 979 1365 1046 et
1392 976 1496 1066 curia,
1523 974 1566 1045 de
1593 973 1690 1046 cuius
1718 975 1812 1065 agris
1836 972 1974 1046 solvunt
1991 973 2072 1046 deci·

533 1119 623 1169 mam
659 1097 907 1187 manipularem
945 1073 1110 1168 ecclesiae
1143 1097 1335 1186 parochiali
1371 1099 1406 1166 in
1442 1073 1742 1167 Luborzicza.
1781 1095 1869 1166 Item
1903 1119 1990 1191 pap,
2022 1099 2073 1187 qui

533 1219 662 1290 dicitur
696 1218 993 1308 Birkowsky,
1020 1218 1128 1287 tertia
1154 1238 1236 1306 pars
1271 1218 1425 1307 pertinet
1460 1216 1504 1287 ad
1539 1217 1654 1287 uillam
1682 1216 1884 1307 praefatam.
1926 1215 2073 1288 &abbat
2128 1291 2133 1300 ,

533 1359 610 1411 cum
637 1333 935 1428 L'uborzicza,
961 1337 1120 1430 Wolya
1146 1338 1506 1429 Luborziczska‚
1533 1338 1737 1430 Byrkow,
1757 1336 2073 1428 Karnyorqlio-

533 1461 755 1531 szmirow.

639 1580 910 1669 Pazuszwonu,
946 1579 1029 1650 villa
1064 1581 1129 1650 sub
1164 1581 1331 1671 parochia
1366 1580 1531 1651 ecclesiae
1567 1579 1610 1650 de
1635 1579 1982 1670 Kosczyerecz
2007 1580 2073 1666 sita

534 1702 632 1772 cuius
659 1702 855 1792 proprietas
882 1700 927 1771 ad
954 1701 1144 1771 monasteri
1169 1722 1202 1770 m
1239 1699 1375 1772 Calvi
1401 1701 1575 1773 Montis
1602 1699 1750 1771 Sanctae
1776 1699 1899 1772 Crucis
1925 1691 2074 1789 pertinet.

535 1823 576 1892 ln
604 1841 672 1913 qua
707 1829 788 1893 sunt
823 1842 945 1893 novem
983 1821 1084 1892 lanei·
1111 1822 1360 1913 emetbonaleS,
1388 1830 1425 1893 et
1453 1821 1598 1912 quilibet
1632 1821 1735 1893 solvit
1761 1843 1826 1911 pro
1853 1842 1958 1892 censu
1984 1841 2074 1891 unam

535 1963 610 2013 eum
638 1942 752 2014 media
778 1963 938 2032 marcam,
965 1963 1029 2032 pro
1056 1938 1224 2037 poroddce
1249 1947 1397 2033 quatuor
1422 1964 1581 2034 grossum,
1607 1944 1692 2013 item
1720 1946 1786 2013 ova
1812 1943 1976 2033 triginta,
2002 1942 2073 2011 itan

536 2063 646 2152 gallos
674 2064 778 2154 duan,
805 2065 888 2134 item
925 2084 1061 2152 caseos;
1097 2065 1180 2134 item
1218 2063 1364 2155 quilibet
1388 2064 1543 2154 laborat,
1569 2065 1666 2134 item·
1680 2069 1734 2134 est
1759 2063 1808 2134 ibi
1835 2084 1906 2134 una
1932 2063 2075 2149 taberna

536 2184 668 2255 babens
705 2204 827 2274 agree,
855 2190 890 2254 et
915 2184 1020 2256 solvit
1045 2205 1109 2274 pro
1137 2204 1243 2256 censu
1270 2205 1373 2255 unam
1402 2203 1478 2255 cum
1504 2185 1619 2257 media
1645 2205 1804 2255 marcam.
1842 2183 1932 2254 item
1959 2189 2011 2253 est
2034 2183 2075 2252 ibi

535 2305 734 2376 hortulanis
761 2325 829 2376 una
855 2305 986 2376 babens
1014 2325 1126 2395 agros,
1153 2311 1188 2376 et
1213 2305 1318 2376 solvit
1344 2305 1492 2376 mediam
1519 2327 1679 2377 marcam.
1718 2306 1805 2376 item
1832 2309 1888 2376 est
1915 2305 1964 2374 ibi
1981 2323 2074 2374 unum

535 2425 714 2519 praedium
743 2426 950 2516 coenobiale,
978 2427 1070 2516 quod
1098 2427 1185 2497 nulli
1212 2427 1316 2498 solvit
1342 2427 1509 2498 decimam
1537 2428 1806 2519 manipularem,
1832 2425 1894 2498 sed
1923 2445 1997 2496 eam
2021 2445 2075 2514 pro
2134 2482 2135 2509 ,

475 2582 477 2590 ι
535 2566 572 2618 sc
599 2545 700 2616 tollit.
741 2545 829 2616 Item
857 2567 975 2617 omnes
1002 2547 1078 2638 agri
1106 2547 1341 2618 cmctbonales
1369 2554 1405 2619 et
1430 2548 1597 2619 tabernae
1625 2548 1763 2619 solvunt
1790 2547 1958 2618 decimam
1985 2565 2074 2615 cana-

535 2666 649 2756 palem
676 2672 712 2736 et
739 2667 943 2756 conducunt,
972 2688 1035 2756 pro
1063 2667 1307 2738 archidiacono
1335 2666 1566 2758 cracoviensi
1593 2676 1630 2739 et
1657 2669 1756 2740 valor
1781 2669 1854 2738 eius
1883 2669 2074 2737 aestimatur
2134 2668 2135 2689 ¹

447 2767 450 2772 ¹
538 2786 582 2857 ad
609 2786 756 2857 sedecim
784 2807 928 2858 marcas.
957 2779 2072 2881 ConfinatcumKoszczyelyecz,Swiradzicze,Pye

535 2907 659 2999 kary,
686 2905 851 3000 Gorka,
878 2907 1274 3001 Sthognyewicze,
1301 2909 1541 2983 Poszmow.
1831 2960 1838 2969 -

639 3029 785 3100 Wocrn
821 3029 1074 3120 Bosrowsun,
1103 3031 1186 3101 villa
1220 3031 1284 3101 sub
1319 3019 1485 3122 parocbia
1520 3031 1563 3102 de
1590 3031 1716 3103 Nova
1741 3031 1851 3121 Slup
1877 3030 1964 3119 sita,
1990 3028 2073 3098 cuius

537 3150 732 3240 proprietas
768 3150 811 3220 ad
848 3152 1095 3221 monasterium
1132 3150 1279 3222 Sanctae
1314 3150 1434 3223 Crucis
1469 3155 1630 3243 pertinet
1667 3153 1706 3223 In
1735 3174 1808 3242 qua·
1829 3157 1912 3221 sunt
1937 3157 2072 3240 quatuor
2134 3220 2135 3235 ,

536 3269 645 3359 lanei,
672 3271 726 3340 vel
755 3271 870 3360 potius
898 3272 973 3360 agri
1001 3271 1253 3362 cmethonales,
1280 3293 1322 3344 ex
1349 3274 1473 3364 quibus
1500 3275 1633 3364 primus
1660 3273 1765 3346 solvit
1792 3273 1910 3343 decem
1937 3289 2072 3361 grossos,

538 3389 605 3460 duo
633 3389 737 3460 medii
764 3410 827 3492 per
861 3411 965 3462 unum
994 3390 1179 3483 fertonem,
1208 3399 1352 3483 quartus
1380 3414 1440 3464 sex
1467 3414 1629 3484 grossos3
1664 3395 1748 3465 item
1776 3393 1923 3484 quilibet
1949 3391 2071 3461 laborat

537 3511 572 3579 in
601 3511 793 3601 septimana
819 3532 924 3583 unum
952 3513 1053 3603 diem,
1080 3514 1223 3604 proprio
1242 3533 1345 3585 curru
1364 3519 1425 3585 aut
1443 3521 1581 3604 aratro;
1606 3515 1690 3586 item
1708 3512 1888 3610 powcdoni
1905 3493 2071 3600 utramque

537 3631 717 3720 laborant,
745 3631 945 3704 seminando
982 3632 1024 3704 de
1052 3619 1194 3724 proprio
1222 3655 1325 3705 unum
1354 3636 1495 3706 chorum
1524 3635 1672 3726 siliginis
1699 3641 1735 3706 et
1762 3634 1849 3705 duca
1876 3653 2021 3721 avenae,
2043 3636 2070 3699 et

327 3735 333 3757 ’
468 3827 473 3838 ,
536 3753 705 3823 seminata
731 3754 892 3825 metendo
918 3759 954 3826 et
980 3754 1203 3826 conducendo
1230 3776 1339 3846 usque
1365 3757 1401 3826 in
1429 3757 1601 3827 borreum.
1640 3757 1728 3826 item
1757 3755 1956 3826 cmetbones
1981 3751 2069 3827 uillae

537 3873 676 3945 solvunt
702 3879 738 3943 et
764 3875 959 3947 conducunt
995 3876 1162 3948 decimam
1198 3877 1448 3968 manipularem
1476 3881 1512 3948 et
1539 3877 1757 3968 canapalem,
1783 3897 1848 3966 pro
1875 3873 2069 3946 monasterio

538 3993 685 4066 Sanctae
713 3993 843 4086 Crucis,
870 4003 907 4068 et
933 3998 1031 4071 valor
1058 3999 1133 4068 eius
1160 4000 1365 4069 aestimatur
1392 3998 1436 4069 ad
1463 4019 1565 4069 unam
1593 4019 1752 4070 marcam.
1792 3997 1879 4068 Item
1907 3994 2068 4086 praediun

537 4137 604 4186 non
632 4122 695 4206 est,
722 4117 803 4188 item
831 4119 997 4190 tabernae
1025 4139 1093 4189 non
1121 4126 1209 4209 sunt,
1236 4121 1318 4191 item
1340 4120 1566 4191 'hortulaniae
1593 4141 1661 4191 non
1680 4124 1780 4208 sunt3
1805 4119 1890 4188 item
1910 4137 1983 4204 ova,
1998 4116 2068 4185 item
2134 4146 2135 4173 κ

536 4237 655 4327 gallos,
683 4238 764 4308 item
792 4257 919 4311 caseos.
947 4239 1106 4310 Ooniinet
1133 4261 1208 4311 cum
1235 4241 1447 4332 Lompno,
1474 4238 1709 4331 Grabkow,
1735 4238 1961 4327 Bostbow,
1986 4235 2068 4308 Sua
2134 4282 2135 4349 ,

424 4426 429 4430 .
538 4359 759 4431 sznowka.

549 4521 552 4527 ,
642 4479 1088 4572 Banczarow1czn,viila
1123 4482 1188 4554 sub
1224 4483 1388 4572 parocbia
1423 4484 1587 4555 ecclesiae
1623 4483 1665 4554 de
1692 4482 1851 4554 Solecz
1880 4479 2019 4571 oppido,
2041 4477 2068 4546 in
2134 4520 2135 4607 p

539 4600 661 4690 insula
689 4621 790 4690 quam
817 4601 1034 4674 Vistuius
1061 4603 1182 4675 divisis
1210 4604 1311 4675 undis
1339 4604 1468 4695 effecit,
1497 4606 1572 4674 sita.
1599 4605 1639 4675 In
1666 4625 1735 4695 qua
1752 4610 1834 4675 sunt
1852 4622 1975 4674 novem
1992 4597 2066 4670 lanei
2133 4612 2135 4735 p

511 4721 779 4811 emethonaleS,
806 4728 843 4793 et
869 4723 1015 4813 quilibet
1042 4724 1146 4796 solvit
1172 4744 1235 4815 pro
1264 4744 1368 4796 censu
1396 4731 1473 4795 octo
1500 4745 1662 4814 grossos„
1678 4726 1760 4796 item
1789 4745 1856 4795 ova
1876 4720 2067 4814 quindecim,
2134 4746 2135 4811 p

538 4841 618 4911 item
648 4861 766 4913 caseos
794 4864 862 4913 non
890 4844 1045 4933 solvunt3
1072 4845 1155 4916 item
1182 4866 1376 4936 perunum
1403 4845 1550 4936 gallum3
1576 4847 1660 4916 item
1687 4847 1849 4917 laborant
1875 4846 1913 4915 in
1933 4841 2067 4935 qualibet

537 4961 754 5034 hebdomada
780 4963 941 5053 pedester
968 4965 1121 5057 quilibet,
1150 4974 1186 5037 et
1211 4967 1247 5036 in
1275 4966 1469 5057 quindecim
1497 4967 1618 5038 diebus
1646 4987 1749 5038 curru
1771 4950 1834 5037 aut
1852 4974 1986 5054 aratr03
2002 4964 2066 5033 iten
2134 4986 2135 5065 ξ

539 5085 687 5156 taberna
722 5105 791 5156 una
827 5085 958 5158 babens
994 5107 1096 5176 agros
1130 5091 1165 5157 et
1189 5093 1310 5177 prata,
1338 5093 1374 5158 et
1401 5088 1505 5159 solvit
1530 5088 1678 5159 mediam
1705 5107 1855 5158 marcam
1883 5109 1949 5178 pro
1976 5104 2068 5169 censu,
2134 5086 2135 5175 l

538 5205 620 5276 item
648 5206 866 5278 hortulaniae
892 5229 960 5279 non
987 5213 1077 5278 sunt.
1104 5207 1192 5279 Item
1218 5207 1379 5280 iocentur
1414 5209 1463 5279 ibi
1489 5230 1614 5300 greges
1650 5229 1836 5300 equorum,
1862 5229 2021 5300 pecorum
2042 5209 2068 5274 et

538 5325 726 5416 pecudum
753 5347 881 5418 pascua
916 5329 1007 5399 enim
1044 5329 1114 5398 illic
1147 5321 1321 5400 habentur
1346 5328 1524 5401 foecunda.
1564 5329 1651 5399 ltem
1678 5350 1816 5424 ocazyep
1843 5350 1912 5400 non
1941 5329 2067 5414 solvunt

539 5447 621 5516 item
648 5446 827 5543 peccabam
854 5471 921 5520 non
949 5449 1118 5529 laborant.
1146 5449 1232 5520 Item
1251 5440 1307 5521 eat
1324 5450 1372 5522 ibi
1391 5449 1570 5541 praedium
1589 5449 1797 5550 coenobiale,
1816 5449 1858 5521 de
1878 5451 1975 5522 cuius
1992 5447 2066 5538 agris

539 5567 625 5636 nulli
652 5569 800 5640 solvitur
826 5569 977 5660 decima,
1005 5569 1065 5641 sed
1092 5591 1167 5641 eam
1182 5571 1442 5647 ,monasterium
1469 5591 1532 5662 pro
1560 5591 1597 5641 se
1624 5569 1725 5642 tollit.
1751 5569 1840 5642 Item
1866 5570 1971 5660 lacus,
1996 5584 2064 5658 quos

415 5712 419 5718 ·
541 5681 674 5756 Visla
700 5687 821 5779 effecit,
849 5690 908 5780 qui
936 5686 1149 5763 arendantur
1175 5677 1447 5781 annis'singulis
1474 5712 1538 5781 pro
1565 5696 1661 5762 certa
1687 5692 1855 5782 pecuniae
1883 5689 2064 5782 quantitate.
