4492 6592
1771 767 1793 842 3

239 958 414 1039 Getcze
441 963 529 1040 alias
557 960 792 1041 Gedeonis
818 967 971 1060 episcopi
990 968 1236 1064 Cracoricnsis,
1263 973 1509 1047 monasterium
1528 977 1794 1052 resurrectionis

237 1086 359 1160 Sancti
387 1087 569 1180 Sepulchri
594 1089 777 1181 Dominici,
803 1091 1047 1166 canonicorum
1073 1093 1296 1186 regularium,
1322 1117 1413 1167 anno
1440 1097 1637 1170 nativitatis
1654 1099 1796 1172 Domini

250 1210 393 1282 libb...
412 1210 546 1302 fundat,
563 1213 663 1302 eique
681 1213 717 1282 in
736 1212 852 1284 dotem
870 1218 943 1284 tres
961 1214 1061 1285 villas
1079 1217 1281 1305 patrimonii
1298 1219 1361 1308 sui,
1379 1219 1541 1291 videlicet
1558 1220 1799 1312 Myechorr,

240 1351 317 1402 cum
345 1333 494 1405 ecclesia
519 1333 712 1424 parochiali
739 1334 776 1404 in
802 1353 843 1404 ea
870 1335 1099 1426 consistente,
1126 1342 1164 1408 et
1189 1339 1418 1427 proventibus
1444 1340 1489 1412 ad
1515 1361 1592 1412 eam
1619 1343 1797 1432 pertinen-

115 1533 121 1548 ,
241 1454 357 1544 tibus,
393 1455 478 1526 item
514 1453 797 1545 Zagorzicze
832 1461 870 1527 et
903 1453 1137 1528 Gomorow
1171 1464 1340 1549 perpetua
1384 1460 1570 1532 donatione
1605 1464 1798 1554 consignat,

240 1574 385 1646 tradem
413 1575 513 1648 ribos
540 1575 717 1665 prostatus
744 1579 781 1646 et
806 1576 986 1648 ecclesiam
1023 1577 1059 1648 in
1085 1577 1127 1648 M
1134 1579 1321 1671 yechow
1354 1579 1457 1652 fratri
1483 1581 1657 1673 Martino,
1695 1605 1797 1674 quem

242 1715 286 1766 ex
312 1697 525 1770 monasterio
548 1696 1064 1787 HyerosolimitanuPuloniam
1092 1719 1209 1770 secum
1236 1701 1438 1791 adduxerat,
1465 1709 1503 1774 et
1529 1724 1631 1793 quem
1658 1702 1798 1776 Gede-
1860 1690 1863 1697 “

242 1838 295 1888 on
324 1819 509 1908 episcopus
536 1816 777 1890 Gracoviensis
812 1821 1024 1891 monasterio
1050 1817 1213 1910 fundato,
1248 1823 1398 1912 primum
1433 1825 1671 1914 praepositum
1697 1827 1798 1897 insti·
1859 1908 1863 1914 ¹

94 1973 104 2022 -,
243 1945 372 2028 tuerat,
399 1940 458 2029 qui
477 1940 581 2012 etiam
600 1937 660 2010 Ge
672 1939 789 2012 deon
816 1941 999 2030 episcopus
1017 1941 1166 2031 amplius
1183 1943 1434 2014 incrementum
1451 1943 1564 2016 eidem
1586 1948 1798 2017 monasterio

242 2058 505 2151 Myechoviensi
531 2081 642 2134 novae
669 2059 882 2134 fundationis
909 2062 1126 2153 adiecturus,
1161 2062 1205 2135 de
1231 2083 1350 2136 mensa
1376 2067 1597 2155 episcopatus
1633 2068 1688 2138 sui
1714 2066 1799 2140 Ora-

243 2181 431 2272 corieusis,
468 2182 652 2273 capitulari
687 2179 859 2254 consensu
894 2183 1077 2255 accedente
1089 2237 1105 2273 ,.
1130 2191 1285 2274 quatuor
1311 2185 1461 2257 decimas
1487 2187 1736 2277 manipulares,
1764 2189 1800 2258 in

246 2307 397 2392 quatuor
424 2303 536 2393 villis,
572 2304 742 2376 videlicet:
777 2304 814 2374 in
840 2301 1092 2395 Myechow,
1130 2304 1729 2397 zagorziczc,.00m0rouo
1758 2312 1803 2379 'et

245 2422 455 2496 Goczcha
480 2433 535 2498 est
561 2425 718 2516 largitus.
745 2425 996 2498 Boleslans
1022 2426 1166 2516 insuper
1190 2428 1352 2519 princeps
1378 2434 1415 2498 et
1431 2429 1800 2501 monarchaPoloniae

245 2545 408 2634 pinguem
435 2551 472 2618 et
497 2546 692 2650 munificam
728 2547 805 2618 loco
831 2551 868 2618 et
894 2547 1053 2618 omnibus
1090 2547 1185 2619 villis
1215 2554 1254 2620 et
1278 2549 1554 2621 haereditatibus
1589 2551 1801 2621 monasterio

246 2665 381 2758 collatis
409 2672 445 2737 et
472 2665 721 2756 conferendis„
743 2666 786 2738 ab
814 2667 977 2740 omnibus
1001 2668 1154 2757 tributis,
1181 2667 1299 2759 daciis,
1328 2669 1481 2760 augariis
1508 2675 1545 2740 et
1570 2645 1801 2761 erpeditioni-

246 2787 312 2858 bus
339 2793 377 2858 et
403 2787 615 2878 quibuslibet
641 2788 832 2878 oneribus,¹
859 2788 1020 2861 censibus
1047 2794 1083 2860 et
1109 2789 1340 2862 solutionibus
1366 2791 1572 2880 ordinariis,
1599 2791 1737 2882 plenam
1763 2796 1802 2862 et

247 2906 478 2980 omnimodam
505 2914 674 3000 perpetuo
702 2909 904 2980 duraturam
928 2909 1075 2982 contulit
1100 2907 1308 2982 libertatem
1334 2910 1409 2982 Nec
1434 2930 1504 2982 una
1530 2913 1716 2983 donatione
1742 2912 1802 2983 de-

247 3027 415 3100 cimarum
443 3025 630 3100 checn
666 3030 848 3119 episcopus
875 3027 1115 3102 cracoviensis
1143 3036 1344 3121 contentus,
1372 3031 1565 3103 secundam
1591 3033 1740 3122 adiecit,
1766 3039 1803 3103 et

247 3148 283 3221 iu
302 3149 395 3222 villis
414 3149 575 3241 quinque,
604 3149 773 3222 videlicet:
800 3149 1120 3240 Skarzcszow,
1146 3151 1209 3222 nbi
1226 3171 1318 3222 nunc
1340 3152 1507 3242 oppidum
1527 3154 1692 3243 cernitur,
1718 3154 1803 3224 item

248 3271 284 3342 in
335 3269 653 3360 Modralancz,
701 3269 987 3361 Wirzbicza,
1033 3269 1462 3363 Szdmyechowicze
1505 3278 1544 3342 et
1586 3271 1804 3363 Krampa,

248 3391 402 3464 decimas
428 3391 661 3483 manipulares
687 3411 827 3464 mensae
845 3411 929 3464 suae
946 3393 1154 3484 episcopalis
1179 3393 1224 3464 de
1250 3413 1421 3464 consensu
1438 3393 1624 3483 capitulari
1651 3394 1804 3483 donavit3
1910 3457 1913 3460 a
2030 3429 2033 3434 -

249 3513 367 3586 vericr
388 3511 554 3585 fundator
571 3518 608 3584 et
624 3513 766 3585 dotatur
784 3513 986 3584 monasterii
1004 3512 1295 3604 Myechoviensis,
1322 3534 1425 3604 quam
1451 3513 1475 3584 J
1483 3514 1616 3603 ahsa,
1641 3515 1804 3604 quoniam

249 3634 383 3704 maiora
409 3633 522 3706 eidem
549 3633 741 3706 dinoscitur
767 3633 972 3736 contulisse,
992 3633 1195 3705 censendus.
1221 3632 1454 3705 Gontnleruut
1480 3640 1516 3704 et
1536 3613 1601 3704 'alii
1628 3653 1803 3724 proceres,

251 3753 404 3844 comites,
430 3755 579 3826 barones
606 3759 642 3824 et
667 3753 801 3826 nobiles
828 3752 993 3826 Poloniae
1020 3753 1134 3826 eidem
1159 3754 1371 3826 monasterio
1398 3752 1659 3844 Myechoviensi
1684 3753 1803 3844 plures

251 3875 362 3964 villas,
388 3875 635 3966 haereditates,
663 3895 796 3965 census,
824 3881 1033 3965 proventum
1060 3895 1148 3965 quos
1175 3895 1294 3946 omnes
1312 3876 1349 3945 in
1367 3875 1440 3945 suis
1467 3875 1553 3946 locis
1579 3895 1623 3946 ne
1641 3875 1804 3964 repetitio

250 3995 447 4085 legentibus
472 3995 650 4069 fastidium
677 3997 815 4085 ingerat
841 3996 1092 4085 annotabimus,
1119 3995 1367 4085 sempiternam
1388 3996 1590 4065 memoriam
1608 3996 1805 4067 nominibus

251 4137 380 4208 eorum,
407 4119 620 4208 propietate
646 4117 783 4188 liberah
810 4137 873 4206 per
890 4116 1088 4207 praesentia
1115 4115 1255 4206 scripu,
1281 4121 1322 4186 ut
1348 4115 1478 4187 caeteri
1504 4133 1625 4186 eorum
1651 4115 1804 4186 animen-

251 4243 309 4310 tur
336 4237 506 4328 exomplo,
533 4237 658 4310 daturi.
685 4237 753 4310 Sed
780 4243 817 4308 ct
841 4237 998 4328 germani
1023 4235 1152 4310 fratres
1178 4235 1409 4326 Boleslai,
1440 4235 1604 4307 videlicet
1629 4234 1806 4326 Myecr-

253 4359 381 4430 slaus
418 4365 455 4430 ct
487 4359 784 4449 Kazimiru's,
810 4359 871 4449 qui
896 4359 1007 4431 eidem
1044 4358 1081 4430 in
1107 4357 1307 4450 principatu
1341 4363 1379 4429 et
1412 4357 1615 4428 monarchia
1647 4355 1806 4428 Polonici

253 4481 352 4571 regni
379 4487 629 4570 successerunt,
656 4480 859 4552 confirmata
875 4479 995 4552 fratris
1021 4479 1231 4551 Boleslai
1257 4479 1431 4568 libertate,
1458 4498 1540 4550 snas
1556 4484 1594 4549 et
1610 4478 1681 4569 ipsi
1698 4477 1805 4550 liber·

252 4606 344 4674 tates
370 4602 582 4691 monasterio
609 4601 817 4673 adiecerunt.
845 4600 894 4673 Ut
920 4607 1036 4674 autem
1064 4600 1206 4672 donatio
1228 4600 1439 4672 monasterio
1464 4597 1624 4690 praelato
1641 4597 1807 4689 Myecbo·

254 4723 365 4794 riensi
391 4741 454 4812 per
482 4743 568 4812 quos
595 4722 785 4812 episcopos,
811 4722 1004 4812 principes,
1040 4739 1221 4812 proceres,
1246 4721 1397 4794 barones
1423 4727 1461 4792 et
1486 4721 1616 4794 milites
1641 4719 1806 4791 Poloniae
1871 4799 1880 4817 ἱ

254 4841 345 4914 facta
371 4843 427 4933 sit,
455 4843 560 4915 etiam
577 4843 670 4933 apud
696 4849 856 4933 posteros
873 4843 1076 4934 innouscat,
1104 4841 1315 4934 singillatim
1342 4842 1507 4915 universa
1532 4843 1570 4914 in
1595 4841 1807 4932 subsequen-

255 4964 349 5036 tibus
376 4963 593 5036 subiciemus.

358 5083 613 5158 Monosterium
638 5085 907 5177 Myeoboviense
942 5084 1041 5156 iuxta
1068 5085 1234 5176 oppidum
1264 5083 1512 5180 Myechow,
1531 5083 1636 5161 situm
1662 5087 1734 5170 est,
1771 5079 1809 5150 ct

256 5205 342 5278 adeo
369 5205 497 5296 oppido
524 5207 732 5296 contiguum,
759 5211 799 5276 nt
825 5225 868 5277 ex
886 5207 978 5278 circo
1004 5206 1049 5277 ad
1076 5205 1322 5279 coemeterium
1349 5211 1386 5276 et
1412 5203 1537 5276 deinde
1563 5203 1609 5275 ad
1633 5207 1808 5273 monaste·

255 5327 345 5400 rium
373 5327 421 5400 sit
447 5327 667 5400 immediatus
694 5327 881 5422 ingressum
908 5347 1027 5398 omnes
1052 5325 1126 5398 fere
1145 5331 1264 5416 partes
1291 5324 1491 5397 monasterii
1517 5343 1560 5394 er
1582 5343 1683 5395 muro
1708 5322 1809 5397 nobi·

119 5540 128 5558 .
256 5448 337 5520 liter
363 5447 554 5522 fabricatae
581 5453 672 5538 sunt,
700 5455 736 5519 et
762 5446 919 5520 officinae
938 5447 1096 5520 coenobii
1123 5449 1211 5518 satis
1237 5447 1401 5518 decenter
1430 5444 1629 5533 dispositae.
1656 5443 1809 5535 Praepo

256 5571 343 5642 situs
371 5577 487 5642 autem
514 5577 550 5641 et
576 5567 704 5641 fratres
718 5561 933 5640 'monasterii
960 5574 997 5638 et
1023 5568 1129 5640 horas
1163 5567 1305 5657 explent
1340 5565 1524 5638 canonicas
1558 5573 1632 5639 tam
1665 5567 1809 5638 diurnas

257 5712 361 5780 qnam
386 5695 575 5762 nocturnas
602 5711 727 5762 sonore
744 5697 782 5762 et
799 5691 836 5762 in
854 5697 968 5779 cantu,
994 5695 1031 5760 et
1055 5709 1175 5762 curam
1192 5688 1376 5760 universae
1402 5687 1588 5778 parochiae
1606 5689 1809 5776 mimarum,
