4492 6592
441 759 486 833 76

543 970 730 1062 annsn0,
757 968 1023 1060 monasterium,
1051 968 1086 1042 in
1105 965 1181 1042 loco
1209 968 1371 1042 uberiet
1355 976 1553 1063 tamoeno,
1581 993 1682 1064 quern
1708 969 1844 1044 Visla
1868 969 1995 1046 fluvius

439 1093 537 1164 iuxta
574 1093 726 1164 defluens
754 1092 1040 1183 placidioremet
1068 1094 1304 1164 amoeniorem
1328 1093 1462 1184 reddit,
1489 1095 1537 1166 sit
1538 1117 1612 1184 orn,
1649 1095 1746 1167 cuius
1774 1096 1927 1166 ecclesia
1949 1116 1993 1166 ex

437 1216 546 1286 latore
574 1222 671 1286 cocto
691 1214 860 1287 fabricata
880 1221 953 1304 est,
981 1213 1136 1286 officinas
1162 1220 1278 1286 umen
1298 1217 1499 1287 monasterii
1527 1217 1634 1288 habet
1652 1217 1802 1306 ligneas,
1835 1217 1996 1306 quamuis

398 1419 404 1427 .
436 1343 578 1426 possent
600 1338 704 1407 etiam
733 1336 902 1408 exlatere
931 1336 984 1407 vel
1004 1337 1104 1426 petra
1130 1337 1282 1406 murales
1309 1339 1457 1426 murari,
1484 1338 1631 1409 ecclesia
1648 1344 1764 1410 autem
1790 1323 1996 1409 monasterii

436 1513 603 1528 .......
644 1457 729 1528 Item
767 1458 873 1527 habet
909 1459 1168 1528 monasteriium
1206 1459 1303 1528 iuxta
1338 1479 1375 1529 se
1412 1459 1591 1548 praedium
1628 1459 1816 1548 optimum,
1851 1455 1992 1530 intres

435 1602 573 1670 campos
601 1579 758 1667 divisum,
786 1579 828 1648 de
847 1579 944 1648 cuius
972 1581 1065 1668 agris
1093 1579 1179 1650 nulli
1206 1579 1311 1650 solvit
1337 1579 1503 1650 decimam
1530 1581 1797 1670 manipularem,
1825 1581 1993 1651 sedeam
2083 1647 2086 1652 ,
2165 1576 2168 1589 “

435 1725 498 1792 pro
526 1724 563 1772 se
591 1701 701 1789 tollit,
729 1706 765 1770 et
792 1701 827 1769 in
856 1701 1019 1770 horreum
1047 1721 1162 1815 suurn⁴
1174 1701 1316 1771 inducit.
1360 1781 1363 1784 Α

539 1824 727 1911 Banasam
756 1822 919 1910 oppidum
939 1821 983 1890 ad
1001 1821 1131 1892 fluenta
1157 1821 1321 1892 Vislae
1349 1822 1468 1911 situm,
1494 1823 1627 1893 habens
1645 1823 1737 1894 inse
1755 1823 1991 1913 parochialem

435 1945 614 2016 ecclesiam
642 1945 801 2032 ligneam,
830 1943 926 2012 cuius
955 1943 1153 2032 proprietas
1187 1948 1224 2014 et
1249 1944 1389 2032 plenum
1416 1930 1603 2015 dominium
1632 1944 1786 2033 pertinet
1811 1944 1857 2014 ad
1883 1945 1993 2016 abba-

434 2073 503 2136 tem
532 2073 568 2136 et
586 2065 832 2136 monasterium
851 2063 1071 2164 Ilrzeszense.
1106 2064 1146 2132 In
1166 2085 1235 2160 qna
1252 2070 1334 2135 sunt
1360 2065 1591 2154 quadraginta
1616 2065 1707 2136 lanei
1726 2065 1990 2157 oppidanorum,

434 2193 470 2258 ot
489 2188 632 2276 quilibet
652 2187 755 2258 solvit
773 2207 836 2275 pro
856 2205 960 2255 ceusu
980 2186 1209 2275 monasterio,
1237 2207 1341 2275 agros
1368 2186 1672 2259 enimstrictiores
1689 2187 1835 2274 habent,
1862 2207 1989 2258 norem

435 2315 573 2398 scottae,
601 2310 684 2378 item
702 2307 849 2396 triginta
876 2328 953 2396 ova,
983 2307 1065 2376 item
1084 2305 1172 2377 duos
1198 2307 1323 2397 gallos,
1351 2308 1434 2378 item
1462 2307 1549 2378 duos
1575 2328 1715 2396 caseos;
1740 2308 1823 2378 item
1850 2307 1990 2378 labores

435 2430 568 2519 aliquos
596 2451 664 2498 non
683 2428 823 2516 iaciunt,
852 2428 931 2498 item
948 2425 1131 2521 poroadom
1157 2449 1226 2497 non
1245 2427 1416 2517 laborant,
1443 2429 1527 2498 item
1545 2449 1672 2523 ossyep.
1711 2428 1800 2500 Item
1819 2428 1989 2500 decimam

432 2551 603 2640 bagrano
631 2571 749 2620 omnes
785 2549 875 2618 lanei
905 2549 1045 2620 solvunt
1072 2555 1107 2618 et
1134 2548 1332 2620 conducunt
1366 2570 1430 2638 pro
1458 2551 1669 2621 monasterio
1704 2551 1740 2620 in
1767 2550 1989 2637 Brzeslco,
2038 2551 2042 2557 ’

433 2678 468 2742 et
494 2673 640 2762 quilibet
668 2671 710 2742 de
737 2671 836 2740 laneo
865 2671 969 2740 solvit
997 2675 1145 2760 quatuor
1171 2671 1293 2760 tritici,
1320 2677 1470 2760 quatuor
1496 2671 1643 2760 siliginis
1671 2676 1708 2741 et
1733 2676 1882 2761 quatuor
1907 2691 1990 2742 ave-

431 2815 496 2864 nae
524 2813 703 2864 mensuras
739 2791 910 2881 aequales,
951 2791 1037 2860 Item
1065 2791 1213 2864 ecclesia
1248 2792 1283 2862 in
1303 2792 1539 2862 Brzeszko
1574 2791 1683 2863 babet
1718 2813 1823 2864 unum
1850 2792 1988 2862 laneum

434 2917 544 2984 nrinus
572 2922 697 3009 quarta
732 2935 795 3002 pro
810 2912 966 3010 ¹praedio
995 2933 1074 3000 suo,
1113 2913 1218 2984 solvit
1244 2919 1360 2993 tamen
1389 2913 1432 2984 de
1459 2934 1501 2984 eo
1528 2913 1696 2984 decimam
1722 2914 1926 3003 granariam
1952 2915 1988 2984 in

429 3033 635 3130 qonrlbuum
663 3041 739 3104 conl
758 3034 836 3104 aliis
856 3032 1051 3122 oppidanis,
1079 3055 1143 3122 pro
1161 3036 1380 3104 monasterio.
1420 3035 1507 3104 Item
1526 3039 1580 3106 est
1597 3015 1856 3124 ibi-advocatia,
1883 3055 1986 3124 quam
2068 3048 2075 3055 ·

326 3176 330 3181 ·
433 3165 524 3225 n'unc
559 3160 657 3224 tonet
693 3153 847 3241 Rapbael
885 3152 1146 3244 Ititbcrsky
1181 3154 1224 3223 de
1252 3154 1353 3224 domo
1381 3154 1714 3244 Bippennium,
1752 3175 1841 3246 quae
1877 3156 1985 3226 babet

290 3365 295 3372 .
386 3299 394 3316 ‘
433 3277 584 3364 quinque
611 3273 729 3344 laneos
757 3274 902 3362 liberoS,
930 3273 1117 3364 dequibus
1146 3275 1250 3345 solvit
1277 3275 1444 3346 decimam
1472 3276 1722 3365 manipularem
1749 3297 1813 3366 pro
1840 3276 1988 3346 ecclesia

432 3397 466 3464 in
496 3395 739 3465 Brzeszko.
792 3393 880 3464 Item
918 3394 1150 3464 molendinum
1185 3396 1221 3464 in
1256 3395 1395 3466 flumine
1432 3396 1613 3486 Vislae,
1651 3397 1745 3487 qnod
1779 3397 1885 3468 solvit
1921 3417 1987 3486 pro

432 3516 641 3586 monasterio
668 3521 845 3585 metretas
885 3515 973 3585 Item
1001 3516 1095 3586 aliud
1114 3514 1347 3586 molendinum
1366 3518 1471 3586 etiarn
1499 3518 1535 3588 ln
1553 3517 1692 3588 flumine
1720 3517 1854 3588 Visla
1880 3518 1988 3588 adro·

432 3638 519 3727 cati,
556 3637 647 3728 quod
676 3637 780 3708 solvit
817 3657 880 3726 pro
908 3635 1077 3708 advocato
1104 3639 1238 3707 brasea
1279 3635 1439 3708 Confinat
1466 3658 1543 3708 cum
1570 3639 1715 3728 antiqua
1741 3623 1987 3728 Brzeszlco,

429 3730 609 3849 Rudno,
638 3755 856 3848 Groblya.

535 3878 696 3968 Gouow,
732 3879 816 3950 villa
851 3879 914 3950 sub
946 3879 1111 3968 parochia
1147 3878 1424 3950 Scarbimiriensi
1459 3880 1547 3969 sita,
1582 3880 1679 3952 cuius
1715 3881 1914 3970 proprietas
1939 3880 1986 3950 ad

429 4007 567 4112 morrast
566 4003 674 4071 eriurn
703 4001 913 4071 Brzeszense
941 4002 1130 4090 pertinet..
1142 4001 1183 4070 Iu
1211 4022 1280 4092 qua
1307 4007 1389 4072 sunt
1414 4001 1533 4071 decem
1561 4007 1596 4070 et
1614 4007 1747 4091 septem
1774 4001 1865 4072 lanei
1893 4021 1986 4072 cmc·

429 4124 663 4212 thonales,t
628 4129 663 4193 et
682 4123 828 4214 quilibet
813 4122 959 4194 tsolvit
977 4122 1125 4192 mediam
1153 4143 1379 4212 sexagenum,
1406 4123 1490 4192 item
1508 4123 1655 4212 triginta
1681 4143 1767 4212 ora,
1794 4122 1878 4194 item
1896 4121 1985 4192 duos

427 4245 555 4334 gallos,
584 4246 666 4314 item
686 4245 771 4314 duos
790 4263 928 4332 caseos;
956 4244 1039 4314 item
1057 4243 1220 4313 laborant
1246 4240 1424 4336 increpem
1450 4244 1535 4313 item
1544 4241 1730 4336 praecedam
1757 4265 1826 4314 non
1843 4241 1986 4333 faciunt,

327 4423 332 4438 ι
429 4367 512 4434 itcrn
540 4386 686 4458 ossaycp.
725 4365 811 4434 Item
848 4364 936 4434 duae
972 4365 1137 4434 tabernae
1164 4364 1333 4434 habentes
1369 4383 1491 4452 agros,
1525 4385 1595 4434 una
1621 4365 1843 4454 monasterii,
1880 4364 1987 4466 solvit

424 4487 576 4556 nnediam
604 4487 748 4556 alteram
776 4505 937 4575 marcam,
964 4485 1077 4554 altera
1104 4485 1250 4574 scolteti,
1278 4504 1366 4574 quae
1393 4485 1497 4558 solvit
1516 4539 1631 4556 .....
1670 4485 1758 4556 Item
1785 4486 1875 4558 duae
1902 4486 1985 4558 hor·

429 4608 582 4678 tulaniae
610 4608 778 4678 babentes
806 4629 927 4697 agros,
964 4627 1051 4696 quae
1079 4607 1219 4679 solvont
1251 4607 1459 4678 monasterio
1486 4628 1591 4680 unum
1617 4605 1788 4678 fertonem
1815 4613 1983 4679 etenum

430 4730 520 4800 diem
556 4730 725 4800 laborant.
766 4729 853 4800 Item
888 4737 943 4800 ost
978 4728 1026 4800 ibi
1063 4714 1242 4818 praedium
1278 4729 1477 4800 coenobiale
1503 4729 1649 4819 bonum,
1686 4729 1728 4800 de
1755 4729 1853 4800 cuius
1887 4730 1985 4820 agris

429 4852 675 4922 monasterium
712 4871 776 4940 pro
804 4871 841 4920 se
870 4849 964 4920 tollit
997 4849 1174 4920 decimam.
1215 4849 1304 4920 Item
1331 4857 1385 4922 est
1415 4851 1464 4922 ibi
1492 4851 1655 4921 scoltetia
1674 4851 1807 4924 babens
1833 4857 1984 4941 quatuor

432 4974 551 5044 laneos
570 4973 708 5043 liberos.
749 4971 835 5042 Item
856 4972 898 5042 de
918 4971 1076 5042 omnibns
1095 4971 1190 5059 agris
1209 4977 1281 5040 tam
1300 4971 1583 5062 cmetlnoualibus,
1610 4993 1712 5065 quarn
1731 4973 1983 5054 scoltetialibus

428 5097 653 5166 tabernarum
689 5099 724 5163 et
760 5093 1052 5182 hortulaniarum,
1093 5091 1242 5164 solvitur
1276 5099 1314 5162 ot
1348 5092 1552 5164 conducitur
1587 5094 1722 5165 decima
1755 5093 1983 5183 manipularis

428 5223 464 5286 et
491 5217 665 5307 canapalis
702 5215 804 5287 villae
833 5213 1026 5304 praefatae,
1063 5235 1127 5303 pro
1153 5213 1370 5303 praebenda.
1388 5213 1625 5305 cracoviensi,
1660 5217 1761 5305 quae'
1785 5213 1984 5297 Gonowslra

298 5323 301 5330 ’
428 5339 640 5429 intitulatur,
668 5343 704 5408 et
722 5337 819 5408 valor
846 5337 921 5407 eius
947 5337 1152 5407 aestimatur
1178 5336 1222 5406 ad
1249 5336 1395 5425 triginta
1421 5353 1565 5410 marcas.

532 5461 737 5550 bIrsszow,
775 5461 857 5530 villa
884 5460 948 5532 sub
975 5460 1141 5548 parochia
1176 5458 1218 5529 de
1246 5458 1454 5548 Antiqua
1489 5459 1696 5530 Brzeslro
1726 5459 1805 5530 sita
1844 5459 1884 5529 ln
1912 5480 1982 5549 qua

405 5577 510 5662 ‘sunt
528 5584 766 5654 tantummodo
795 5590 944 5672 quatuor
971 5582 1062 5652 lanei
1087 5581 1331 5670 emethonaleS,
1358 5581 1441 5650 item
1460 5581 1549 5651 duae
1576 5580 1794 5652 hortulaniae
1813 5581 1981 5652 babentes

428 5723 549 5792 agros,
586 5725 730 5795 qnorum
767 5707 917 5773 omnium
945 5704 1141 5793 proprietas
1178 5704 1329 5792 pertinet
1355 5703 1400 5772 ad
1427 5702 1672 5772 monasterium
1700 5702 1736 5771 in
1763 5703 1980 5792 Brzeslro,
