4492 6592
1634 727 1907 885 '11'

223 975 321 1069 villa,
348 979 436 1051 item
464 955 697 1052 molendinum
725 1000 793 1054 non
821 985 882 1052 est.
922 979 1009 1052 Item
1036 1000 1154 1053 omnes
1186 981 1262 1072 agri
1289 981 1393 1055 villae
1419 981 1561 1055 solvunt
1587 990 1624 1055 ot
1650 984 1779 1056 oondu·

225 1106 306 1170 cunt
333 1098 505 1172 decimam
524 1101 774 1192 manipularem
802 1107 838 1172 ot
857 1101 1054 1191 canapalem
1074 1123 1138 1192 pro
1156 1102 1302 1174 ecclesia
1328 1109 1365 1176 et
1383 1103 1531 1194 plebano
1558 1105 1594 1175 in
1612 1103 1704 1176 Pob
1713 1125 1781 1196 ye·
1893 1198 1897 1205 ι

223 1219 355 1310 dnilr,
384 1227 424 1293 et
451 1221 549 1296 valor
576 1221 650 1292 eius
678 1221 882 1293 aestimatur
908 1221 953 1292 ad
981 1227 1130 1312 quatuor
1155 1243 1300 1295 marcas

323 1339 605 1432 Nrnsszuowo,
642 1343 725 1414 villa
759 1342 823 1413 snb
863 1342 1030 1432 parochia
1075 1342 1117 1413 de
1154 1342 1429 1434 Podgrodze
1464 1366 1572 1436 prope
1613 1345 1777 1442 oppidum

224 1459 379 1532 Novae
408 1461 616 1534 Saudecz
652 1463 739 1552 sita,
775 1461 873 1534 cuins
909 1463 1106 1553 proprietas
1143 1463 1187 1534 ad
1223 1465 1470 1536 monasterinm
1506 1464 1782 1556 Myacbouiense

223 1582 387 1676 pertinet.
434 1583 475 1654 In
511 1604 579 1674 qua
605 1589 687 1655 sunt
722 1587 854 1673 septem
881 1583 974 1654 lanei
1010 1583 1262 1676 amathonaleS,
1298 1591 1334 1656 et
1361 1586 1508 1676 quilibet
1544 1587 1650 1658 solvit
1675 1607 1779 1658 unam

224 1723 435 1793 sexagenum
461 1704 612 1775 latorum
648 1723 866 1793 grossorum,
903 1705 986 1775 item
1017 1725 1083 1776 ova
1108 1705 1272 1794 triginta,
1308 1706 1392 1776 item
1419 1705 1529 1796 gallos
1557 1707 1660 1798 dnos,
1696 1709 1781 1779 item

225 1843 342 1896 caseos
381 1823 487 1915 duos,
523 1825 607 1896 item
633 1825 750 1914 labor,
786 1825 869 1896 item
890 1823 1092 1920 potandam,
1129 1825 1212 1896 item
1240 1847 1377 1921 osazyep
1414 1828 1561 1899 solvunt
1597 1828 1685 1899 Item
1711 1849 1781 1900 nou

226 1932 304 2016 sunt
339 1945 382 2016 in
407 1936 491 2016 uilla
517 1945 675 2036 praefata
710 1945 846 2036 aliquae
877 1947 1062 2036 tabernae,
1098 1946 1182 2018 item
1218 1947 1436 2019 hortulaniae
1462 1969 1531 2020 non
1558 1957 1649 2020 sunt.
1693 1949 1781 2020 Item

225 2065 410 2156 praedium
438 2089 506 2138 nou
526 2073 581 2138 est
599 2067 737 2158 aliquod
765 2067 980 2157 coenobiale,
1008 2068 1092 2139 item
1110 2067 1344 2140 molendinum
1371 2091 1441 2142 nou
1459 2076 1522 2140 eat.
1548 2069 1636 2140 Item
1664 2090 1782 2142 omnes

225 2188 299 2276 agri
337 2187 443 2259 villae
470 2187 610 2260 solvunt
644 2195 680 2259 et
707 2188 904 2260 conducunt
938 2188 1105 2259 decimam
1132 2189 1383 2279 manipularem
1419 2194 1455 2262 et
1482 2190 1681 2280 canapalem
1718 2211 1782 2279 pro

155 2403 161 2408 Ι
229 2305 382 2376 secunda
418 2307 617 2397 praebenda
643 2305 887 2397 Sandeozensi,
924 2327 1012 2398 quae
1040 2318 1186 2379 vocatur
1212 2307 1490 2400 Nyeszkowslra,
1522 2314 1559 2379 et
1585 2309 1683 2380 valor
1709 2301 1783 2378 eins

228 2429 439 2499 aestimatur
466 2428 510 2501 ad
529 2428 723 2518 quindecim
750 2449 894 2500 marcas.
922 2429 1026 2526 ¹Item
1053 2429 1215 2501 veniente
1233 2431 1433 2519 praeposito
1451 2428 1712 2520 Myechoviensi
1738 2429 1784 2499 ad

228 2549 363 2640 uillam,
394 2555 705 2640 procuraturenm
729 2551 821 2620 omni
848 2550 1049 2621 comitantia
1076 2571 1140 2640 per
1167 2550 1366 2622 amathones
1393 2551 1552 2622 omnibus
1578 2549 1784 2621 necessariis

228 2671 339 2742 tribus
368 2671 502 2743 diebus.
542 2671 680 2742 Donata
705 2671 916 2742 monasterio
943 2691 1008 2761 per
1034 2669 1289 2743 Michoram
1315 2671 1471 2743 militem.

333 2789 401 2864 Sal
431 2791 468 2864 ln
499 2789 670 2864 Boobnia
698 2792 878 2884 primum
912 2791 1036 2864 habuit
1063 2789 1097 2862 in
1117 2791 1287 2882 principio
1313 2791 1526 2863 fundationis
1553 2811 1635 2863 suae
1663 2811 1783 2863 mona·

229 2913 374 2984 sterium
404 2911 671 3004 Myechoviense
698 2913 882 3004 specialem
909 2911 1061 3002 fundum,
1088 2933 1150 2984 seu
1168 2919 1319 3003 putenm,
1345 2914 1390 2984 ad
1408 2913 1658 3004 proprietatem
1685 2934 1782 2985 suam

230 3035 480 3124 pertinentem,
507 3029 635 3125 dequo
663 3035 816 3105 habebat
842 3033 967 3105 uberes
994 3033 1180 3123 introitns3
1207 3033 1269 3105 sod
1295 3034 1464 3106 alienatus
1491 3040 1545 3105 est
1571 3040 1783 3107 amonaste-

230 3156 281 3226 rio
309 3154 582 3246 Myechovie'nsi,
610 3175 673 3226 nec
700 3155 796 3226 illum
825 3154 972 3245 amplius
999 3154 1105 3226 habet
1131 3155 1378 3227 monasterinm
1405 3154 1682 3247 Myechoviense.
1713 3156 1783 3226 Do·
1919 3171 1928 3188 ⁸

232 3282 351 3349 natum
380 3295 444 3366 per
470 3275 726 3347 Michoram
754 3275 898 3346 militem
926 3269 1146 3346 monasterio.

333 3395 402 3469 Sal
435 3397 652 3469 coeundum
682 3395 718 3467 in
740 3393 1036 3488 Przauyocbam
1064 3395 1188 3467 habuit
1214 3401 1251 3466 et
1268 3396 1373 3466 alium
1390 3395 1533 3467 fundum
1553 3397 1626 3468 sive
1644 3401 1785 3488 puteum

232 3519 313 3590 salis
344 3518 594 3591 monasterium
621 3517 889 3608 Myechoviense
924 3517 959 3588 in
993 3517 1077 3588 villa
1105 3517 1178 3587 sive
1216 3516 1291 3588 loeo
1326 3515 1708 3608 Przyenyeeban,
1749 3518 1785 3586 iu

196 3691 200 3697 ·
235 3661 299 3730 quo
335 3646 421 3710 tuno
457 3660 545 3711 uena
576 3638 660 3710 salis
686 3637 902 3710 foecunditer
934 3637 1180 3728 proveniebat3
1215 3637 1276 3708 sed
1314 3657 1402 3709 vena
1437 3638 1520 3709 salis
1547 3637 1787 3727 dispereunta,
1909 3666 1914 3679 ·

233 3760 288 3830 ille
323 3761 432 3832 etiam
472 3759 629 3832 redditus
670 3759 752 3832 salis
792 3759 906 3850 periit.
960 3758 1137 3830 Donatum
1182 3759 1393 3830 monasterio
1433 3779 1496 3848 per
1527 3757 1785 3830 Michoram

235 3882 388 3952 militem.

337 3999 514 4075 Tertium
552 4001 607 4078 cal
638 4001 674 4072 in
710 3997 938 4094 Szydzyna:
990 3999 1113 4071 habuit
1147 4004 1185 4070 et
1212 3999 1353 4070 tertium
1380 4005 1524 4089 putenm
1551 4001 1634 4070 salis
1669 4019 1788 4069 mona-

236 4123 379 4193 sterium
415 4121 682 4213 Myechoviense
719 4122 755 4193 in
791 4119 875 4192 villa
901 4117 1125 4191 Szidzina
1150 4139 1259 4210 prope
1286 4117 1620 4210 Wyeliczka1n3
1646 4117 1708 4188 sed
1727 4117 1786 4188 ille

236 4263 370 4334 qnoque
398 4248 523 4334 puteus
551 4241 700 4313 siccatus
727 4247 763 4312 et
790 4241 1041 4313 exterminatus
1069 4245 1143 4329 est,
1176 4245 1212 4311 et
1239 4260 1260 4311 a
1286 4239 1498 4311 monasterio
1525 4239 1786 4331 Myechoviensi
1863 4315 1866 4322 ,

238 4363 416 4435 alienatus.
442 4364 617 4436 Donatum
644 4363 855 4435 monasterio
882 4383 946 4453 per
972 4362 1226 4433 Michoram
1252 4360 1407 4432 militem.

340 4483 616 4573 SununznuuA,
653 4481 800 4554 taberna
835 4481 964 4554 donata
999 4481 1213 4555 monasterio
1247 4499 1312 4572 per
1345 4478 1600 4552 Michoram
1635 4478 1791 4550 militem.

240 4603 400 4675 Alienata
427 4625 448 4676 a
473 4605 692 4676 monasterio.
740 4617 744 4625 '

341 4725 504 4815 Buwon,
531 4725 614 4796 villa
649 4724 714 4797 sub
749 4725 915 4816 parocbia
941 4723 984 4795 de
1011 4724 1043 4795 S.
1071 4723 1203 4795 Jacobo
1231 4722 1266 4794 in
1293 4710 1553 4793 Karimiria
1579 4721 1666 4810 sita,
1694 4719 1791 4789 anius

240 4847 434 4936 proprietas
462 4845 506 4916 ad
533 4845 779 4917 monasterium
815 4844 1083 4936 Myecborieuse
1110 4844 1273 4934 pertinet
1311 4841 1353 4912 Iu
1379 4862 1449 4932 qna
1475 4847 1558 4912 sunt
1582 4839 1675 4911 lanei
1702 4859 1792 4909 eme-

240 4965 415 5056 thouales,
442 4971 477 5037 et
496 4966 641 5056 quilibet
668 4965 772 5038 solvit
790 5021 797 5035 .
817 5021 824 5036 .
843 5021 865 5056 .,
885 4965 969 5037 item
988 4985 1064 5056 ova,
1090 4965 1174 5036 item
1192 4962 1313 5054 gallos,
1332 4963 1416 5033 item
1434 4982 1563 5051 casooS,
1581 4962 1665 5031 item
1682 4959 1791 5049 labor,

241 5085 320 5158 item
346 5083 535 5181 potandam,
562 5087 644 5158 item
672 5063 818 5182 oaaapep,
845 5089 928 5157 item
955 5089 1130 5176 tabernae,
1152 5085 1235 5156 item
1252 5083 1481 5171 hortulaniae,
1499 5081 1583 5152 item
1601 5078 1791 5170 praedium,

242 5205 321 5277 item
349 5207 591 5278 molendinum.
617 5207 705 5293 Item
733 5227 850 5279 omues
878 5207 954 5296 agri
981 5207 1084 5277 villae
1112 5206 1252 5277 solvunt
1269 5210 1306 5274 et
1324 5202 1519 5275 conducunt
1536 5199 1702 5271 decimam
1720 5219 1792 5268 ma·
1899 5261 1901 5273 .

238 5328 432 5417 nipularem
459 5333 495 5399 et
513 5328 712 5418 canapalem
728 5381 735 5398 .
750 5382 757 5398 .
772 5381 802 5398 ..
820 5327 958 5399 Donata
976 5327 1188 5398 monasterio
1215 5345 1278 5415 per
1297 5323 1472 5394 Andream
1491 5319 1636 5392 militem
1649 5319 1793 5390 fratrem

244 5445 406 5519 Matbaei.
447 5447 611 5520 Alianata
646 5469 667 5518 a
702 5449 922 5520 monasterio.

347 5567 402 5639 Ad
420 5569 524 5641 huius
543 5567 645 5640 villae
664 5570 911 5660 proprietatem
932 5566 1120 5657 capitulum
1140 5563 1370 5637 cracoviense
1387 5562 1664 5650 commutatione,
1682 5561 1794 5632 incer-

244 5694 315 5760 tum
333 5695 397 5780 est,
411 5689 466 5760 vel
483 5690 597 5779 pretio
616 5695 837 5780 perueneram
864 5709 965 5779 quam
984 5707 1060 5758 cnm
1080 5687 1181 5756 anuis
1198 5685 1356 5794 pluribus
1368 5684 1548 5773 tenuisset,
1568 5681 1794 5754 Casimirus
