4492 6592
1744 758 1795 826 99

236 957 364 1032 ibidem
392 959 432 1030 bt
458 959 734 1050 septimanam,
772 958 936 1036 victualia
962 958 1117 1048 poterint
1144 957 1356 1032 commodius
1383 959 1587 1048 procurari,
1626 965 1732 1050 atque
1759 963 1796 1032 in

173 1133 179 1138 -
235 1080 329 1152 dicto
357 1079 508 1156 Busensl
534 1079 748 1154 monasterio
773 1080 994 1172 antiquorum
1021 1099 1200 1153 murorum
1226 1078 1451 1156 fundamenta
1466 1066 1700 1156 ,mediocriter
1726 1082 1796 1154 ele·

234 1207 318 1276 rata
345 1201 550 1292 consistunt,
575 1221 620 1277 es
648 1221 716 1292 quo
742 1199 878 1275 laabim
896 1205 933 1274 ct
950 1201 1108 1291 impensa
1133 1201 1268 1290 nunt
1296 1202 1426 1296 poterit
1452 1201 1555 1274 dictis
1583 1203 1793 1276 monialibus

233 1321 270 1396 in
300 1322 378 1413 ipsc
405 1321 556 1400 anensi
582 1320 794 1398 monasterio
835 1319 997 1394 clausura
1022 1319 1235 1414 praeparari.
1280 1320 1486 1394 Praemissis
1513 1328 1549 1392 et
1575 1322 1655 1394 aliis
1681 1324 1794 1412 ipsum

232 1443 327 1516 inste
356 1443 585 1534 mouentibus
612 1462 689 1522 eam
717 1443 909 1521 attentione
934 1442 1044 1528 multa
1070 1442 1322 1532 consideratis,
1347 1441 1526 1532 praelatus
1552 1443 1711 1516 dominus
1739 1465 1794 1515 sa-

232 1583 314 1637 crae
333 1563 516 1654 religionis
528 1563 878 1654 praemonstratensis
897 1561 1030 1638 ordinis
1047 1562 1180 1637 zelator
1206 1562 1423 1656 praecipuus,
1452 1563 1552 1636 nobis
1575 1567 1650 1634 toto
1678 1564 1792 1636 cerdis

88 1775 89 1782 Ν
233 1682 364 1759 mecm
391 1704 454 1776 per
481 1703 562 1763 snas
589 1683 728 1763 litteras
763 1683 953 1776 supplicat,
979 1687 1029 1756 ut
1053 1703 1118 1774 pro
1147 1682 1327 1757 sedatione
1352 1683 1596 1756 scandalorum
1625 1691 1662 1754 et
1687 1685 1793 1756 bone·

231 1809 324 1878 state
361 1811 501 1881 nestrae
537 1805 718 1895 religionis
743 1805 779 1881 iu
807 1803 1016 1896 supradictis
1049 1787 1243 1878 ‘inclusione
1280 1794 1317 1876 et'
1352 1803 1583 1886 consistione
1619 1804 1793 1880 dictarum

231 1925 448 2017 monialium,
476 1926 521 2002 de
546 1925 682 2005 duobus
707 1925 929 2002 namstenis
956 1925 1191 2020 supradictis,¹
1205 1925 1249 1998 ad
1276 1926 1524 1998 monasterium
1548 1925 1703 2000 Busense
1721 1927 1794 2016 ple-

230 2065 314 2118 num
344 2045 605 2140 patientemque
631 2067 810 2125 assensum
841 2046 1020 2140 praebere,
1047 2047 1231 2137 omniaque
1249 2051 1285 2118 et
1303 2046 1451 2136 singula,
1478 2067 1568 2136 quae
1594 2046 1685 2117 iacta
1712 2045 1794 2120 suut

230 2187 295 2258 pro
325 2167 421 2248 dicta
447 2168 607 2251 clausurn
634 2174 671 2243 et
696 2168 771 2242 mus
798 2167 1040 2266 pertinentiis,
1067 2167 1111 2240 ad
1138 2167 1242 2240 tinem
1269 2167 1426 2240 debitum
1452 2167 1683 2256 deducendis,
1709 2169 1794 2239 rati·
1913 2185 1921 2191 ·

229 2287 349 2379 tcum,
376 2309 510 2368 mnan
538 2289 742 2380 approbare,
769 2295 874 2380 atque
901 2287 1106 2360 aubimare
1133 2289 1366 2379 dignaremur.
1393 2287 1525 2360 Verum
1553 2289 1636 2380 quia
1663 2287 1794 2360 dudum
1866 2297 1870 2302 ’
1944 2379 1948 2391 ¹

230 2429 293 2478 nos
324 2413 363 2480 et
389 2415 548 2484 nmirum
575 2410 781 2502 capitulum,
808 2413 848 2482 ut
874 2414 1024 2500 quatuor
1060 2409 1272 2482 monasteria
1298 2410 1333 2480 in
1360 2429 1466 2480 unum
1497 2415 1795 2500 congregarentur

87 2563 88 2568 Ν
229 2530 264 2602 in
292 2528 553 2622 Visliczia,
580 2532 645 2633 snb
672 2531 843 2620 clausura,
869 2529 1001 2604 scilicet
1028 2529 1192 2621 Busense,
1220 2530 1618 2620 Imbramouicze,
1644 2530 1794 2622 Krzy-

229 2635 508 2742 zanowycze
543 2656 579 2725 et
604 2651 640 2725 in
668 2651 1055 2744 Zwyaruynyecz,
1091 2652 1160 2724 snb
1183 2656 1382 2722 nostrarum
1408 2651 1605 2725 litterarum
1633 2652 1790 2724 testimo·

230 2771 289 2847 uie
326 2772 594 2864 praebuerimus
629 2793 828 2863 assensum,
868 2779 905 2846 et
935 2772 1184 2848 monasterium
1222 2773 1260 2846 in
1297 2771 1665 2864 Zwyerzynyecz
1705 2773 1792 2846 satis

229 2891 363 2984 pingue
390 2913 454 2984 pro
482 2892 642 2976 cinnama
668 2893 903 2969 construenda
936 2892 1011 2966 lore
1038 2892 1257 2984 dinoscatur,
1295 2893 1329 2964 in
1356 2892 1622 2984 Vislicziaq
1635 2914 1703 2976 ue
1722 2915 1791 2964 non

229 3012 275 3084 sit
302 3012 406 3084 locus
441 3033 613 3104 congrum
650 3013 693 3086 ad
721 3015 969 3094 monasterium
997 3014 1285 3105 construendum,
1320 3019 1465 3104 prepter
1500 3013 1593 3104 qued
1630 3014 1791 3086 dominus

228 3153 290 3206 rex
317 3141 554 3224 memoratus,
589 3135 633 3206 de
660 3135 857 3210 huiusmodi
894 3141 1015 3208 nestro
1042 3141 1079 3206 et
1105 3135 1218 3208 nostri
1255 3135 1398 3225 capituli
1432 3135 1606 3224 generalis
1642 3155 1790 3206 assensu

229 3253 415 3346 praedicte
442 3254 628 3346 confidens,
655 3255 880 3330 inclusionem
908 3263 945 3329 et
971 3256 1236 3330 translationem
1264 3260 1507 3346 praenotatas,
1543 3256 1653 3327 solum
1680 3256 1791 3326 Deum

230 3375 396 3448 babendo
424 3395 487 3468 pro
515 3376 633 3468 oculis,
660 3376 737 3450 lieri
764 3377 994 3450 demandavit.
1025 3377 1098 3450 Nos
1126 3379 1171 3450 in·
1189 3378 1255 3450 bac
1280 3384 1391 3468 parte,
1419 3383 1584 3467 qnantum
1613 3398 1687 3448 cum
1717 3377 1791 3450 Deo

231 3515 427 3588 possumus,
454 3497 539 3570 dicti
565 3497 703 3570 Domini
730 3499 825 3590 regis
851 3498 1163 3592 supplicationibus
1189 3497 1429 3572 favorabiliter
1454 3498 1620 3587 inclinati,
1648 3499 1790 3570 ordina-

232 3617 357 3708 vimus,
386 3624 423 3690 et
449 3637 512 3710 per
538 3624 742 3710 praesentes
768 3619 987 3710 ordinamus,
1014 3619 1105 3710 qued
1133 3639 1272 3692 sorores
1299 3619 1588 3691 monasteriorum
1616 3619 1792 3720 Boseusis,

86 3777 87 3782 =
231 3737 618 3830 imbramowycze
645 3747 681 3812 et
707 3739 1102 3831 Krzyzanowicze
1128 3741 1242 3812 nostri
1267 3740 1619 3830 praemonstratensis
1647 3739 1788 3829 ordinis,

232 3858 267 3930 iu
294 3861 513 3932 monasterio
544 3860 693 3936 Busensi
727 3879 803 3934 crum
839 3861 956 3952 rigare
992 3867 1189 3954 opportuno
1224 3861 1271 3930 ad
1297 3861 1476 3932 vitandum
1507 3860 1671 3930 scandala
1697 3860 1790 3932 clau·
1937 3943 1972 3959 ,ἰ
2059 3868 2065 3876 “

231 3977 371 4070 dantur,
398 4001 442 4054 ne
468 3987 595 4078 exeant
622 3983 695 4057 sire
722 3981 945 4074 egrediantur
979 3982 1108 4057 limites
1135 3981 1296 4072 claustri,
1330 3981 1398 4052 nisi
1425 3986 1530 4072 prout
1569 3981 1789 4054 dictaverunt

231 4101 344 4174 nostri
374 4100 507 4176 ordinis
533 4102 707 4193 instituta
733 4107 769 4176 et
796 4103 932 4178 adiecta
959 4102 1179 4179 ordinatione
1205 4107 1421 4192 praenotata,
1448 4121 1552 4190 saepe
1579 4107 1788 4173 memoratas

231 4219 460 4294 inclusionem
486 4229 523 4296 et
548 4223 815 4296 translationem
843 4223 951 4296 iactas
987 4244 1050 4316 per
1077 4224 1206 4297 dictum
1234 4222 1409 4296 dominnm
1430 4243 1574 4313 fregem,
1609 4227 1646 4294 et
1673 4224 1789 4294 omnia

232 4347 266 4412 et
291 4341 441 4433 singula
481 4349 805 4436 quaegestasnnt
832 4344 1109 4436 obcaecatam,
1149 4343 1312 4416 videlicet
1336 4343 1651 4434 incorporationem
1677 4346 1789 4434 partis

231 4461 414 4554 bonorum,
440 4465 696 4554 possessionum
724 4471 761 4538 et
787 4465 988 4538 divitiarum
1015 4465 1188 4543 dictorum
1220 4464 1367 4538 duomm
1393 4465 1682 4536 monasteriorum
1711 4465 1789 4536 Im-

232 4582 611 4692 brumowyczeet
637 4585 1052 4680 Krzyzaucwycze,
1085 4607 1151 4678 pro
1178 4587 1434 4659 sustentatione
1460 4585 1630 4658 dictarum
1658 4588 1789 4658 monia·
1848 4577 1852 4582 ’
1911 4664 1915 4670 ,

232 4703 314 4776 linm
352 4706 604 4781 translatarum
637 4708 675 4784 in
702 4709 950 4806 monasterium
981 4707 1157 4804 Busense,
1197 4728 1261 4800 pra
1296 4706 1431 4780 fabrica
1464 4712 1501 4778 et
1528 4709 1788 4780 constructione
1923 4705 1929 4712 ’

233 4825 317 4898 dicti
343 4828 548 4902 monasterii
575 4827 755 4918 Busensis;
801 4829 835 4900 in
863 4835 943 4900 actu
970 4835 1007 4902 et
1034 4827 1264 4902 effectualiter
1290 4829 1334 4900 de
1360 4829 1537 4920 praesenti
1574 4828 1687 4900 dictae
1714 4849 1787 4898 mo-

233 4946 343 5020 niales
378 4955 460 5022 suot
494 4949 704 5039 translatae,
740 4950 1054 5041 incorporationem
1091 4950 1231 5042 quidem
1256 4949 1437 5042 bonorum,
1464 4949 1720 5040 possessionum
1749 4955 1786 5020 et

85 5156 89 5167 Ι
233 5066 445 5145 decimarum
473 5071 674 5144 monasterii
700 5071 744 5142 de
770 5071 1173 5164 Imbramowycze,
1200 5072 1332 5144 scilieet
1359 5072 1530 5144 villarum:
1557 5071 1787 5160 Brzesne,

233 5187 475 5264 Dambewa
508 5191 684 5284 Lanka,
721 5191 1134 5286 Sczepanowycze,
1167 5213 1208 5264 ac
1236 5192 1446 5266 decimarum
1473 5191 1722 5262 frumentorum
1750 5167 1785 5262 in

234 5305 487 5403 Gyedlcza,
527 5313 562 5386 in
590 5312 826 5405 Tsczicza,
867 5315 903 5384 in
944 5313 1070 5386 Nera
1109 5313 1292 5406 Wyesz‚
1333 5313 1368 5384 in
1408 5312 1710 5384 Iwarrowicze
1751 5318 1787 5384 et

233 5428 601 5526 Przestanszlro,
626 5441 664 5506 et
691 5436 892 5508 monasterii
920 5433 1333 5525 Krzyzanewioze,
1369 5433 1532 5504 videlicet
1558 5437 1708 5522 quatuor
1734 5433 1787 5522 pi-

235 5557 406 5626 scatorum
434 5561 470 5624 et
496 5555 614 5626 allodii
641 5577 810 5646 sororum,
837 5576 969 5626 necnon
998 5555 1158 5651 villarum
1185 5554 1480 5645 Clyczanow,
1505 5551 1726 5626 Sarbkow
1752 5559 1789 5626 et

235 5669 464 5766 Gowalye,
491 5675 681 5768 laudamus,
708 5668 929 5765 ratificamus,
955 5675 1198 5768 approbamus,
1215 5681 1252 5746 et
1270 5676 1618 5750 austeritatenostra
1641 5681 1789 5766 patema
1876 5713 1880 5720 ι
1923 5687 1949 5754 ·,

1636 6120 1641 6127 ,
1699 6016 2013 6160 accuses
