4492 6592
1664 791 1738 863 298

174 989 558 1082 Smunyomycze,
607 990 936 1091 Zyelyenicze,
996 991 1309 1083 Radzimicre‚
1358 976 1740 1086 Lautbk‘ouicze,

173 1106 563 1204 Obraszouycze
976 1169 979 1176 .
1249 1136 1252 1145 ·

277 1229 594 1326 Puzsuraouaur
622 1233 769 1322 binuom
803 1235 884 1306 villa
903 1236 967 1306 snb
986 1235 1151 1325 parocbia
1168 1235 1334 1308 ecclesiae
1352 1236 1396 1308 ὼ
1423 1237 1738 1329 Zyelycnicze

170 1353 256 1440 site,
306 1353 413 1426 cuius
449 1355 645 1444 proprietas
685 1361 721 1426 et
759 1355 955 1430 dominium¹
986 1355 1028 1426 ad
1067 1358 1313 1430 monasterium
1352 1358 1665 1432 sanctimonialium
1700 1362 1736 1430 in
1773 1383 1779 1392 ·

171 1469 480 1566 Stbanyatlry
497 1551 501 1558 ,
518 1477 678 1564 pertinet.
728 1476 767 1546 ln
805 1497 872 1571 qua
908 1497 975 1548 uon
994 1483 1094 1548 *sunt
1130 1478 1249 1567 aliqui-
1273 1478 1364 1548 lanei
1391 1479 1639 1568 emetbonaleu,
1676 1480 1737 1552 sed
1783 1525 1786 1529 >

172 1599 253 1664 sunt
281 1594 391 1666 multi
420 1597 495 1686 agri
515 1595 727 1686 praedialas,
755 1602 790 1666 et
808 1603 862 1666 est
880 1597 929 1668 ibi
948 1597 1131 1686 praedium
1155 1599 1322 1687 optimum
1349 1619 1425 1670 cum
1453 1601 1582 1689 pratis,
1610 1601 1647 1671 in
1663 1607 1738 1672 trus

174 1733 316 1804 campos
347 1715 567 1805 distinctum,
596 1717 735 1807 quodsi
754 1718 841 1790 bene
861 1716 1121 1806 submiserit,
1150 1739 1294 1808 magnos
1320 1720 1579 1809 potestatione
1595 1721 1738 1809 lruomu

175 1833 267 1926 quod
286 1835 464 1908 decimam
492 1839 740 1930 manipularem
769 1839 852 1912 nulli
873 1839 989 1929 solvit,
1016 1839 1077 1912 sed
1096 1861 1173 1911 eam
1191 1861 1254 1929 pro
1272 1862 1310 1911 se
1328 1840 1439 1929 tollit,
1467 1849 1504 1912 et
1522 1843 1556 1912 in
1575 1843 1739 1914 borreum

174 1976 273 2028 suum
304 1957 451 2031 inducit
492 1957 577 2034 Item
605 1961 641 2030 in
660 1959 779 2032 mam
808 1959 889 2030 villu
916 1965 997 2032 sunt
1015 1966 1148 2050 septam
1175 1960 1406 2043 hortulanus,
1433 1963 1601 2034 babentes
1628 1963 1738 2034 bonon

176 2096 297 2168 agros,
326 2085 367 2149 et
387 2079 532 2170 quilibet
551 2081 754 2154 hartmanus
783 2101 845 2172 pro
865 2102 978 2155 annuo
998 2101 1102 2152 eensu
1121 2081 1226 2152 solvit
1243 2083 1453 2153 monasterio
1481 2089 1560 2154 octo
1586 2103 1737 2172 grossos

174 2203 208 2270 el
226 2217 335 2272 unum
357 2199 451 2286 diem
479 2202 513 2272 in
533 2203 728 2292 septimana
746 2203 882 2280 laborat
900 2199 1092 2292 pedester„
1108 2204 1169 2292 qui
1185 2203 1351 2308 decimam
1371 2204 1511 2276 solvunt
1536 2224 1601 2293 pro
1618 2223 1737 2276 mona·

178 2320 284 2392 sterio
308 2323 634 2410 sanctimonialium
661 2322 1021 2413 in.Sthanyutblr
1031 2343 1062 2413 y,
1098 2323 1195 2394 emus
1224 2324 1321 2394 valor
1346 2325 1552 2396 aestimatur
1579 2325 1624 2396 ad
1650 2325 1736 2397 duas
1833 2421 1837 2426 ¹
1985 2330 2047 2343 ’“

179 2497 319 2514 ......
362 2443 451 2516 item
488 2467 556 2527 pon
583 2451 638 2516 est
665 2445 714 2522 in,
728 2444 847 2519 eadem
875 2444 960 2515 villa
988 2444 1220 2516 molendinum
1249 2444 1399 2535 aliquod
1439 2445 1526 2534 Item
1554 2447 1589 2516 in
1617 2447 1737 2518 eadem

178 2560 258 2634 uilla
285 2565 439 2638 taberna
465 2573 519 2638 est
546 2587 614 2646 una
640 2565 772 2657 babens
800 2585 922 2655 agros,
949 2571 985 2638 et
1002 2565 1112 2662 ,solvit
1138 2585 1203 2665 pro
1220 2586 1335 2637 annuo
1359 2587 1467 2637 ceusu
1493 2573 1567 2638 ties
1595 2587 1738 2655 marcus

105 2734 108 2742 ·
180 2682 352 2776 deunam
378 2687 483 2760 soluit
509 2688 546 2758 in
561 2683 770 2782 ponitdwonq
795 2707 858 2776 pro
878 2687 1052 2758 canonicis
1080 2683 1382 2780 Omcoriensibus,
1410 2686 1453 2758 ad
1476 2687 1593 2759 uillam
1620 2687 1738 2759 Prae·
1780 2731 1784 2736 -

179 2825 376 2899 maczuny
405 2807 611 2880 Maiorem.
652 2809 738 2880 Item
773 2809 815 2879 de
843 2809 936 2898 agris
973 2807 1247 2880 hortulaniarum
1283 2807 1449 2878 decimam
1485 2810 1736 2898 manipularem

179 2925 316 2998 solvunt
345 2928 525 3002 hortulani
552 2949 615 3020 pro
635 2929 844 3000 monasterio
872 2930 907 3000 in
933 2927 1306 3020 Stbanyantblry.
1345 2929 1432 3000 item
1461 2930 1497 3000 in
1511 2929 1635 3000 eadem
1653 2927 1736 3001 uilla

181 3053 231 3118 est
256 3049 398 3138 piscina
414 3051 506 3122 bona
532 3057 568 3122 et
586 3047 810 3123 salamanca
832 3051 923 3122 circu
943 3051 1071 3122 curiam
1088 3049 1330 3122 coenobialem.
1370 3049 1457 3120 lteun
1475 3050 1559 3121 uilla
1578 3049 1735 3140 praelatu

182 3167 331 3244 confinat
361 3190 439 3244 cum
468 3171 559 3244 uillis
590 3170 918 3262 Zyelyenicze‚
947 3170 1326 3263 Lantblrouicze,
1353 3171 1739 3261 Sumunyowicze.

284 3289 577 3381 Bnouoczrozu,
606 3292 769 3367 rillasub
788 3293 953 3383 parocbia
971 3293 1136 3364 ecelesiae
1160 3291 1202 3363 de
1221 3291 1254 3362 N
1264 3292 1513 3382 yegardow
1531 3292 1613 3380 sita,
1641 3293 1738 3362 cuias

177 3413 379 3510 proprietas
408 3421 443 3486 et
462 3413 649 3486 dominium
676 3414 719 3486 ad
739 3414 984 3486 monasterium
1004 3413 1327 3485 sanctimonialium·
1342 3415 1378 3484 in
1406 3411 1705 3504 Stbanyuntlr
1716 3436 1746 3502 y·

185 3532 342 3619 pertinet.
385 3535 511 3626 inqua
539 3536 619 3608 sunt
647 3543 796 3625 quatuor
823 3535 913 3606 lanei
933 3535 1184 3623 emetbonules,
1212 3542 1246 3604 et
1265 3535 1412 3625 quilibet
1429 3535 1580 3624 curabo,
1606 3535 1738 3605 babens

186 3649 317 3732 labeum
346 3657 537 3747 integrum,
564 3657 668 3728 solvit
696 3678 758 3746 pro
777 3677 892 3728 annuo
920 3676 1024 3726 censu
1051 3656 1261 3726 monasterio
1289 3676 1391 3725 mam
1413 3675 1618 3745 sexagenum
1646 3675 1738 3724 com·

187 3777 295 3846 munis
321 3779 505 3866 pecuniae,
534 3780 615 3849 item
643 3777 884 3866 denegabas,
913 3777 1033 3865 uiginti
1062 3797 1129 3846 ova
1156 3783 1191 3845 et
1217 3775 1304 3845 duos
1332 3776 1456 3846 choros
1484 3795 1615 3846 avenae
1642 3795 1752 3845 men-1

186 3915 281 3970 surae
318 3898 505 3976 conanae.
546 3900 632 3972 Item
659 3900 820 3970 laborant
842 3898 942 3975 ,duos
978 3897 1052 3968 dies
1089 3899 1125 3967 in
1150 3897 1342 3985 septimana
1370 3897 1513 3985 proprio
1540 3915 1644 3966 curru
1672 3904 1734 3967 aut

189 4010 311 4090 aratro.
353 4019 441 4094 ltem
469 4043 532 4112 pro
552 4019 722 4117 rnyodoiec
749 4019 897 4090 medium
920 4039 1090 4108 moseum.
1131 4018 1218 4088 ltem
1247 4016 1420 4086 incudem
1439 4015 1523 4086 villa
1548 4023 1631 4086 aunt
1648 4016 1737 4086 dnae

189 4135 403 4214 hortulaniae
431 4129 598 4216 habentes
625 4162 747 4232 agros,
780 4147 817 4212 et
845 4139 990 4231 quilibet
1027 4138 1232 4210 hortulanus
1263 4137 1367 4208 solvit¹
1397 4157 1461 4226 pro
1488 4157 1604 4207 annno
1632 4118 1737 4221 censu

190 4265 396 4336 monasterio
423 4285 528 4336 unum
555 4263 739 4352 fertonem,
768 4267 816 4342 et,
830 4283 933 4335 unum
962 4260 1052 4332 diem
1081 4259 1243 4349 pedester
1268 4259 1414 4336 laborat.
1454 4257 1542 4328 item
1569 4259 1604 4328 in
1633 4271 1784 4347 prae-‘·

190 4377 257 4452 lata
282 4384 364 4456 villa
393 4394 472 4458 sunt
500 4386 587 4458 duae
615 4385 749 4472 curiae,
778 4391 812 4454 et
831 4382 1004 4473 quaelibet
1030 4381 1137 4452 babet
1163 4401 1285 4470 ugrum
1302 4380 1486 4469 specialem
1514 4378 1756 4469 praediulcm3·
1816 4395 1820 4402 ’

128 4541 134 4558 ·
191 4519 254 4573 una
288 4505 446 4578 videlicet
483 4515 537 4579 est
575 4505 785 4578 coenobialis
825 4503 1136 4576 sanctimonialium
1172 4501 1215 4572 de
1260 4500 1589 4592 Stbanyatblry
1628 4508 1664 4571 et
1690 4521 1733 4571 ex

194 4625 279 4712 agris
305 4647 425 4700 aarum
452 4629 537 4700 nulli
564 4627 703 4700 solvunt
731 4626 915 4714 decimam,
952 4623 1012 4696 sed
1040 4645 1114 4696 eam
1143 4643 1206 4713 pro
1233 4643 1271 4692 se
1297 4622 1425 4693 tollunt
1452 4629 1488 4692 et
1514 4623 1551 4692 in
1570 4622 1740 4692 borreum
1827 4633 1832 4642 ‘

194 4761 284 4817 suum
310 4749 489 4838 inducunt3
516 4759 717 4820 nontamen
737 4750 873 4836 inloto,
901 4747 1062 4836 quoniam
1083 4745 1197 4836 aliqua
1216 4765 1298 4834 pars
1316 4759 1482 4834 agrorum
1498 4741 1737 4834 praemelium,
1769 4757 1785 4781 ³
1915 4827 1921 4834 .
1952 4747 1958 4756 '

196 4871 227 4939 et
250 4871 321 4959 agri
349 4871 496 4944 duarum
523 4868 815 4958 hortulanierum,
844 4869 971 4940 cedunt
998 4889 1061 4957 pro
1088 4868 1220 4938 vicaria
1246 4853 1485 4954 Crucoviensi,
1513 4885 1600 4956 quae
1627 4866 1734 4954 perti·

197 4994 249 5058 uet
275 4992 317 5064 ad
335 4993 567 5084 praebendam
594 4993 722 5064 dictam
751 4990 958 5080 Thopolslm.
1000 4989 1121 5059 Altera
1140 5009 1222 5059 rere
1250 4989 1348 5058 cuma
1373 4994 1427 5057 est
1445 4986 1615 5075 militaris,
1642 4983 1737 5054 ride-
1781 5013 1784 5019 ·

197 5104 268 5180 licet
292 5112 495 5204 Zegotbe
523 5121 558 5184 et
584 5113 839 5203 Rupbaelis
867 5111 910 5182 de
937 5109 1136 5201 Rytber,
1172 5110 1303 5180 babens
1331 5107 1527 5198 praedium,
1564 5127 1606 5175 ex
1633 5103 1731 5174 cuius

174 5321 176 5326 ,
200 5231 282 5318 egris
308 5236 454 5308 soluitur
472 5235 604 5308 decimu
621 5233 845 5326 manipularis
872 5232 1036 5302 ecclesiae
1056 5231 1247 5320 parochiali
1274 5231 1308 5299 iu
1328 5227 1623 5318 Nyegardnw.
1649 5225 1735 5295 Item

200 5345 396 5442 lequauror
422 5358 531 5430 lenuis
559 5355 725 5446 praelatis
753 5351 1024 5424 emethonalibus
1052 5352 1250 5425 etduurum
1278 5348 1562 5436 hortulaniarum,
1590 5346 1737 5417 solvitur

201 5465 318 5546 damma
343 5453 585 5569 manipularis,
622 5483 657 5548 et
684 5477 753 5566 'per
778 5480 929 5564 quatuor
964 5473 1102 5561 ierugas
1130 5469 1303 5560 canapalis
1331 5468 1481 5539 vicariae
1507 5461 1738 5554 Gracouiensi

203 5607 279 5678 luae
302 5597 451 5687 pertinet
478 5599 522 5670 ud
549 5595 779 5688 praebendam
808 5571 1204 5684 vocatem'ihopolska,
1231 5597 1267 5660 et
1293 5577 1457 5660 tenentur
1483 5609 1558 5659 eam
1585 5588 1744 5659 cmetbo‘
1777 5610 1784 5624 ’

205 5730 259 5784 nes
274 5716 407 5796 elucere
430 5722 469 5795 in
496 5720 664 5794 borreum
686 5739 709 5791 a
728 5716 857 5796 vicano
883 5711 1084 5802 bmnium,
1106 5719 1147 5782 et
1164 5709 1267 5782 udor
1293 5711 1368 5781 eius
1395 5711 1599 5782 aestimatur
1678 5764 1685 5780 .
1704 5761 1739 5781 ..
