4492 6592
469 727 544 804 344
688 721 692 726 ’

374 981 380 986 -
468 962 570 1016 unam
597 955 792 1010 mensuram
819 935 985 1028 siliginis,
1024 933 1113 1008 duas
1139 885 1269 1008 avenae
1296 930 1471 1006 confertas
1498 937 1534 1004 et
1561 935 1710 1024 quatuor
1734 947 1899 1022 museus.
1946 925 2028 998 item
2135 917 2136 934 ¹

2135 996 2137 1083 l

464 1057 644 1156 ponebam
679 1056 841 1140 laborant
875 1077 938 1147 pru
966 1075 1049 1128 vere
1076 1061 1112 1126 et
1139 1060 1284 1132 aestate
1327 1051 1415 1127 Item
1443 1052 1635 1168 praedium·
1650 1057 1705 1124 est
1731 1050 1780 1123 ibi
1809 1045 2031 1137 monialium,
2137 1086 2143 1143 1.

466 1181 510 1256 de
538 1201 606 1273 qqu
633 1178 719 1252 nulli
746 1178 887 1250 solvunt
913 1177 1091 1254 decimam.
1117 1176 1206 1248 Item
1235 1175 1402 1248 scultetus
1428 1197 1497 1246 non
1523 1179 1587 1246 est
1612 1174 1699 1247 Item
1727 1172 1945 1254 emetbonee
1972 1169 2030 1240 ril-
2138 1170 2139 1243 ζ

467 1301 520 1372 lae
546 1305 709 1372 tenentur
736 1317 854 1370 omnes
881 1319 938 1369 res
965 1299 1001 1370 in
1028 1297 1276 1369 monasterinm
1311 1297 1463 1388 propriis
1489 1296 1649 1367 curribus
1675 1294 1812 1369 ducere.
1857 1292 1953 1362 Item
1982 1298 2031 1361 ta-

466 1423 604 1512 bernae,
632 1422 714 1498 item
743 1418 972 1501 bertelaniae.
1012 1419 1100 1492 Item
1128 1439 1247 1493 omnes
1274 1417 1474 1494 cmetbones
1513 1417 1653 1488 solvunt
1678 1421 1715 1488 et
1741 1414 1951 1488 conducunt
1976 1411 2030 1482 de

469 1544 592 1632 cimam
620 1540 870 1632 manipularem
906 1547 942 1610 et
968 1538 1168 1630 canapalem
1204 1558 1269 1628 pro
1295 1538 1457 1630 episcopo
1483 1535 1724 1625 mamercum,
1760 1543 1797 1608 et.
1825 1534 1936 1606 valor
1963 1534 2032 1604 eins

469 1665 675 1765 aestimatur
701 1662 744 1734 ad
773 1682 833 1734 sex
862 1680 1005 1746 marcas.
1033 1658 1195 1734 Confluat
1213 1713 1328 1730 .....

482 1830 525 1877 ,ι
572 1782 816 1872 Onannrncz,
853 1781 935 1862 villa
961 1781 1026 1858 sub
1054 1780 1220 1872 parocbia
1246 1779 1401 1854 Novae
1429 1777 1655 1869 Suadere,
1695 1779 1794 1852 cuins
1826 1775 2031 1868 proprietas

470 1906 514 1987 ad
542 1905 790 1984 monasterinm
827 1903 1065 1994 Antiquae
1099 1899 1309 1982 Sandecz
1345 1901 1507 1992 pertinet
1551 1900 1592 1972 In
1622 1921 1692 1991 qna
1726 1905 1809 1974 eunt
1843 1899 1974 1979 decem
1999 1906 2032 1967 et

421 2081 426 2088 .
469 2048 593 2116 noveru
622 2025 714 2107 lanei
740 2024 983 2114 cmethoneles,
1010 2023 1071 2102 sed
1100 2029 1246 2114 propter
1263 2024 1496 2114 quantitatem
1522 2022 1714 2113 longiorem
1740 2027 1802 2094 ant
1830 2019 2031 2093 breviorem

470 2167 652 2238 agrorum,
667 2145 819 2227 ¹solvunt
846 2166 909 2235 pro
936 2163 1041 2219 censu
1068 2151 1129 2218 aut
1156 2143 1243 2234 plns,
1270 2151 1331 2216 ant
1358 2144 1490 2232 ninus,
1518 2145 1601 2216 item
1628 2164 1734 2216 unum
1759 2142 1920 2232 gallum,
1949 2141 2032 2214 dnus

471 2288 600 2357 cesena,
629 2267 750 2358 viginti
777 2286 851 2339 ove.
878 2265 967 2341 item
994 2265 1130 2350 ratione
1157 2286 1294 2359 ueezpep
1321 2264 1427 2339 solvit
1453 2264 1601 2356 quilibet
1626 2285 1730 2348 unam
1753 2282 1961 2346 mensnram
1989 2263 2030 2332 si·

408 2437 412 2452 ·
470 2391 608 2481 ligium,
644 2393 679 2460 et
706 2387 792 2459 duas
819 2407 949 2459 avenae
977 2376 1169 2476 consertas',
1207 2392 1243 2456 et
1269 2392 1418 2476 quatuor
1443 2405 1594 2475 grossos.
1637 2385 1726 2462 Item
1747 2382 1943 2480 premebam
1970 2403 2028 2472 pro

470 2531 552 2584 vere
580 2516 617 2586 et
643 2495 786 2590 mutate.
821 2507 908 2592 Item
937 2507 1103 2588 ducturae
1130 2506 1262 2592 molunt
1287 2506 1332 2582 ad
1359 2507 1606 2592 monasterinm
1634 2527 1711 2582 cum
1738 2506 1891 2597 singuiis
1920 2505 2030 2591 rubus

470 2635 505 2708 in
534 2633 689 2724 qualibet
716 2631 931 2714 necessitate.
959 2629 1046 2704 ltere
1075 2650 1145 2715 nun
1172 2635 1227 2715 est
1254 2599 1444 2720 praedium,
1471 2649 1581 2720 neque
1608 2629 1786 2718 tabernae,
1813 2647 1933 2720 neque
1952 2627 2028 2698 bor-

469 2755 649 2834 tulsniae..
676 2753 763 2830 item
791 2773 860 2826 uon
886 2757 941 2829 est
968 2751 1139 2828 scultetis.
1173 2750 1259 2822 item
1287 2771 1407 2828 omues
1433 2751 1510 2840 apri
1536 2749 1639 2825 villae
1666 2757 1704 2821 et
1729 2751 1939 2825 emethones
1964 2747 2028 2818 eol·-

470 2880 556 2951 vnut
583 2881 618 2960 et
646 2873 842 2958 conducunt
877 2872 1042 2947 deciment
1080 2873 1331 2962 manipularem
1358 2877 1395 2945 et
1421 2871 1621 2962 canapalem
1658 2891 1722 2963 pru
1749 2872 1920 2962 episcopo
1947 2864 2026 2940 Cra-

393 2981 400 2990 ’
471 2996 636 3086 curiensi,
662 3000 698 3070 et
725 2995 822 3075 raim
848 2995 923 3078 eins
949 2993 1153 3078 aestimatur
1178 2993 1223 3068 ad
1249 2994 1397 3086 triginta
1423 3014 1566 3068 marcas.
1593 2991 1754 3076 Confluat
1779 3014 1854 3066 curn

526 3185 530 3200 ,
575 3117 823 3206 Vezuernuw,
850 3115 932 3188 villa
959 3116 1024 3188 snb
1052 3116 1218 3206 parochia
1244 3115 1287 3192 de
1314 3115 1440 3210 Nora
1467 3114 1672 3192 Saudecz
1700 3116 1778 3205 sita,
1818 3117 1924 3186 cuins
1950 3134 2025 3204 pro-

457 3240 602 3330 prietas
630 3239 674 3310 ad
701 3237 978 3332 sanctimoniales
1010 3237 1057 3308 ¹de
1085 3238 1294 3327 Antiqua
1329 3236 1547 3312 Sandeca.
1570 3238 1733 3330 pertinet
1776 3237 1816 3311 Iu
1848 3258 1923 3329 qua
1950 3241 2024 3309 suut

470 3365 543 3444 tres
571 3361 662 3435 lanei
690 3359 934 3448 emethonalee,
961 3365 997 3433 et
1024 3359 1171 3449 quilibet
1198 3359 1303 3430 solvit
1330 3379 1394 3449 pro
1412 3379 1516 3432 censu
1544 3365 1622 3434 octo
1649 3365 1791 3451 scottus,
1817 3360 1905 3431 item
1926 3378 2023 3430 unum

470 3481 608 3570 galliene,
637 3481 723 3552 duos
750 3501 879 3572 caseos,
906 3481 1028 3572 uiginti
1057 3501 1132 3554 uve.
1177 3480 1265 3552 Item
1292 3481 1428 3563 ratione
1454 3503 1592 3576 ueezyep
1618 3481 1723 3558 solvit
1750 3481 1901 3572 quilibet
1928 3499 2023 3554 uuam
2091 3563 2096 3570 ¹

470 3623 666 3688 meneutam
694 3601 851 3692 siliginis,
878 3601 965 3676 duas
983 3622 1113 3676 avariae
1141 3601 1316 3674 confertas
1334 3608 1371 3672 et
1389 3609 1539 3692 qnatnur
1555 3621 1706 3692 grossos.
1733 3582 1820 3674 item
1841 3598 2021 3697 pomulam

471 3723 632 3796 laborant
661 3745 723 3814 pru
751 3743 831 3798 vere
859 3729 894 3794 et
921 3729 1064 3796 aestate.
1092 3723 1179 3796 ltem
1198 3729 1341 3796 nonest
1359 3723 1549 3815 praedium,
1577 3745 1689 3815 neque
1710 3724 1894 3815 tabernae,
1918 3737 2022 3812 neque

471 3845 701 3934 hortulaniae3
729 3866 796 3916 non
825 3849 879 3919 est
906 3844 1076 3934 scultetia,
1104 3844 1187 3916 item
1207 3844 1441 3926 molendinum
1466 3850 1522 3918 est
1547 3850 1584 3918 et
1609 3844 1715 3925 solvit
1733 3899 1849 3917 .....
1868 3845 1957 3919 Item
1982 3842 2021 3913 de

470 3967 630 4050 omuibus
657 3967 751 4056 agris
780 3965 884 4038 villae
911 3966 1059 4038 solvitur
1085 3972 1123 4036 et
1151 3966 1356 4044 conducitur
1382 3966 1517 4043 decima
1534 3967 1761 4058 manipularis
1787 3973 1824 4041 et
1850 3964 2020 4057 canapeia
2099 4022 2103 4033 ,

2132 686 2133 741 l

2132 750 2134 766 l

397 4119 398 4126 ¹
471 4109 535 4180 pro
562 4088 723 4188 episcopo
751 4085 982 4177 cracoviensi,
1010 4093 1046 4183 et
1073 4087 1173 4158 valor
1199 4087 1274 4160 eins
1300 4087 1507 4160 aestimatur
1532 4087 1577 4160 ad
1603 4094 1677 4160 tres
1695 4087 2018 4168 uerecundum
2138 4137 2140 4161 .

395 4280 400 4285 .
491 4231 512 4282 n
571 4263 685 4280 ·····

471 4229 547 4296 W
576 4328 929 4419 Gnocnunowrcas,
966 4327 1049 4400 villa
1084 4329 1149 4400 snb
1176 4329 1342 4420 parocbia
1367 4327 1533 4410 ecelesiae
1565 4329 1609 4408 (lt
1639 4329 1668 4401 P
1678 4303 1764 4421 ede
1774 4331 1915 4404 ΜΗ
1947 4331 2018 4420 ψ’
2054 4354 2058 4363 „
2139 4328 2140 4361 Ν

470 4452 568 4536 cuins
595 4450 792 4542 proprietas
825 4450 869 4548 ad
897 4450 1177 4536 sanctimoniales
1213 4450 1259 4533 de
1293 4450 1504 4542 Antiqua
1534 4451 1743 4536 Sandeea
1779 4455 1944 4544 pertinet.
1984 4452 2017 4523 lu

471 4593 540 4667 qua
565 4576 646 4647 snut
672 4591 732 4641 sex
769 4571 864 4660 longi
891 4577 927 4642 et
949 4571 1015 4646 lati
1051 4571 1142 4648 lanei
1179 4571 1415 4646 emetbunales
1452 4573 1736 4665 theutuniuales',
1757 4575 1817 4664 qui
1844 4574 2014 4651 duodecin

470 4692 549 4776 aliia
575 4690 819 4782 aequipollent,
845 4698 882 4763 et
909 4690 1054 4783 quilibet
1081 4692 1187 4764 solvit
1213 4712 1278 4782 pro
1304 4711 1409 4764 censu
1437 4701 1516 4766 octo
1543 4700 1684 4784 scottus,
1710 4695 1794 4766 item
1821 4714 1928 4768 nuum
1949 4694 2013 4785 pal·

439 4836 442 4849 ·
471 4812 560 4906 lum,
585 4811 672 4891 duos
700 4832 836 4902 caseos,
864 4813 988 4904 viginti
1026 4835 1101 4886 oua
1148 4813 1234 4889 Item
1261 4816 1396 4893 ratione
1422 4797 1563 4910 oeezpep
1598 4815 1704 4888 solvit
1739 4816 1886 4907 quilibet
1923 4835 2013 4906 pean

472 4955 667 5010 mensuram
680 4921 683 4930 ’
695 4934 843 5028 siliginis
862 4939 897 5004 et
915 4934 1002 5008 duas
1029 4955 1161 5008 avenae
1188 4912 1439 5027 confertaset
1456 4948 1608 5028 quatuor
1624 4957 1777 5028 grossum
1790 4941 1887 5010 -item
1908 4957 2015 5036 punn-
2039 5013 2042 5016 ,

474 5177 640 5268 scoltetia,
668 5178 750 5248 item
777 5177 945 5262 tabernae
973 5197 1040 5247 nun
1069 5183 1162 5268 sunt,
1189 5177 1272 5261 item
1299 5177 1519 5253 hortulaniae
1538 5201 1606 5250 non
1625 5187 1715 5252 sunt.
1741 5179 1829 5253 Item
1856 5181 1902 5266 de
1919 5178 2015 5262 omni·

361 5363 368 5370 .
405 5303 413 5312 '
472 5299 537 5372 bus
565 5299 660 5396 apris
688 5298 790 5372 villae
817 5297 965 5370 solvitur
992 5307 1027 5368 et
1054 5297 1257 5370 conducitur
1290 5299 1422 5376 decima
1447 5301 1674 5392 manipularis
1701 5307 1737 5375 et
1763 5303 1938 5393 canapalis
1962 5320 2013 5391 pru

2140 4375 2142 4500 l

2139 4589 2142 4684 l

2138 4751 2142 4908 l

248 5033 251 5040 ¹
353 5125 358 5131 .
473 5054 551 5138 burn
579 5077 642 5152 pru
671 5075 752 5138 vere
779 5061 815 5128 et
842 5055 1173 5133 aestate-laborant.
1219 5056 1304 5130 item
1341 5067 1492 5131 nonest
1528 5057 1726 5150 praedium,
1762 5060 1845 5133 item
1878 5062 2013 5136 neuen
2141 5034 2143 5109 ἶ

2137 5126 2143 5242 ,2

473 5421 585 5515 prima
613 5421 814 5511 praebenda
839 5419 1089 5512 Sandeczensi,
1125 5442 1215 5512 quae
1241 5421 1437 5512 appellatur
1462 5421 1752 5521 Obochoruwska,
1779 5430 1816 5494 et
1843 5425 1941 5506 valor
1965 5422 2009 5494 de·
2139 5429 2140 5440 ¹

473 5540 581 5625 cimae
609 5544 813 5626 aestimatur
840 5541 884 5623 ad
913 5541 1062 5628 sedecim
1091 5563 1234 5633 marcus,
1261 5543 1448 5634 aliquando
1476 5543 1520 5616 ad
1549 5545 1681 5632 viginti.
1708 5544 1869 5626 Gentium
1886 5595 1991 5617 .....
2007 5532 2018 5568 ⁰
