4492 6592
516 738 592 807 420
711 731 715 754 '

847 857 858 890 Ι

515 944 558 1015 ad
587 950 664 1017 ecte
692 965 836 1015 marcas.
881 944 968 1015 Item
994 946 1141 1016 taberna
1168 952 1222 1016 est
1250 966 1337 1036 una,
1372 946 1505 1017 babens
1533 945 1681 1015 medium
1709 946 1866 1031 laneum,
1904 950 1939 1015 et
1963 947 2048 1019 soluit

516 1065 680 1149 decimam
709 1066 918 1136 monasterie
938 1065 1212 1137 Wanebeczensi
1240 1067 1273 1135 in
1299 1076 1502 1161 perspicuant.
1530 1066 1616 1137 Item
1645 1067 1866 1137 bertolaniae
1894 1087 1961 1135 non
1977 1077 2050 1159 sunt,

515 1187 597 1257 item
625 1186 857 1257 molendinum
886 1209 953 1258 non
982 1194 1045 1275 est,
1072 1189 1155 1257 item
1183 1188 1364 1277 praedium
1392 1209 1460 1259 non
1488 1194 1551 1258 est.
1589 1224 1592 1231 ·

620 1308 799 1395 Benuow,
826 1308 911 1378 villa
936 1293 1000 1379 snb
1028 1310 1195 1398 parochia
1221 1310 1264 1381 de
1291 1307 1335 1379 W
1344 1288 1487 1399 ysuek
1496 1330 1548 1399 ye
1576 1310 1662 1397 sita,
1690 1310 1786 1379 cuius
1813 1310 1940 1379 haeres
1967 1308 2050 1381 Nico·
2121 1396 2122 1405 ἵ

515 1429 591 1499 laus
620 1429 908 1520 Bankewslry
936 1430 1063 1501 nobilis
1090 1430 1133 1501 de
1161 1430 1262 1501 demo
1282 1485 1396 1500 .....
1437 1430 1477 1501 In
1505 1452 1573 1521 qna
1600 1436 1681 1516 snut
1707 1431 1799 1500 lanei
1827 1431 2051 1519 cmetbenales,
2121 1460 2122 1481 2

516 1550 711 1639 dequibus
738 1551 897 1622 omnibus
932 1551 1081 1623 solvitur
1107 1557 1144 1621 et
1171 1551 1376 1623 conducitur
1412 1552 1544 1621 decima
1579 1550 1805 1640 manipularis
1832 1556 1869 1619 et
1898 1553 2051 1640 canapalis
2120 1562 2122 1575 ⁴

515 1692 579 1760 pre
606 1672 816 1743 monasterie
844 1672 1124 1762 Wanebeezensi,
1152 1678 1188 1743 et
1215 1673 1312 1743 valor
1339 1674 1414 1743 eius
1442 1674 1646 1744 aestimatur
1672 1660 1715 1742 ad
1735 1727 1879 1742 ......
1906 1672 1988 1743 Item
2012 1678 2052 1743 ta·
2120 1750 2122 1759 Α

514 1792 633 1881 berna,
661 1792 743 1863 item
771 1793 959 1883 hortulani,
986 1795 1069 1863 item
1097 1795 1286 1885 praedium.

619 1913 871 2004 Srazannow,
911 1914 994 1984 villa
1030 1916 1093 1985 sub
1121 1915 1287 2005 parocbia
1324 1920 1488 2005 quantum
1525 1914 1570 1985 ad
1605 1915 1774 1987 haeredes
1811 1920 1848 1985 et
1876 1914 2000 1984 milites
2025 1912 2051 1985 in
2121 1888 2122 1891 Ἴ

516 2034 779 2125 Mnisebelr,
821 2042 987 2126 qnantum
1016 2056 1098 2107 vere
1131 2037 1174 2107 ad
1204 2036 1402 2107 emethenes
1438 2036 1474 2107 in
1510 2034 1757 2107 Kewalska
1797 2034 1958 2125 Wolpa
1990 2037 2052 2121 sita,
2120 2028 2122 2037 ’

517 2157 614 2225 cuius
641 2156 808 2227 haeredes
828 2212 996 2227 .......
1023 2157 1062 2227 ln
1091 2165 1160 2248 qua
1187 2164 1269 2229 sunt
1295 2158 1386 2229 lanei
1416 2156 1659 2246 emechonales,
1687 2156 1729 2227 de
1758 2158 1887 2247 quibus
1915 2158 2052 2227 omnibns
2120 2192 2122 2235 e

2120 2136 2122 2187 l

2121 2262 2122 2305 l

517 2276 663 2347 solvitur
690 2284 737 2346 et
753 2277 957 2349 conducitur
983 2278 1116 2378 decima
1144 2279 1368 2368 manipularis
1387 2285 1423 2348 et
1442 2279 1617 2367 canapalis
1644 2300 1707 2367 pro
1735 2277 1949 2365 monasterie
1967 2276 2053 2349 Wao·
2121 2312 2122 2357 3

516 2398 705 2485 ebernensi,
733 2404 768 2467 et
794 2398 893 2470 valor
919 2400 994 2469 eins
1020 2400 1227 2471 aestimatur
1254 2400 1298 2470 ad
1317 2454 1431 2469 .....
1475 2400 1563 2469 ltem
1591 2400 1745 2489 taberna,
1774 2399 1859 2469 item
1889 2398 2052 2487 hortulani

516 2518 597 2588 item
625 2518 815 2607 praedium.
860 2519 956 2591 Haec
992 2520 1127 2591 decima
1161 2521 1357 2611 pertinebat
1393 2522 1562 2611 quendam
1600 2520 1644 2591 ad
1672 2521 1855 2593 ecclesiam
1894 2522 1929 2589 in
1955 2518 2053 2609 Mop-

517 2640 658 2710 scbelr
686 2646 722 2711 et
747 2641 792 2711 ad
819 2642 1227 2739 monasteriumOalvi
1254 2642 1429 2713 Montis
1456 2642 1602 2713 Sanctae
1631 2640 1771 2730 Crucis;
1799 2642 1864 2713 sed
1892 2662 1953 2731 per
1978 2662 2053 2711 eom-

516 2761 742 2851 mutatienem
771 2762 873 2833 villae
900 2762 1087 2833 Yeszow
1115 2784 1178 2853 pro
1208 2751 1290 2835 villa
1317 2764 1356 2833 M
1365 2786 1387 2833 u
1397 2764 1560 2855 yszelr,
1588 2764 1765 2837 abstracta
1791 2769 1848 2834 est
1868 2763 1912 2867 ab
1931 2762 2052 2833 ecclesia

516 2902 580 2970 pre
608 2883 818 2953 monasterio
846 2864 1147 2955 Wanehoezensi.'
1336 2862 1339 2869 ⁵

539 3071 544 3081 ,
621 3003 854 3094 Lruszrsrm,
882 2997 968 3075 villa
991 3006 1055 3091 snb
1083 3006 1249 3095 parocbia
1275 3005 1318 3075 de
1345 3004 1565 3095 anszek
1594 3006 1670 3095 sita,
1698 3006 1795 3077 euius
1821 2966 1950 3076 ¹haeres
1968 3004 2050 3074 Nice
2121 3036 2122 3087 3

516 3124 592 3195 laus
619 3122 755 3194 Orlik
783 3126 825 3195 de
853 3126 954 3217 domo
983 3126 1236 3217 Nyeezuya.
1264 3126 1303 3197 In
1332 3148 1400 3217 qun
1428 3131 1508 3198 sunt
1535 3128 1625 3197 lanei
1653 3128 1900 3217 emetbenales,
1928 3126 1968 3197 de
1993 3128 2050 3215 qni·
2120 3154 2122 3167 ⁴

517 3244 582 3314 bus
610 3246 767 3315 omnibus
804 3247 951 3317 solvitur
978 3254 1015 3317 et
1041 3248 1245 3319 conducitur
1282 3248 1414 3319 decima
1449 3248 1675 3337 manipularis
1712 3255 1748 3319 et
1775 3248 1973 3338 oanapalis,
2003 3268 2050 3336 pre
2121 3246 2122 3307 ἶ

518 3366 729 3436 monasterie
757 3366 1043 3457 Wancboezensi,
1079 3376 1115 3439 et
1142 3370 1241 3440 valer
1276 3369 1349 3439 eius
1387 3370 1591 3439 aestimatur
1625 3369 1669 3439 ad
1697 3390 1757 3439 sex
1793 3390 1951 3457 maroas3
1987 3369 2049 3439 iten

480 3500 486 3509 ·
517 3486 672 3576 taberna,
700 3488 791 3557 item
811 3488 995 3579 hortulani,
1023 3491 1105 3559 item
1133 3489 1322 3581 praedium.
1366 3490 1454 3561 Item
1483 3490 1615 3561 decima
1642 3491 1745 3561 etiam
1774 3489 1936 3579 praefata
1961 3490 2047 3579 perti-

518 3607 623 3678 nebat
652 3602 893 3699 quendam'ad
921 3610 1101 3681 eeclesiam
1138 3613 1173 3681 in
1201 3611 1475 3702 Moyscbem
1511 3618 1547 3682 et
1576 3611 1619 3682 ad
1647 3613 1900 3682 monasterium
1928 3610 2048 3681 Sanctae

519 3728 638 3801 Crucis
666 3730 798 3802 Calvi
826 3731 1020 3821 Malitia,
1048 3732 1109 3805 sed
1137 3754 1200 3824 per
1227 3734 1529 3817 commutationem
1558 3732 1660 3803 villae
1689 3731 1884 3803 Yeszow
1912 3729 2049 3822 provilla

518 3849 757 3940 Mnyszek,
793 3854 972 3926 abstracta
999 3861 1053 3926 est
1087 3856 1132 3927 ab
1160 3854 1305 3930 ecelesia
1340 3853 1563 3943 Mnyszek
1599 3862 1635 3923 et
1662 3854 1827 3925 adiuncta
1865 3852 2048 3923 monasterie

519 3969 800 4061 Wancboczepsi,
827 3975 1017 4062 percipitur
1044 3982 1162 4047 tamen
1188 3974 1514 4065 per'praepesitum
1543 3976 1585 4047 de
1613 3974 1881 4065 Mnyscbek.

888 4214 1078 4301 OLARA
1109 4216 1311 4303 TUMBA
1342 4218 1443 4303 alias
1473 4216 1710 4301 uredine,

611 4442 816 4545 Quartum
850 4446 1151 4527 monasterium
1185 4445 1345 4527 ordinis
1375 4442 1681 4527 cisterciensis
1715 4448 1754 4525 in
1787 4444 1975 4526 dioecesi
2046 4546 2048 4549 Ι

1159 4582 1451 4667 Oracovienst

624 4803 724 4875 Licet
750 4802 942 4875 Vislans
970 4826 1083 4878 cemes
1110 4806 1153 4905 de
1172 4804 1473 4891 Prandoezin,
1493 4806 1584 4876 lilius
1603 4801 2045 4893 Praudothae,acnius

428 4942 431 4946 ·
520 4926 658 5001 nemine
685 4924 976 4997 Prandeczin
1012 4946 1135 4996 nemen
1164 4928 1305 5015 accepit,
1334 4927 1579 4997 nienasterium
1609 4926 1740 5001 ordinis
1769 4923 2000 4996 Cisterciensis
2022 4920 2046 4989 iu

495 5032 678 5137 ¹praefate
705 5046 846 5135 villagio
874 5045 1164 5117 Prandoczin
1202 5047 1346 5117 fundare
1378 5048 1592 5134 inchoasset,
1620 5052 1655 5116 et
1682 5048 1891 5117 monasterio
1919 5040 2047 5134 praefate

396 5228 399 5233 .
521 5169 564 5237 de
591 5168 800 5257 patrimonio
829 5190 891 5239 sue
920 5174 1069 5257 quatuor
1096 5167 1216 5257 villaS,
1244 5167 1405 5238 videlicet
1434 5166 1621 5257 praefatam
1651 5166 1961 5252 Prandoezin,
1984 5163 2044 5231 item

520 5288 831 5377 Kaezowieze,
859 5288 1139 5377 Zakewieze,
1167 5294 1202 5359 et
1228 5288 1607 5359 Janusszowicue
1636 5289 1669 5399 in
1698 5271 1843 5358 circuitu
1877 5281 2045 5357 Prande-

521 5411 621 5481 ezin
650 5410 745 5500 sitas,
773 5411 807 5481 in
836 5410 950 5487 dotem
979 5410 1227 5498 consignasset,
1255 5409 1420 5479 ecclesiae
1440 5431 1573 5499 queque
1593 5408 1800 5507 parochialis
1820 5408 1854 5477 in
1875 5402 2044 5475 Prande-

392 5606 399 5617 ,
521 5533 620 5600 cain
648 5532 799 5602 decimas
827 5531 1061 5620 manipulares
1088 5531 1295 5619 insigniores
1323 5530 1432 5599 eidem
1463 5530 1640 5617 coenobio,
1666 5530 1762 5599 cuins
1789 5528 1893 5597 aedes
1920 5524 2041 5615 pnmnm

2120 2630 2122 2777 l

2120 2782 2122 2897 l

522 5652 613 5740 apud
648 5652 873 5729 Kacaicze
910 5660 1027 5725 erecta
1062 5652 1183 5723 humili
1220 5657 1396 5721 structura
1432 5652 1563 5741 luerat,
1591 5650 1816 5739 appropriare
1843 5642 2044 5737 procurasset
