<?xml version="1.0" encoding="UTF-8"?>
<!DOCTYPE html PUBLIC "-//W3C//DTD XHTML 1.0 Transitional//EN"
    "http://www.w3.org/TR/xhtml1/DTD/xhtml1-transitional.dtd">
<html xmlns="http://www.w3.org/1999/xhtml" xml:lang="en" lang="en">
 <head>
  <title>
</title>
<meta http-equiv="Content-Type" content="text/html;charset=utf-8" />
  <meta name='ocr-system' content='tesseract 3.04.00' />
  <meta name='ocr-capabilities' content='ocr_page ocr_carea ocr_par ocr_line ocrx_word'/>
</head>
<body>
  <div class='ocr_page' id='page_1' title='image "./operaomnia00paulgoog_0323.png"; bbox 0 0 4492 6592; ppageno 0'>
   <div class='ocr_carea' id='block_1_1' title="bbox 477 731 552 802">
    <p class='ocr_par' dir='ltr' id='par_1_1' title="bbox 477 731 552 802">
     <span class='ocr_line' id='line_1_1' title="bbox 477 731 552 802; baseline 0 0"><span class='ocrx_word' id='word_1_1' title='bbox 477 731 552 802; x_wconf 76' lang='lat'>298</span> 
     </span>
    </p>
   </div>
   <div class='ocr_carea' id='block_1_2' title="bbox 483 926 2023 1025">
    <p class='ocr_par' dir='ltr' id='par_1_2' title="bbox 483 926 2023 1025">
     <span class='ocr_line' id='line_1_2' title="bbox 483 926 2023 1025; baseline -0.005 -17"><span class='ocrx_word' id='word_1_2' title='bbox 483 935 710 1025; x_wconf 85' lang='lat' dir='ltr'>Zegorze,</span> <span class='ocrx_word' id='word_1_3' title='bbox 738 931 1063 1020; x_wconf 83' lang='lat' dir='ltr'>Roszkochow,</span> <span class='ocrx_word' id='word_1_4' title='bbox 1089 928 1421 1025; x_wconf 82' lang='lat' dir='ltr'>Lussnowicze,</span> <span class='ocrx_word' id='word_1_5' title='bbox 1447 926 1874 1017; x_wconf 84' lang='lat' dir='ltr'>Dlugosszowicne,</span> <span class='ocrx_word' id='word_1_6' title='bbox 1900 926 2023 1018; x_wconf 71' lang='lat' dir='ltr'>Cape</span> 
     </span>
    </p>
   </div>
   <div class='ocr_carea' id='block_1_3' title="bbox 478 1050 2110 2953">
    <p class='ocr_par' dir='ltr' id='par_1_3' title="bbox 478 1050 2110 2953">
     <span class='ocr_line' id='line_1_3' title="bbox 481 1050 2027 1144; baseline -0.004 -16"><span class='ocrx_word' id='word_1_7' title='bbox 481 1056 710 1128; x_wconf 85' lang='lat' dir='ltr'>showicze</span> <span class='ocrx_word' id='word_1_8' title='bbox 738 1059 773 1124; x_wconf 92' lang='lat' dir='ltr'>et</span> <span class='ocrx_word' id='word_1_9' title='bbox 791 1052 822 1124; x_wconf 59' lang='lat' dir='ltr'>,J</span> <span class='ocrx_word' id='word_1_10' title='bbox 832 1073 1043 1124; x_wconf 87' lang='lat' dir='ltr'>aworzno</span> <span class='ocrx_word' id='word_1_11' title='bbox 1071 1050 1285 1144; x_wconf 75' lang='lat' dir='ltr'>contulisset,</span> <span class='ocrx_word' id='word_1_12' title='bbox 1312 1068 1477 1140; x_wconf 88' lang='lat' dir='ltr'>processu</span> <span class='ocrx_word' id='word_1_13' title='bbox 1502 1055 1618 1121; x_wconf 90' lang='lat' dir='ltr'>tamen</span> <span class='ocrx_word' id='word_1_14' title='bbox 1644 1050 1821 1139; x_wconf 87' lang='lat' dir='ltr'>temporis,</span> <span class='ocrx_word' id='word_1_15' title='bbox 1847 1050 1884 1120; x_wconf 92' lang='lat' dir='ltr'>in</span> <span class='ocrx_word' id='word_1_16' title='bbox 1914 1057 2027 1122; x_wconf 87' lang='lat' dir='ltr'>monte</span> 
     </span>
     <span class='ocr_line' id='line_1_4' title="bbox 479 1167 2027 1266; baseline -0.002 -19"><span class='ocrx_word' id='word_1_17' title='bbox 479 1181 516 1247; x_wconf 90' lang='lat' dir='ltr'>et</span> <span class='ocrx_word' id='word_1_18' title='bbox 534 1196 629 1266; x_wconf 89' lang='lat' dir='ltr'>rupe,</span> <span class='ocrx_word' id='word_1_19' title='bbox 658 1194 746 1266; x_wconf 89' lang='lat' dir='ltr'>quae</span> <span class='ocrx_word' id='word_1_20' title='bbox 760 1173 863 1244; x_wconf 82' lang='lat' dir='ltr'>uillae</span> <span class='ocrx_word' id='word_1_21' title='bbox 890 1172 1119 1265; x_wconf 87' lang='lat' dir='ltr'>Lyppowa</span> <span class='ocrx_word' id='word_1_22' title='bbox 1147 1171 1359 1259; x_wconf 82' lang='lat' dir='ltr'>imminebat,</span> <span class='ocrx_word' id='word_1_23' title='bbox 1385 1170 1579 1260; x_wconf 83' lang='lat' dir='ltr'><strong>praedones</strong></span> <span class='ocrx_word' id='word_1_24' title='bbox 1598 1177 1634 1242; x_wconf 92' lang='lat' dir='ltr'>et</span> <span class='ocrx_word' id='word_1_25' title='bbox 1651 1167 1853 1260; x_wconf 81' lang='lat' dir='ltr'>vispiliones</span> <span class='ocrx_word' id='word_1_26' title='bbox 1873 1178 2027 1244; x_wconf 64' lang='lat' dir='ltr'>consum</span> 
     </span>
     <span class='ocr_line' id='line_1_5' title="bbox 478 1287 2030 1382; baseline -0.003 -12"><span class='ocrx_word' id='word_1_27' title='bbox 478 1303 607 1370; x_wconf 82' lang='lat' dir='ltr'>xerunt</span> <span class='ocrx_word' id='word_1_28' title='bbox 633 1302 670 1368; x_wconf 91' lang='lat' dir='ltr'>et</span> <span class='ocrx_word' id='word_1_29' title='bbox 696 1294 969 1366; x_wconf 84' lang='lat' dir='ltr'>aedificaverunt</span> <span class='ocrx_word' id='word_1_30' title='bbox 997 1287 1125 1382; x_wconf 84' lang='lat' dir='ltr'>arcem,</span> <span class='ocrx_word' id='word_1_31' title='bbox 1152 1313 1196 1364; x_wconf 83' lang='lat' dir='ltr'>ex</span> <span class='ocrx_word' id='word_1_32' title='bbox 1223 1313 1292 1381; x_wconf 87' lang='lat' dir='ltr'>qua</span> <span class='ocrx_word' id='word_1_33' title='bbox 1317 1291 1467 1381; x_wconf 80' lang='lat' dir='ltr'>praedas</span> <span class='ocrx_word' id='word_1_34' title='bbox 1494 1296 1531 1362; x_wconf 93' lang='lat' dir='ltr'>et</span> <span class='ocrx_word' id='word_1_35' title='bbox 1557 1291 1668 1381; x_wconf 88' lang='lat' dir='ltr'>spolia</span> <span class='ocrx_word' id='word_1_36' title='bbox 1695 1292 1731 1361; x_wconf 94' lang='lat' dir='ltr'>in</span> <span class='ocrx_word' id='word_1_37' title='bbox 1757 1312 1905 1381; x_wconf 83' lang='lat' dir='ltr'>regnum</span> <span class='ocrx_word' id='word_1_38' title='bbox 1931 1292 2030 1366; x_wconf 82' lang='lat' dir='ltr'>Polo</span> 
     </span>
     <span class='ocr_line' id='line_1_6' title="bbox 478 1397 2030 1506; baseline -0.002 -17"><span class='ocrx_word' id='word_1_39' title='bbox 478 1419 556 1490; x_wconf 88' lang='lat' dir='ltr'>niae</span> <span class='ocrx_word' id='word_1_40' title='bbox 584 1417 742 1506; x_wconf 82' lang='lat' dir='ltr'>agebant,</span> <span class='ocrx_word' id='word_1_41' title='bbox 769 1414 878 1486; x_wconf 90' lang='lat' dir='ltr'>donec</span> <span class='ocrx_word' id='word_1_42' title='bbox 905 1435 968 1505; x_wconf 92' lang='lat' dir='ltr'>per</span> <span class='ocrx_word' id='word_1_43' title='bbox 986 1412 1151 1486; x_wconf 88' lang='lat' dir='ltr'>Poloniae</span> <span class='ocrx_word' id='word_1_44' title='bbox 1178 1412 1306 1484; x_wconf 86' lang='lat' dir='ltr'>milites</span> <span class='ocrx_word' id='word_1_45' title='bbox 1331 1412 1472 1484; x_wconf 88' lang='lat' dir='ltr'>fuerunt</span> <span class='ocrx_word' id='word_1_46' title='bbox 1497 1412 1687 1502; x_wconf 79' lang='lat' dir='ltr'>expugnati</span> <span class='ocrx_word' id='word_1_47' title='bbox 1702 1397 1759 1484; x_wconf 72' lang='lat' dir='ltr'>et</span> <span class='ocrx_word' id='word_1_48' title='bbox 1777 1413 1811 1482; x_wconf 92' lang='lat' dir='ltr'>in</span> <span class='ocrx_word' id='word_1_49' title='bbox 1838 1413 2030 1502; x_wconf 70' lang='lat' dir='ltr'>patibulum</span> 
     </span>
     <span class='ocr_line' id='line_1_7' title="bbox 479 1531 2030 1634; baseline -0.001 -26"><span class='ocrx_word' id='word_1_50' title='bbox 479 1539 557 1634; x_wconf 78' lang='lat' dir='ltr'>acti.</span> <span class='ocrx_word' id='word_1_51' title='bbox 585 1536 659 1608; x_wconf 87' lang='lat' dir='ltr'>Arx</span> <span class='ocrx_word' id='word_1_52' title='bbox 688 1556 824 1626; x_wconf 89' lang='lat' dir='ltr'>quoqne</span> <span class='ocrx_word' id='word_1_53' title='bbox 859 1533 919 1606; x_wconf 90' lang='lat' dir='ltr'>illa</span> <span class='ocrx_word' id='word_1_54' title='bbox 946 1555 989 1606; x_wconf 92' lang='lat' dir='ltr'>ne</span> <span class='ocrx_word' id='word_1_55' title='bbox 1018 1533 1224 1624; x_wconf 86' lang='lat' dir='ltr'>quandoque</span> <span class='ocrx_word' id='word_1_56' title='bbox 1249 1553 1270 1602; x_wconf 88' lang='lat' dir='ltr'>a</span> <span class='ocrx_word' id='word_1_57' title='bbox 1297 1531 1531 1622; x_wconf 88' lang='lat' dir='ltr'>praedonibus</span> <span class='ocrx_word' id='word_1_58' title='bbox 1557 1541 1595 1604; x_wconf 90' lang='lat' dir='ltr'>et</span> <span class='ocrx_word' id='word_1_59' title='bbox 1619 1533 1780 1604; x_wconf 81' lang='lat' dir='ltr'>hostibus</span> <span class='ocrx_word' id='word_1_60' title='bbox 1805 1534 1906 1623; x_wconf 84' lang='lat' dir='ltr'>regui</span> <span class='ocrx_word' id='word_1_61' title='bbox 1933 1556 2030 1607; x_wconf 88' lang='lat' dir='ltr'>occu-</span> 
     </span>
     <span class='ocr_line' id='line_1_8' title="bbox 478 1643 2031 1750; baseline -0.001 -22"><span class='ocrx_word' id='word_1_62' title='bbox 478 1643 557 1750; x_wconf 81' lang='lat' dir='ltr'>pari</span> <span class='ocrx_word' id='word_1_63' title='bbox 575 1662 704 1747; x_wconf 85' lang='lat' dir='ltr'>posset,</span> <span class='ocrx_word' id='word_1_64' title='bbox 730 1655 862 1726; x_wconf 89' lang='lat' dir='ltr'>tradita</span> <span class='ocrx_word' id='word_1_65' title='bbox 880 1654 947 1730; x_wconf 77' lang='lat' dir='ltr'>huit</span> <span class='ocrx_word' id='word_1_66' title='bbox 964 1655 999 1724; x_wconf 93' lang='lat' dir='ltr'>in</span> <span class='ocrx_word' id='word_1_67' title='bbox 1018 1653 1270 1744; x_wconf 86' lang='lat' dir='ltr'>possessionem</span> <span class='ocrx_word' id='word_1_68' title='bbox 1294 1660 1497 1743; x_wconf 83' lang='lat' dir='ltr'>perpetuam</span> <span class='ocrx_word' id='word_1_69' title='bbox 1525 1653 1739 1742; x_wconf 88' lang='lat' dir='ltr'>episcopatui</span> <span class='ocrx_word' id='word_1_70' title='bbox 1757 1652 1982 1726; x_wconf 69' lang='lat' dir='ltr'>braconiensi</span> <span class='ocrx_word' id='word_1_71' title='bbox 1998 1663 2031 1728; x_wconf 81' lang='lat' dir='ltr'>et-</span> 
     </span>
     <span class='ocr_line' id='line_1_9' title="bbox 479 1773 2031 1870; baseline -0.001 -21"><span class='ocrx_word' id='word_1_72' title='bbox 479 1779 641 1870; x_wconf 86' lang='lat' dir='ltr'>episeopo</span> <span class='ocrx_word' id='word_1_73' title='bbox 667 1775 988 1863; x_wconf 90' lang='lat' dir='ltr'>Prandothae,</span> <span class='ocrx_word' id='word_1_74' title='bbox 1015 1795 1091 1844; x_wconf 88' lang='lat' dir='ltr'>cum</span> <span class='ocrx_word' id='word_1_75' title='bbox 1111 1773 1204 1844; x_wconf 86' lang='lat' dir='ltr'>villis</span> <span class='ocrx_word' id='word_1_76' title='bbox 1230 1773 1529 1862; x_wconf 79' lang='lat' dir='ltr'>supranominatis</span> <span class='ocrx_word' id='word_1_77' title='bbox 1558 1773 1618 1862; x_wconf 86' lang='lat' dir='ltr'>qui</span> <span class='ocrx_word' id='word_1_78' title='bbox 1643 1773 1715 1845; x_wconf 91' lang='lat' dir='ltr'>illic</span> <span class='ocrx_word' id='word_1_79' title='bbox 1741 1795 1804 1864; x_wconf 88' lang='lat' dir='ltr'>pro</span> <span class='ocrx_word' id='word_1_80' title='bbox 1832 1775 2031 1852; x_wconf 85' lang='lat' dir='ltr'>defensione</span> 
     </span>
     <span class='ocr_line' id='line_1_10' title="bbox 479 1893 2031 1989; baseline 0.001 -19"><span class='ocrx_word' id='word_1_81' title='bbox 479 1899 616 1989; x_wconf 89' lang='lat' dir='ltr'>patriae</span> <span class='ocrx_word' id='word_1_82' title='bbox 642 1904 679 1970; x_wconf 92' lang='lat' dir='ltr'>et</span> <span class='ocrx_word' id='word_1_83' title='bbox 705 1897 803 1987; x_wconf 77' lang='lat' dir='ltr'>regni</span> <span class='ocrx_word' id='word_1_84' title='bbox 831 1901 1041 1983; x_wconf 90' lang='lat' dir='ltr'>ornamento,</span> <span class='ocrx_word' id='word_1_85' title='bbox 1069 1894 1183 1966; x_wconf 79' lang='lat' dir='ltr'>erexit</span> <span class='ocrx_word' id='word_1_86' title='bbox 1209 1893 1478 1983; x_wconf 88' lang='lat' dir='ltr'>pulcherrimum</span> <span class='ocrx_word' id='word_1_87' title='bbox 1496 1894 1639 1965; x_wconf 66' lang='lat' dir='ltr'>‹et-forte</span> <span class='ocrx_word' id='word_1_88' title='bbox 1667 1900 1820 1968; x_wconf 87' lang='lat' dir='ltr'>castrum</span> <span class='ocrx_word' id='word_1_89' title='bbox 1837 1897 2031 1986; x_wconf 81' lang='lat' dir='ltr'>praelatum</span> 
     </span>
     <span class='ocr_line' id='line_1_11' title="bbox 480 2014 2032 2109; baseline 0 -19"><span class='ocrx_word' id='word_1_90' title='bbox 480 2041 502 2090; x_wconf 87' lang='lat' dir='ltr'>a</span> <span class='ocrx_word' id='word_1_91' title='bbox 532 2018 752 2109; x_wconf 86' lang='lat' dir='ltr'>Lippowa</span> <span class='ocrx_word' id='word_1_92' title='bbox 791 2016 1072 2107; x_wconf 84' lang='lat' dir='ltr'>Lypowyecn</span> <span class='ocrx_word' id='word_1_93' title='bbox 1099 2014 1311 2105; x_wconf 88' lang='lat' dir='ltr'>appellatum</span> <span class='ocrx_word' id='word_1_94' title='bbox 1348 2015 1391 2085; x_wconf 89' lang='lat' dir='ltr'>ab</span> <span class='ocrx_word' id='word_1_95' title='bbox 1419 2014 1478 2085; x_wconf 89' lang='lat' dir='ltr'>illo</span> <span class='ocrx_word' id='word_1_96' title='bbox 1506 2021 1663 2105; x_wconf 88' lang='lat' dir='ltr'>tempore</span> <span class='ocrx_word' id='word_1_97' title='bbox 1694 2037 1802 2106; x_wconf 90' lang='lat' dir='ltr'>nsque</span> <span class='ocrx_word' id='word_1_98' title='bbox 1830 2017 1867 2088; x_wconf 93' lang='lat' dir='ltr'>in</span> <span class='ocrx_word' id='word_1_99' title='bbox 1894 2018 2032 2092; x_wconf 90' lang='lat' dir='ltr'>hodier-</span> 
     </span>
     <span class='ocr_line' id='line_1_12' title="bbox 480 2111 2110 2234; baseline 0.001 -24"><span class='ocrx_word' id='word_1_100' title='bbox 480 2161 561 2212; x_wconf 94' lang='lat' dir='ltr'>num</span> <span class='ocrx_word' id='word_1_101' title='bbox 590 2111 690 2228; x_wconf 86' lang='lat' dir='ltr'>diem,</span> <span class='ocrx_word' id='word_1_102' title='bbox 718 2144 754 2210; x_wconf 90' lang='lat' dir='ltr'>et</span> <span class='ocrx_word' id='word_1_103' title='bbox 781 2157 843 2228; x_wconf 91' lang='lat' dir='ltr'>per</span> <span class='ocrx_word' id='word_1_104' title='bbox 865 2136 1126 2225; x_wconf 89' lang='lat' dir='ltr'>huncmodum,</span> <span class='ocrx_word' id='word_1_105' title='bbox 1150 2140 1228 2206; x_wconf 87' lang='lat' dir='ltr'>octo</span> <span class='ocrx_word' id='word_1_106' title='bbox 1246 2135 1350 2206; x_wconf 83' lang='lat' dir='ltr'>villae</span> <span class='ocrx_word' id='word_1_107' title='bbox 1377 2136 1555 2225; x_wconf 86' lang='lat' dir='ltr'>praelatae</span> <span class='ocrx_word' id='word_1_108' title='bbox 1573 2157 1595 2206; x_wconf 88' lang='lat' dir='ltr'>a</span> <span class='ocrx_word' id='word_1_109' title='bbox 1612 2138 1824 2209; x_wconf 84' lang='lat' dir='ltr'>monasterio</span> <span class='ocrx_word' id='word_1_110' title='bbox 1850 2141 1888 2210; x_wconf 94' lang='lat' dir='ltr'>in</span> <span class='ocrx_word' id='word_1_111' title='bbox 1906 2140 2032 2212; x_wconf 90' lang='lat' dir='ltr'>Stha·</span> <span class='ocrx_word' id='word_1_112' title='bbox 2106 2225 2110 2234; x_wconf 27' lang='grc' dir='ltr'>Ι</span> 
     </span>
     <span class='ocr_line' id='line_1_13' title="bbox 481 2255 2031 2354; baseline 0 -22"><span class='ocrx_word' id='word_1_113' title='bbox 481 2259 725 2354; x_wconf 83' lang='lat' dir='ltr'>nyanthky</span> <span class='ocrx_word' id='word_1_114' title='bbox 751 2257 891 2328; x_wconf 87' lang='lat' dir='ltr'>fuerunt</span> <span class='ocrx_word' id='word_1_115' title='bbox 917 2255 1166 2330; x_wconf 87' lang='lat' dir='ltr'>alienatae.·ln</span> <span class='ocrx_word' id='word_1_116' title='bbox 1180 2277 1439 2346; x_wconf 79' lang='lat' dir='ltr'>recompensam</span> <span class='ocrx_word' id='word_1_117' title='bbox 1467 2263 1583 2329; x_wconf 86' lang='lat' dir='ltr'>tamen</span> <span class='ocrx_word' id='word_1_118' title='bbox 1602 2257 1761 2330; x_wconf 88' lang='lat' dir='ltr'>villarum</span> <span class='ocrx_word' id='word_1_119' title='bbox 1789 2259 2031 2353; x_wconf 79' lang='lat' dir='ltr'>praefatarum,</span> 
     </span>
     <span class='ocr_line' id='line_1_14' title="bbox 480 2354 2032 2483; baseline 0.001 -31"><span class='ocrx_word' id='word_1_120' title='bbox 480 2380 658 2470; x_wconf 88' lang='lat' dir='ltr'>praelatus</span> <span class='ocrx_word' id='word_1_121' title='bbox 685 2377 956 2450; x_wconf 86' lang='lat' dir='ltr'>Praudotha</span> <span class='ocrx_word' id='word_1_122' title='bbox 983 2377 1166 2468; x_wconf 88' lang='lat' dir='ltr'>episcopus</span> <span class='ocrx_word' id='word_1_123' title='bbox 1184 2354 1426 2448; x_wconf 73' lang='lat' dir='ltr'>Gracoriensis</span> <span class='ocrx_word' id='word_1_124' title='bbox 1448 2377 1594 2448; x_wconf 89' lang='lat' dir='ltr'>contulit</span> <span class='ocrx_word' id='word_1_125' title='bbox 1611 2380 1824 2483; x_wconf 87' lang='lat' dir='ltr'>monasterio</span> <span class='ocrx_word' id='word_1_126' title='bbox 1850 2381 1887 2452; x_wconf 92' lang='lat' dir='ltr'>in</span> <span class='ocrx_word' id='word_1_127' title='bbox 1905 2381 2032 2454; x_wconf 88' lang='lat' dir='ltr'>Stha·</span> 
     </span>
     <span class='ocr_line' id='line_1_15' title="bbox 480 2497 2032 2595; baseline 0.002 -23"><span class='ocrx_word' id='word_1_128' title='bbox 480 2500 689 2591; x_wconf 87' lang='lat' dir='ltr'>nyathky</span> <span class='ocrx_word' id='word_1_129' title='bbox 726 2499 876 2572; x_wconf 88' lang='lat' dir='ltr'>decimas</span> <span class='ocrx_word' id='word_1_130' title='bbox 903 2517 1010 2588; x_wconf 89' lang='lat' dir='ltr'>supra</span> <span class='ocrx_word' id='word_1_131' title='bbox 1035 2497 1362 2587; x_wconf 81' lang='lat' dir='ltr'>Moszgawani‚</span> <span class='ocrx_word' id='word_1_132' title='bbox 1404 2498 1487 2595; x_wconf 82' lang='lat' dir='ltr'>item</span> <span class='ocrx_word' id='word_1_133' title='bbox 1515 2498 1631 2570; x_wconf 90' lang='lat' dir='ltr'>villam</span> <span class='ocrx_word' id='word_1_134' title='bbox 1667 2499 1933 2590; x_wconf 81' lang='lat' dir='ltr'>Lyendnini</span> <span class='ocrx_word' id='word_1_135' title='bbox 1959 2523 2032 2575; x_wconf 86' lang='lat' dir='ltr'>oum</span> 
     </span>
     <span class='ocr_line' id='line_1_16' title="bbox 480 2617 2032 2714; baseline 0.001 -21"><span class='ocrx_word' id='word_1_136' title='bbox 480 2621 625 2694; x_wconf 87' lang='lat' dir='ltr'>ecclesia</span> <span class='ocrx_word' id='word_1_137' title='bbox 652 2619 769 2692; x_wconf 85' lang='lat' dir='ltr'>Sancti</span> <span class='ocrx_word' id='word_1_138' title='bbox 797 2618 1001 2707; x_wconf 85' lang='lat' dir='ltr'>Clementis,</span> <span class='ocrx_word' id='word_1_139' title='bbox 1039 2624 1178 2690; x_wconf 87' lang='lat' dir='ltr'>etcum</span> <span class='ocrx_word' id='word_1_140' title='bbox 1205 2617 1349 2690; x_wconf 78' lang='lat' dir='ltr'>decimis</span> <span class='ocrx_word' id='word_1_141' title='bbox 1385 2618 1430 2689; x_wconf 86' lang='lat' dir='ltr'>ad</span> <span class='ocrx_word' id='word_1_142' title='bbox 1457 2619 1550 2689; x_wconf 89' lang='lat' dir='ltr'>illam</span> <span class='ocrx_word' id='word_1_143' title='bbox 1588 2620 1860 2712; x_wconf 85' lang='lat' dir='ltr'>pertinentibus,</span> <span class='ocrx_word' id='word_1_144' title='bbox 1897 2623 1942 2694; x_wconf 92' lang='lat' dir='ltr'>de</span> <span class='ocrx_word' id='word_1_145' title='bbox 1967 2646 2032 2714; x_wconf 79' lang='lat' dir='ltr'>ooo</span> 
     </span>
     <span class='ocr_line' id='line_1_17' title="bbox 480 2738 2032 2835; baseline 0 -19"><span class='ocrx_word' id='word_1_146' title='bbox 480 2741 728 2816; x_wconf 88' lang='lat' dir='ltr'>monasterium</span> <span class='ocrx_word' id='word_1_147' title='bbox 756 2740 862 2812; x_wconf 88' lang='lat' dir='ltr'>habet</span> <span class='ocrx_word' id='word_1_148' title='bbox 888 2739 985 2812; x_wconf 90' lang='lat' dir='ltr'>ducis</span> <span class='ocrx_word' id='word_1_149' title='bbox 1020 2738 1263 2811; x_wconf 83' lang='lat' dir='ltr'>Gracoviensis</span> <span class='ocrx_word' id='word_1_150' title='bbox 1298 2747 1335 2810; x_wconf 89' lang='lat' dir='ltr'>et</span> <span class='ocrx_word' id='word_1_151' title='bbox 1361 2739 1544 2811; x_wconf 82' lang='lat' dir='ltr'>Maaoriae</span> <span class='ocrx_word' id='word_1_152' title='bbox 1572 2740 1779 2814; x_wconf 85' lang='lat' dir='ltr'>Gouradi</span> <span class='ocrx_word' id='word_1_153' title='bbox 1811 2743 2032 2835; x_wconf 75' lang='lat' dir='ltr'>privilegium</span> 
     </span>
     <span class='ocr_line' id='line_1_18' title="bbox 485 2858 2032 2953; baseline 0.001 -19"><span class='ocrx_word' id='word_1_154' title='bbox 485 2863 594 2934; x_wconf 78' lang='lat'>1242.</span> <span class='ocrx_word' id='word_1_155' title='bbox 621 2861 799 2951; x_wconf 83' lang='lat' dir='ltr'>seriptum3</span> <span class='ocrx_word' id='word_1_156' title='bbox 827 2861 907 2932; x_wconf 86' lang='lat' dir='ltr'>item</span> <span class='ocrx_word' id='word_1_157' title='bbox 936 2859 1064 2950; x_wconf 91' lang='lat' dir='ltr'>oppida</span> <span class='ocrx_word' id='word_1_158' title='bbox 1089 2858 1285 2949; x_wconf 88' lang='lat' dir='ltr'>Zathor,</span> <span class='ocrx_word' id='word_1_159' title='bbox 1311 2859 1509 2951; x_wconf 83' lang='lat' dir='ltr'>Kanthy,</span> <span class='ocrx_word' id='word_1_160' title='bbox 1537 2860 1819 2953; x_wconf 78' lang='lat' dir='ltr'>Gzyelyada3</span> <span class='ocrx_word' id='word_1_161' title='bbox 1859 2864 1946 2936; x_wconf 85' lang='lat' dir='ltr'>item</span> <span class='ocrx_word' id='word_1_162' title='bbox 1973 2866 2032 2936; x_wconf 90' lang='lat' dir='ltr'>vil·</span> 
     </span>
    </p>
   </div>
   <div class='ocr_carea' id='block_1_4' title="bbox 373 2979 2033 3080">
    <p class='ocr_par' dir='ltr' id='par_1_4' title="bbox 373 2979 2033 3080">
     <span class='ocr_line' id='line_1_19' title="bbox 373 2979 2033 3080; baseline -0.002 -21"><span class='ocrx_word' id='word_1_163' title='bbox 373 3049 379 3059; x_wconf 88' lang='lat'><strong>.</strong></span> <span class='ocrx_word' id='word_1_164' title='bbox 481 2983 550 3055; x_wconf 91' lang='lat' dir='ltr'>lam</span> <span class='ocrx_word' id='word_1_165' title='bbox 578 2981 851 3072; x_wconf 86' lang='lat' dir='ltr'>Smolycne;·</span> <span class='ocrx_word' id='word_1_166' title='bbox 876 2981 958 3053; x_wconf 87' lang='lat' dir='ltr'>item</span> <span class='ocrx_word' id='word_1_167' title='bbox 985 2981 1167 3052; x_wconf 88' lang='lat' dir='ltr'>tabernam</span> <span class='ocrx_word' id='word_1_168' title='bbox 1193 2979 1389 3052; x_wconf 85' lang='lat' dir='ltr'>Withow</span> <span class='ocrx_word' id='word_1_169' title='bbox 1426 2988 1463 3052; x_wconf 86' lang='lat' dir='ltr'>et</span> <span class='ocrx_word' id='word_1_170' title='bbox 1488 2981 1576 3080; x_wconf 85' lang='lat' dir='ltr'>alias</span> <span class='ocrx_word' id='word_1_171' title='bbox 1603 2981 1722 3071; x_wconf 83' lang='lat' dir='ltr'>villas,</span> <span class='ocrx_word' id='word_1_172' title='bbox 1762 2983 1927 3056; x_wconf 85' lang='lat' dir='ltr'>existimo</span> <span class='ocrx_word' id='word_1_173' title='bbox 1954 2992 2033 3057; x_wconf 79' lang='lat' dir='ltr'>tane</span> 
     </span>
    </p>
   </div>
   <div class='ocr_carea' id='block_1_5' title="bbox 481 3099 2034 3678">
    <p class='ocr_par' dir='ltr' id='par_1_5' title="bbox 481 3099 2034 3678">
     <span class='ocr_line' id='line_1_20' title="bbox 481 3099 2034 3194; baseline 0.002 -21"><span class='ocrx_word' id='word_1_174' title='bbox 481 3102 668 3192; x_wconf 86' lang='lat' dir='ltr'>alienates,</span> <span class='ocrx_word' id='word_1_175' title='bbox 704 3100 842 3191; x_wconf 89' lang='lat' dir='ltr'>quando</span> <span class='ocrx_word' id='word_1_176' title='bbox 878 3100 983 3173; x_wconf 88' lang='lat' dir='ltr'>duces</span> <span class='ocrx_word' id='word_1_177' title='bbox 1011 3099 1155 3172; x_wconf 86' lang='lat' dir='ltr'>Silesiae</span> <span class='ocrx_word' id='word_1_178' title='bbox 1183 3122 1204 3171; x_wconf 89' lang='lat' dir='ltr'>e</span> <span class='ocrx_word' id='word_1_179' title='bbox 1231 3101 1313 3173; x_wconf 87' lang='lat' dir='ltr'>nido</span> <span class='ocrx_word' id='word_1_180' title='bbox 1348 3123 1411 3174; x_wconf 91' lang='lat' dir='ltr'>suo</span> <span class='ocrx_word' id='word_1_181' title='bbox 1438 3100 1590 3174; x_wconf 84' lang='lat' dir='ltr'>naturali</span> <span class='ocrx_word' id='word_1_182' title='bbox 1616 3108 1653 3174; x_wconf 92' lang='lat' dir='ltr'>et</span> <span class='ocrx_word' id='word_1_183' title='bbox 1678 3125 1701 3174; x_wconf 93' lang='lat' dir='ltr'>a</span> <span class='ocrx_word' id='word_1_184' title='bbox 1726 3124 1835 3194; x_wconf 73' lang='lat' dir='ltr'>regno</span> <span class='ocrx_word' id='word_1_185' title='bbox 1861 3103 2034 3194; x_wconf 80' lang='lat' dir='ltr'>Poloniae,</span> 
     </span>
     <span class='ocr_line' id='line_1_21' title="bbox 482 3220 2033 3314; baseline 0.003 -22"><span class='ocrx_word' id='word_1_186' title='bbox 482 3222 578 3293; x_wconf 89' lang='lat' dir='ltr'>cuius</span> <span class='ocrx_word' id='word_1_187' title='bbox 605 3222 745 3293; x_wconf 86' lang='lat' dir='ltr'>fuerunt</span> <span class='ocrx_word' id='word_1_188' title='bbox 771 3225 807 3292; x_wconf 90' lang='lat' dir='ltr'>et</span> <span class='ocrx_word' id='word_1_189' title='bbox 834 3225 916 3292; x_wconf 89' lang='lat' dir='ltr'>snut</span> <span class='ocrx_word' id='word_1_190' title='bbox 941 3220 1102 3293; x_wconf 88' lang='lat' dir='ltr'>unanime</span> <span class='ocrx_word' id='word_1_191' title='bbox 1130 3241 1273 3313; x_wconf 87' lang='lat' dir='ltr'>corpus,</span> <span class='ocrx_word' id='word_1_192' title='bbox 1300 3228 1608 3314; x_wconf 89' lang='lat' dir='ltr'>apostataverunt,</span> <span class='ocrx_word' id='word_1_193' title='bbox 1643 3229 1679 3296; x_wconf 90' lang='lat' dir='ltr'>et</span> <span class='ocrx_word' id='word_1_194' title='bbox 1704 3224 1815 3297; x_wconf 85' lang='lat' dir='ltr'>livore</span> <span class='ocrx_word' id='word_1_195' title='bbox 1840 3225 2033 3298; x_wconf 83' lang='lat' dir='ltr'>incredibili</span> 
     </span>
     <span class='ocr_line' id='line_1_22' title="bbox 483 3339 2034 3433; baseline 0.006 -22"><span class='ocrx_word' id='word_1_196' title='bbox 483 3341 661 3430; x_wconf 90' lang='lat' dir='ltr'>proprium</span> <span class='ocrx_word' id='word_1_197' title='bbox 690 3347 726 3413; x_wconf 92' lang='lat' dir='ltr'>et</span> <span class='ocrx_word' id='word_1_198' title='bbox 752 3341 881 3414; x_wconf 85' lang='lat' dir='ltr'>iustum</span> <span class='ocrx_word' id='word_1_199' title='bbox 909 3339 1076 3432; x_wconf 90' lang='lat' dir='ltr'>odiendo,</span> <span class='ocrx_word' id='word_1_200' title='bbox 1112 3343 1211 3433; x_wconf 76' lang='lat' dir='ltr'>regni</span> <span class='ocrx_word' id='word_1_201' title='bbox 1238 3341 1404 3415; x_wconf 89' lang='lat' dir='ltr'>Polouiae</span> <span class='ocrx_word' id='word_1_202' title='bbox 1431 3364 1557 3433; x_wconf 88' lang='lat' dir='ltr'>corpus</span> <span class='ocrx_word' id='word_1_203' title='bbox 1592 3345 1825 3418; x_wconf 84' lang='lat' dir='ltr'>adiunxerant</span> <span class='ocrx_word' id='word_1_204' title='bbox 1860 3346 2034 3420; x_wconf 84' lang='lat' dir='ltr'>adultrino</span> 
     </span>
     <span class='ocr_line' id='line_1_23' title="bbox 483 3461 2034 3564; baseline 0.008 -33"><span class='ocrx_word' id='word_1_205' title='bbox 483 3463 631 3552; x_wconf 89' lang='lat' dir='ltr'>corpori,</span> <span class='ocrx_word' id='word_1_206' title='bbox 658 3483 766 3564; x_wconf 80' lang='lat' dir='ltr'>regno</span> <span class='ocrx_word' id='word_1_207' title='bbox 794 3462 956 3552; x_wconf 86' lang='lat' dir='ltr'>videlicet</span> <span class='ocrx_word' id='word_1_208' title='bbox 982 3461 1187 3554; x_wconf 87' lang='lat' dir='ltr'>Bohemiee,</span> <span class='ocrx_word' id='word_1_209' title='bbox 1225 3463 1319 3554; x_wconf 86' lang='lat' dir='ltr'>quod</span> <span class='ocrx_word' id='word_1_210' title='bbox 1354 3463 1435 3536; x_wconf 90' lang='lat' dir='ltr'>illos</span> <span class='ocrx_word' id='word_1_211' title='bbox 1461 3464 1569 3538; x_wconf 84' lang='lat' dir='ltr'>variis</span> <span class='ocrx_word' id='word_1_212' title='bbox 1595 3466 1696 3537; x_wconf 86' lang='lat' dir='ltr'>bellis</span> <span class='ocrx_word' id='word_1_213' title='bbox 1722 3473 1759 3537; x_wconf 91' lang='lat' dir='ltr'>et</span> <span class='ocrx_word' id='word_1_214' title='bbox 1783 3467 1952 3558; x_wconf 85' lang='lat' dir='ltr'>cladibus,</span> <span class='ocrx_word' id='word_1_215' title='bbox 1978 3491 2034 3545; x_wconf 70' lang='lat' dir='ltr'>an:</span> 
     </span>
     <span class='ocr_line' id='line_1_24' title="bbox 481 3575 1902 3678; baseline 0.004 -24"><span class='ocrx_word' id='word_1_216' title='bbox 481 3583 599 3672; x_wconf 75' lang='lat' dir='ltr'>genis,</span> <span class='ocrx_word' id='word_1_217' title='bbox 626 3582 765 3674; x_wconf 87' lang='lat' dir='ltr'>praedis</span> <span class='ocrx_word' id='word_1_218' title='bbox 792 3589 828 3655; x_wconf 92' lang='lat' dir='ltr'>et</span> <span class='ocrx_word' id='word_1_219' title='bbox 854 3583 975 3674; x_wconf 87' lang='lat' dir='ltr'>spoliis</span> <span class='ocrx_word' id='word_1_220' title='bbox 1003 3585 1186 3675; x_wconf 84' lang='lat' dir='ltr'>oppressit,</span> <span class='ocrx_word' id='word_1_221' title='bbox 1211 3586 1384 3675; x_wconf 64' lang='lat' dir='ltr'>merant,</span> <span class='ocrx_word' id='word_1_222' title='bbox 1411 3575 1566 3658; x_wconf 80' lang='lat' dir='ltr'>confudit</span> <span class='ocrx_word' id='word_1_223' title='bbox 1592 3593 1627 3658; x_wconf 88' lang='lat' dir='ltr'>et</span> <span class='ocrx_word' id='word_1_224' title='bbox 1653 3587 1902 3678; x_wconf 86' lang='lat' dir='ltr'>pessumdedit.</span> 
     </span>
    </p>
   </div>
   <div class='ocr_carea' id='block_1_6' title="bbox 456 3933 2063 5740">
    <p class='ocr_par' dir='ltr' id='par_1_6' title="bbox 456 3933 2063 5740">
     <span class='ocr_line' id='line_1_25' title="bbox 456 3933 2032 4046; baseline 0.012 -31"><span class='ocrx_word' id='word_1_225' title='bbox 456 3933 466 3947; x_wconf 78' lang='grc'><em>’</em></span> <span class='ocrx_word' id='word_1_226' title='bbox 589 3943 670 4018; x_wconf 83' lang='lat' dir='ltr'>Noa</span> <span class='ocrx_word' id='word_1_227' title='bbox 699 3940 909 4022; x_wconf 74' lang='lat' dir='ltr'>cunradus</span> <span class='ocrx_word' id='word_1_228' title='bbox 939 3945 1009 4022; x_wconf 76' lang='lat' dir='ltr'>Dei</span> <span class='ocrx_word' id='word_1_229' title='bbox 1038 3947 1166 4046; x_wconf 75' lang='lat' dir='ltr'>pratia</span> <span class='ocrx_word' id='word_1_230' title='bbox 1187 3950 1266 4025; x_wconf 83' lang='lat' dir='ltr'>dux</span> <span class='ocrx_word' id='word_1_231' title='bbox 1290 3945 1509 4024; x_wconf 77' lang='lat' dir='ltr'>Oracoviae</span> <span class='ocrx_word' id='word_1_232' title='bbox 1536 3957 1575 4025; x_wconf 85' lang='lat' dir='ltr'>at</span> <span class='ocrx_word' id='word_1_233' title='bbox 1603 3949 1818 4040; x_wconf 64' lang='lat' dir='ltr'>hommes,</span> <span class='ocrx_word' id='word_1_234' title='bbox 1841 3951 2032 4034; x_wconf 56' lang='lat' dir='ltr'>‘octaviae</span> 
     </span>
     <span class='ocr_line' id='line_1_26' title="bbox 484 4063 2033 4168; baseline 0.01 -33"><span class='ocrx_word' id='word_1_235' title='bbox 484 4071 521 4136; x_wconf 89' lang='lat' dir='ltr'>et</span> <span class='ocrx_word' id='word_1_236' title='bbox 546 4063 738 4138; x_wconf 81' lang='lat' dir='ltr'>Mazoviae.</span> <span class='ocrx_word' id='word_1_237' title='bbox 765 4065 895 4138; x_wconf 88' lang='lat' dir='ltr'>Notum</span> <span class='ocrx_word' id='word_1_238' title='bbox 922 4067 1065 4142; x_wconf 87' lang='lat' dir='ltr'>iacimus</span> <span class='ocrx_word' id='word_1_239' title='bbox 1092 4069 1265 4142; x_wconf 82' lang='lat' dir='ltr'>universis</span> <span class='ocrx_word' id='word_1_240' title='bbox 1292 4071 1534 4161; x_wconf 88' lang='lat' dir='ltr'>praesentibus</span> <span class='ocrx_word' id='word_1_241' title='bbox 1552 4081 1589 4145; x_wconf 87' lang='lat' dir='ltr'>et</span> <span class='ocrx_word' id='word_1_242' title='bbox 1605 4074 1743 4168; x_wconf 81' lang='lat' dir='ltr'>futuris,</span> <span class='ocrx_word' id='word_1_243' title='bbox 1768 4075 1858 4147; x_wconf 87' lang='lat' dir='ltr'>hanc</span> <span class='ocrx_word' id='word_1_244' title='bbox 1875 4079 2033 4168; x_wconf 80' lang='lat' dir='ltr'>paginam</span> 
     </span>
     <span class='ocr_line' id='line_1_27' title="bbox 483 4186 2034 4289; baseline 0.008 -31"><span class='ocrx_word' id='word_1_245' title='bbox 483 4186 704 4277; x_wconf 87' lang='lat' dir='ltr'>inspecturis,</span> <span class='ocrx_word' id='word_1_246' title='bbox 733 4187 814 4277; x_wconf 90' lang='lat' dir='ltr'>qnia</span> <span class='ocrx_word' id='word_1_247' title='bbox 841 4187 1000 4262; x_wconf 87' lang='lat' dir='ltr'>dominus</span> <span class='ocrx_word' id='word_1_248' title='bbox 1026 4189 1240 4264; x_wconf 87' lang='lat' dir='ltr'>Andreas</span> <span class='ocrx_word' id='word_1_249' title='bbox 1266 4190 1445 4266; x_wconf 90' lang='lat' dir='ltr'>Plocensis</span> <span class='ocrx_word' id='word_1_250' title='bbox 1465 4195 1649 4286; x_wconf 88' lang='lat' dir='ltr'>episcopus</span> <span class='ocrx_word' id='word_1_251' title='bbox 1675 4202 1712 4268; x_wconf 89' lang='lat' dir='ltr'>et</span> <span class='ocrx_word' id='word_1_252' title='bbox 1737 4196 1864 4270; x_wconf 87' lang='lat' dir='ltr'>fratres</span> <span class='ocrx_word' id='word_1_253' title='bbox 1892 4200 1959 4289; x_wconf 87' lang='lat' dir='ltr'>sui,</span> <span class='ocrx_word' id='word_1_254' title='bbox 1984 4223 2034 4271; x_wconf 82' lang='lat' dir='ltr'>co</span> 
     </span>
     <span class='ocr_line' id='line_1_28' title="bbox 484 4305 2034 4409; baseline 0.01 -31"><span class='ocrx_word' id='word_1_255' title='bbox 484 4327 558 4378; x_wconf 89' lang='lat' dir='ltr'>mes</span> <span class='ocrx_word' id='word_1_256' title='bbox 594 4305 744 4379; x_wconf 84' lang='lat' dir='ltr'>Janho</span> <span class='ocrx_word' id='word_1_257' title='bbox 785 4309 994 4382; x_wconf 87' lang='lat' dir='ltr'>castellanus</span> <span class='ocrx_word' id='word_1_258' title='bbox 1030 4311 1072 4382; x_wconf 91' lang='lat' dir='ltr'>de</span> <span class='ocrx_word' id='word_1_259' title='bbox 1108 4311 1254 4401; x_wconf 87' lang='lat' dir='ltr'>Ruda,</span> <span class='ocrx_word' id='word_1_260' title='bbox 1293 4321 1330 4385; x_wconf 86' lang='lat' dir='ltr'>et</span> <span class='ocrx_word' id='word_1_261' title='bbox 1364 4313 1713 4407; x_wconf 84' lang='lat' dir='ltr'>Wyrzhyontha</span> <span class='ocrx_word' id='word_1_262' title='bbox 1747 4321 1972 4409; x_wconf 84' lang='lat' dir='ltr'>praepositus</span> <span class='ocrx_word' id='word_1_263' title='bbox 1997 4321 2034 4392; x_wconf 88' lang='lat' dir='ltr'>de</span> 
     </span>
     <span class='ocr_line' id='line_1_29' title="bbox 485 4427 2034 4528; baseline 0.011 -31"><span class='ocrx_word' id='word_1_264' title='bbox 485 4427 630 4498; x_wconf 86' lang='lat' dir='ltr'>Sthan</span> <span class='ocrx_word' id='word_1_265' title='bbox 642 4427 819 4518; x_wconf 84' lang='lat' dir='ltr'>yathky</span> <span class='ocrx_word' id='word_1_266' title='bbox 856 4429 891 4501; x_wconf 92' lang='lat' dir='ltr'>in</span> <span class='ocrx_word' id='word_1_267' title='bbox 919 4433 1116 4521; x_wconf 88' lang='lat' dir='ltr'>praesentia</span> <span class='ocrx_word' id='word_1_268' title='bbox 1144 4434 1273 4523; x_wconf 85' lang='lat' dir='ltr'>nostri,</span> <span class='ocrx_word' id='word_1_269' title='bbox 1300 4453 1346 4506; x_wconf 84' lang='lat' dir='ltr'>ac·</span> <span class='ocrx_word' id='word_1_270' title='bbox 1367 4435 1535 4508; x_wconf 88' lang='lat' dir='ltr'>baronum</span> <span class='ocrx_word' id='word_1_271' title='bbox 1562 4444 1778 4528; x_wconf 82' lang='lat' dir='ltr'>nostrorum,</span> <span class='ocrx_word' id='word_1_272' title='bbox 1804 4449 2034 4514; x_wconf 80' lang='lat' dir='ltr'>commutare·</span> 
     </span>
     <span class='ocr_line' id='line_1_30' title="bbox 486 4547 2034 4638; baseline 0.012 -22"><span class='ocrx_word' id='word_1_273' title='bbox 486 4553 570 4619; x_wconf 89' lang='lat' dir='ltr'>runt</span> <span class='ocrx_word' id='word_1_274' title='bbox 597 4547 708 4637; x_wconf 85' lang='lat' dir='ltr'>villas,</span> <span class='ocrx_word' id='word_1_275' title='bbox 736 4569 821 4638; x_wconf 90' lang='lat' dir='ltr'>quas</span> <span class='ocrx_word' id='word_1_276' title='bbox 845 4571 958 4622; x_wconf 88' lang='lat' dir='ltr'>comes</span> <span class='ocrx_word' id='word_1_277' title='bbox 986 4551 1196 4627; x_wconf 80' lang='lat' dir='ltr'>Clemens</span> <span class='ocrx_word' id='word_1_278' title='bbox 1222 4555 1431 4630; x_wconf 84' lang='lat' dir='ltr'>castellanus</span> <span class='ocrx_word' id='word_1_279' title='bbox 1449 4558 1689 4632; x_wconf 72' lang='lat' dir='ltr'>cracoviensis</span> <span class='ocrx_word' id='word_1_280' title='bbox 1705 4559 1823 4632; x_wconf 87' lang='lat' dir='ltr'>domui</span> <span class='ocrx_word' id='word_1_281' title='bbox 1849 4562 1895 4634; x_wconf 90' lang='lat' dir='ltr'>de</span> <span class='ocrx_word' id='word_1_282' title='bbox 1912 4563 2034 4636; x_wconf 85' lang='lat' dir='ltr'>Sthe·</span> 
     </span>
     <span class='ocr_line' id='line_1_31' title="bbox 489 4667 2036 4774; baseline 0.012 -36"><span class='ocrx_word' id='word_1_283' title='bbox 489 4667 701 4758; x_wconf 85' lang='lat' dir='ltr'>nyathky</span> <span class='ocrx_word' id='word_1_284' title='bbox 729 4669 884 4760; x_wconf 90' lang='lat' dir='ltr'>contulit,</span> <span class='ocrx_word' id='word_1_285' title='bbox 912 4673 1048 4762; x_wconf 89' lang='lat' dir='ltr'>quando</span> <span class='ocrx_word' id='word_1_286' title='bbox 1067 4675 1177 4764; x_wconf 87' lang='lat' dir='ltr'>ipsam</span> <span class='ocrx_word' id='word_1_287' title='bbox 1195 4676 1363 4768; x_wconf 80' lang='lat' dir='ltr'>fundavit,</span> <span class='ocrx_word' id='word_1_288' title='bbox 1387 4700 1534 4768; x_wconf 84' lang='lat' dir='ltr'>quarum</span> <span class='ocrx_word' id='word_1_289' title='bbox 1552 4682 1695 4752; x_wconf 88' lang='lat' dir='ltr'>nomina</span> <span class='ocrx_word' id='word_1_290' title='bbox 1720 4681 1807 4755; x_wconf 85' lang='lat' dir='ltr'>hoec</span> <span class='ocrx_word' id='word_1_291' title='bbox 1833 4690 1926 4755; x_wconf 82' lang='lat' dir='ltr'>sunt:</span> <span class='ocrx_word' id='word_1_292' title='bbox 1945 4685 2036 4774; x_wconf 83' lang='lat' dir='ltr'>Lip</span> 
     </span>
     <span class='ocr_line' id='line_1_32' title="bbox 486 4787 2035 4896; baseline 0.012 -37"><span class='ocrx_word' id='word_1_293' title='bbox 486 4809 634 4880; x_wconf 80' lang='lat' dir='ltr'>poma,</span> <span class='ocrx_word' id='word_1_294' title='bbox 662 4787 884 4878; x_wconf 78' lang='lat' dir='ltr'>Zogorra,</span> <span class='ocrx_word' id='word_1_295' title='bbox 911 4790 1128 4884; x_wconf 79' lang='lat' dir='ltr'>Echione,</span> <span class='ocrx_word' id='word_1_296' title='bbox 1155 4793 1481 4890; x_wconf 80' lang='lat' dir='ltr'>Ro&#39;szlrochow,</span> <span class='ocrx_word' id='word_1_297' title='bbox 1508 4801 1849 4892; x_wconf 80' lang='lat' dir='ltr'>Lusszowioze,</span> <span class='ocrx_word' id='word_1_298' title='bbox 1875 4805 2035 4896; x_wconf 80' lang='lat' dir='ltr'>Dlugo·</span> 
     </span>
     <span class='ocr_line' id='line_1_33' title="bbox 488 4909 2036 5017; baseline 0.011 -35"><span class='ocrx_word' id='word_1_299' title='bbox 488 4909 645 5000; x_wconf 89' lang='lat' dir='ltr'>schin,</span> <span class='ocrx_word' id='word_1_300' title='bbox 674 4909 1006 4998; x_wconf 63' lang='lat' dir='ltr'>Ozeskowiczn</span> <span class='ocrx_word' id='word_1_301' title='bbox 1034 4912 1249 4988; x_wconf 84' lang='lat' dir='ltr'>Jawozno</span> <span class='ocrx_word' id='word_1_302' title='bbox 1275 4919 1527 5008; x_wconf 85' lang='lat' dir='ltr'>mediom,cnm</span> <span class='ocrx_word' id='word_1_303' title='bbox 1547 4923 2036 5017; x_wconf 88' lang='lat' dir='ltr'>omnibnsatilitatibns,cum</span> 
     </span>
     <span class='ocr_line' id='line_1_34' title="bbox 487 5030 2036 5134; baseline 0.01 -30"><span class='ocrx_word' id='word_1_304' title='bbox 487 5030 697 5104; x_wconf 84' lang='lat' dir='ltr'>molendinis</span> <span class='ocrx_word' id='word_1_305' title='bbox 724 5037 760 5102; x_wconf 92' lang='lat' dir='ltr'>et</span> <span class='ocrx_word' id='word_1_306' title='bbox 788 5051 864 5101; x_wconf 88' lang='lat' dir='ltr'>eum</span> <span class='ocrx_word' id='word_1_307' title='bbox 892 5031 1049 5122; x_wconf 89' lang='lat' dir='ltr'>plumbo,</span> <span class='ocrx_word' id='word_1_308' title='bbox 1085 5039 1237 5129; x_wconf 78' lang='lat' dir='ltr'>exeeptis</span> <span class='ocrx_word' id='word_1_309' title='bbox 1264 5039 1460 5113; x_wconf 90' lang='lat' dir='ltr'>hominibus</span> <span class='ocrx_word' id='word_1_310' title='bbox 1497 5043 1592 5133; x_wconf 88' lang='lat' dir='ltr'>ipsas</span> <span class='ocrx_word' id='word_1_311' title='bbox 1619 5043 1720 5116; x_wconf 87' lang='lat' dir='ltr'>villas</span> <span class='ocrx_word' id='word_1_312' title='bbox 1755 5045 2036 5134; x_wconf 81' lang='lat' dir='ltr'>inhabitantibus</span> 
     </span>
     <span class='ocr_line' id='line_1_35' title="bbox 487 5150 2036 5260; baseline 0.012 -38"><span class='ocrx_word' id='word_1_313' title='bbox 487 5173 574 5242; x_wconf 91' lang='lat' dir='ltr'>quos</span> <span class='ocrx_word' id='word_1_314' title='bbox 603 5173 721 5224; x_wconf 88' lang='lat' dir='ltr'>omnes</span> <span class='ocrx_word' id='word_1_315' title='bbox 742 5173 864 5248; x_wconf 47' lang='lat' dir='ltr'>,comes</span> <span class='ocrx_word' id='word_1_316' title='bbox 893 5150 1101 5226; x_wconf 83' lang='lat' dir='ltr'>Clemens</span> <span class='ocrx_word' id='word_1_317' title='bbox 1128 5163 1210 5229; x_wconf 91' lang='lat' dir='ltr'>ante</span> <span class='ocrx_word' id='word_1_318' title='bbox 1236 5163 1526 5249; x_wconf 83' lang='lat' dir='ltr'>permutationem</span> <span class='ocrx_word' id='word_1_319' title='bbox 1554 5166 1763 5237; x_wconf 89' lang='lat' dir='ltr'>manumisit</span> <span class='ocrx_word' id='word_1_320' title='bbox 1806 5167 1907 5239; x_wconf 87' lang='lat' dir='ltr'>Hanc</span> <span class='ocrx_word' id='word_1_321' title='bbox 1934 5169 2036 5260; x_wconf 79' lang='lat' dir='ltr'>igitur</span> 
     </span>
     <span class='ocr_line' id='line_1_36' title="bbox 485 5274 2063 5380; baseline 0.017 -38"><span class='ocrx_word' id='word_1_322' title='bbox 485 5274 778 5362; x_wconf 88' lang='lat' dir='ltr'>permutationem</span> <span class='ocrx_word' id='word_1_323' title='bbox 807 5275 1109 5364; x_wconf 80' lang='lat' dir='ltr'>supranominatus</span> <span class='ocrx_word' id='word_1_324' title='bbox 1145 5277 1357 5352; x_wconf 85' lang='lat' dir='ltr'>Andreas</span> <span class='ocrx_word' id='word_1_325' title='bbox 1392 5285 1578 5374; x_wconf 88' lang='lat' dir='ltr'>episcopus·</span> <span class='ocrx_word' id='word_1_326' title='bbox 1600 5292 1638 5356; x_wconf 91' lang='lat' dir='ltr'>et</span> <span class='ocrx_word' id='word_1_327' title='bbox 1663 5285 1790 5358; x_wconf 73' lang='lat' dir='ltr'>batres</span> <span class='ocrx_word' id='word_1_328' title='bbox 1825 5289 1880 5360; x_wconf 93' lang='lat' dir='ltr'>sui</span> <span class='ocrx_word' id='word_1_329' title='bbox 1920 5311 2063 5380; x_wconf 54' lang='lat' dir='ltr'>supra-2</span> 
     </span>
     <span class='ocr_line' id='line_1_37' title="bbox 488 5391 2035 5499; baseline 0.012 -35"><span class='ocrx_word' id='word_1_330' title='bbox 488 5391 583 5481; x_wconf 87' lang='lat' dir='ltr'>dicti,</span> <span class='ocrx_word' id='word_1_331' title='bbox 610 5415 685 5466; x_wconf 87' lang='lat' dir='ltr'>cnm</span> <span class='ocrx_word' id='word_1_332' title='bbox 715 5395 852 5467; x_wconf 90' lang='lat' dir='ltr'>domino</span> <span class='ocrx_word' id='word_1_333' title='bbox 881 5394 1150 5470; x_wconf 87' lang='lat' dir='ltr'>Prandotha</span> <span class='ocrx_word' id='word_1_334' title='bbox 1185 5401 1347 5492; x_wconf 86' lang='lat' dir='ltr'>episcopo</span> <span class='ocrx_word' id='word_1_335' title='bbox 1373 5401 1597 5476; x_wconf 78' lang='lat' dir='ltr'>Grawviensi</span> <span class='ocrx_word' id='word_1_336' title='bbox 1623 5405 1798 5497; x_wconf 87' lang='lat' dir='ltr'>lecerunt,</span> <span class='ocrx_word' id='word_1_337' title='bbox 1832 5409 2035 5499; x_wconf 87' lang='lat' dir='ltr'>recipientes</span> 
     </span>
     <span class='ocr_line' id='line_1_38' title="bbox 489 5513 2037 5618; baseline 0.014 -37"><span class='ocrx_word' id='word_1_338' title='bbox 489 5513 534 5582; x_wconf 92' lang='lat' dir='ltr'>ab</span> <span class='ocrx_word' id='word_1_339' title='bbox 562 5535 603 5584; x_wconf 89' lang='lat' dir='ltr'>eo</span> <span class='ocrx_word' id='word_1_340' title='bbox 630 5522 667 5585; x_wconf 87' lang='lat' dir='ltr'>et</span> <span class='ocrx_word' id='word_1_341' title='bbox 693 5515 860 5588; x_wconf 83' lang='lat' dir='ltr'>iratribus</span> <span class='ocrx_word' id='word_1_342' title='bbox 888 5518 1007 5610; x_wconf 88' lang='lat' dir='ltr'>ipsius,</span> <span class='ocrx_word' id='word_1_343' title='bbox 1035 5521 1208 5593; x_wconf 87' lang='lat' dir='ltr'>canonicis</span> <span class='ocrx_word' id='word_1_344' title='bbox 1234 5523 1400 5596; x_wconf 87' lang='lat' dir='ltr'>ecclesiae</span> <span class='ocrx_word' id='word_1_345' title='bbox 1427 5521 1528 5601; x_wconf 88' lang='lat' dir='ltr'>Beati</span> <span class='ocrx_word' id='word_1_346' title='bbox 1551 5525 1744 5617; x_wconf 88' lang='lat' dir='ltr'>Venceslai,</span> <span class='ocrx_word' id='word_1_347' title='bbox 1770 5548 1835 5618; x_wconf 91' lang='lat' dir='ltr'>pro</span> <span class='ocrx_word' id='word_1_348' title='bbox 1862 5529 1957 5601; x_wconf 86' lang='lat' dir='ltr'>villis</span> <span class='ocrx_word' id='word_1_349' title='bbox 1982 5551 2037 5602; x_wconf 87' lang='lat' dir='ltr'>an·</span> 
     </span>
     <span class='ocr_line' id='line_1_39' title="bbox 485 5618 2036 5740; baseline 0.014 -41"><span class='ocrx_word' id='word_1_350' title='bbox 485 5631 646 5724; x_wconf 84' lang='lat' dir='ltr'>tedictis,</span> <span class='ocrx_word' id='word_1_351' title='bbox 674 5634 824 5708; x_wconf 89' lang='lat' dir='ltr'>decimas</span> <span class='ocrx_word' id='word_1_352' title='bbox 852 5659 955 5733; x_wconf 86' lang='lat' dir='ltr'>super</span> <span class='ocrx_word' id='word_1_353' title='bbox 982 5618 1287 5717; x_wconf 83' lang='lat' dir='ltr'>Moszlrawam</span> <span class='ocrx_word' id='word_1_354' title='bbox 1324 5642 1504 5716; x_wconf 78' lang='lat' dir='ltr'>et&#39;villam</span> <span class='ocrx_word' id='word_1_355' title='bbox 1533 5645 1584 5717; x_wconf 89' lang='lat' dir='ltr'>Li</span> <span class='ocrx_word' id='word_1_356' title='bbox 1601 5647 1746 5740; x_wconf 71' lang='lat' dir='ltr'>dayny</span> <span class='ocrx_word' id='word_1_357' title='bbox 1782 5649 1941 5720; x_wconf 86' lang='lat' dir='ltr'>totaliter</span> <span class='ocrx_word' id='word_1_358' title='bbox 1966 5671 2036 5722; x_wconf 89' lang='lat' dir='ltr'>cnm</span> 
     </span>
    </p>
   </div>
   <div class='ocr_carea' id='block_1_7' title="bbox 0 0 2264 6592">
    <p class='ocr_par' dir='ltr' id='par_1_7' title="bbox 0 0 2264 6592">
     <span class='ocr_line' id='line_1_40' title="bbox 0 0 2264 6592; baseline 0 0"><span class='ocrx_word' id='word_1_359' title='bbox 0 0 2264 6592; x_wconf 95' lang='lat' dir='ltr'> </span> 
     </span>
    </p>
   </div>
  </div>
 </body>
</html>
