4492 6592
469 744 544 818 ano
673 697 675 704 ¹

332 983 336 989 ¹
468 954 585 1025 radice
611 972 674 1041 per
701 950 947 1023 monasterinm
974 950 1088 1021 locata
1114 953 1176 1020 est.
1204 946 1244 1021 ln
1272 969 1340 1039 qua
1358 953 1439 1019 sunt
1457 946 1546 1019 lanei
1567 946 1809 1037 emetbonules‚
1826 952 1863 1017 et
1880 943 2029 1035 quilibet

467 1095 531 1165 pro
558 1094 672 1144 annuo
699 1093 803 1143 censu
832 1072 937 1143 solvit
963 1126 1041 1160 ...,
1068 1072 1149 1141 item
1179 1090 1262 1160 ova,
1289 1070 1372 1141 item
1401 1088 1530 1159 caseos,
1556 1069 1639 1139 item
1665 1068 1796 1158 gallos;
1824 1068 1907 1139 item
1943 1071 2028 1137 sunt

468 1195 516 1265 ibi
544 1192 633 1264 duae
660 1193 828 1264 tabernae
863 1170 1046 1263 babentes⁸
1068 1212 1189 1280 agros
1218 1197 1253 1261 et
1281 1190 1456 1280 quaelibet
1483 1188 1588 1263 solvit
1613 1206 1715 1261 unam
1743 1208 1914 1277 marcam,
1941 1189 2029 1259 item

471 1370 586 1385 .....
614 1314 708 1403 sepi3
735 1314 818 1385 item
846 1318 900 1384 est
927 1313 974 1384 ibi
1002 1312 1249 1401 molendinum,
1277 1312 1320 1383 de
1348 1332 1415 1401 quo
1443 1310 1626 1383 solvuntur
1653 1330 1833 1383 mensurae
1861 1329 1926 1399 pro
1954 1330 2030 1379 mo-

404 1473 410 1481 ·
469 1433 633 1507 naslerio.
660 1435 749 1505 Item
776 1428 943 1505 scoltetus
969 1439 1024 1504 est
1050 1435 1117 1522 ibi,
1144 1433 1277 1504 habens
1297 1486 1304 1501 .
1323 1486 1358 1501 ..
1385 1432 1474 1503 item
1500 1430 1634 1503 decima
1661 1431 1852 1521 pecunialis
1878 1430 2031 1528 soluitur

469 1557 512 1627 de
539 1556 698 1627 omuibus
725 1556 819 1644 agris
847 1556 1056 1625 monasterio
1083 1552 1402 1644 Goprzywniczensi
1431 1536 1493 1642 per
1520 1572 1581 1623 sex
1600 1570 1742 1643 grossos
1761 1556 1797 1621 et
1814 1606 1823 1621 .
1843 1606 1849 1620 .
1870 1586 1877 1621 ;
1896 1572 1960 1641 per
1976 1606 1983 1619 .
2000 1604 2029 1617 ..

469 1679 617 1749 latorum
645 1696 857 1765 grossorum,
883 1682 944 1747 aut
969 1695 1032 1765 per
1059 1680 1139 1747 octo
1167 1675 1369 1745 communis.
1396 1672 1556 1745 Gonfinnt
1583 1694 1659 1753 cum
1688 1672 1780 1745 villis
1799 1729 1806 1742 .
1826 1728 1861 1743 ..

574 1798 726 1869 Nusznn
753 1797 899 1884 Lucus,
927 1796 1009 1867 villa
1035 1797 1100 1868 sub
1128 1796 1292 1886 parocbia
1318 1795 1483 1867 ecelesiae
1510 1794 1554 1865 de
1573 1848 1689 1865 .....
1716 1795 1794 1883 sita,
1820 1795 1920 1865 cuius
1947 1814 2031 1883 pro

354 1920 358 1923 ’
471 1920 603 2009 prietes
629 1925 666 1989 et
692 1917 881 1989 dominium
908 1917 953 1987 ad
980 1916 1227 1987 monasterium
1256 1914 1584 2008 Goprzyuniczense
1612 1916 1771 2005 pertinet.
1798 1914 1839 1985 ln
1858 1934 1929 2004 qua
1947 1920 2030 1985 sunt

471 2041 564 2111 lanei
590 2039 842 2128 cmetbonales,
869 2044 905 2110 et
932 2038 975 2109 de
1001 2038 1160 2109 omnibus
1193 2037 1341 2109 solvitur
1367 2036 1410 2107 de
1438 2056 1543 2109 censu
1571 2018 1686 2111 annun
1706 2091 1713 2107 .
1733 2090 1740 2105 .
1759 2091 1767 2105 .
1786 2090 1812 2125 .‚
1840 2036 1925 2107 item
1955 2054 2031 2121 ora,

472 2162 554 2235 item
590 2162 700 2249 casei,
735 2162 817 2231 item
851 2159 944 2247 galli.
981 2159 1066 2229 Item
1104 2158 1237 2229 decima
1270 2158 1464 2249 vpecunialis
1501 2157 1650 2234 solvitur
1677 2157 1720 2228 de
1747 2157 1907 2228 omnibus
1935 2156 2031 2246 agris

471 2283 684 2353 monasterio
724 2279 1061 2371 Goprzywniczcnsi,
1097 2279 1141 2349 de
1177 2279 1332 2369 quolibet
1368 2278 1467 2349 laneo
1505 2300 1568 2369 per
1604 2300 1665 2351 sex
1700 2298 1841 2368 grossos
1877 2277 2031 2349 latorum

469 2422 670 2491 grossorum
697 2400 934 2491 pragensium,
961 2407 1022 2471 aut
1048 2420 1111 2491 per
1139 2406 1217 2471 octo
1244 2419 1385 2489 grossos
1412 2388 1612 2473 eommunis.
1639 2398 1800 2471 Gonfinat
1827 2418 1905 2469 cum
1935 2398 2029 2468 villis

575 2643 810 2733 Zeocrszuu,
837 2643 921 2713 villa
946 2642 1011 2715 sub
1033 2643 1204 2733 parochia
1231 2642 1397 2713 ecclesiae
1424 2642 1468 2713 de
1481 2652 1494 2711 ’.
1514 2696 1521 2711 .
1541 2696 1547 2711 .
1568 2696 1574 2713 .
1593 2642 1679 2730 sita,
1707 2642 1804 2713 cuius
1831 2642 2030 2731 proprietas
2141 2628 2143 2639 ’

471 2765 516 2837 ad
542 2765 745 2835 coenobium
773 2765 925 2855 pertinet
952 2762 1290 2855 Goprzywniczense.
1317 2762 1357 2833 In
1386 2783 1454 2853 qua
1481 2770 1563 2833 sunt
1589 2762 1680 2833 lanei
1708 2762 1964 2849 emetbonales,
1993 2768 2030 2833 et

393 2974 397 2980 ,
472 2886 516 2957 de
542 2887 710 2975 omuibus,
737 2885 939 2974 singillatim
966 2885 1010 2955 de
1037 2883 1194 2974 quolibet
1222 2884 1369 2955 solvitur
1396 2902 1459 2974 pro
1487 2904 1591 2955 censu
1620 2904 1733 2957 annuo
1753 2938 1760 2953 .
1779 2938 1787 2952 .
1806 2907 1833 2969 .;
1861 2884 1944 2953 item
1974 2888 2027 2953 est

471 3008 521 3078 ibi
548 3008 706 3078 scoltetia
741 3008 873 3078 babens
908 3006 996 3079 dnos
1022 3006 1157 3095 lancos,
1185 3006 1267 3077 item
1296 3025 1406 3077 unum
1431 3004 1683 3094 molendinum,
1711 3004 1802 3095 qnod
1830 3004 1936 3075 solvit
1963 3005 2030 3075 sibi

472 3135 546 3201 tres
581 3148 733 3218 marcas,
766 3134 828 3199 aut
863 3127 1042 3199 duodecim
1078 3148 1229 3217 grossos.
1274 3128 1361 3200 Item
1399 3127 1597 3199 emethones
1632 3132 1735 3197 arant
1769 3131 1805 3197 et
1840 3126 2030 3217 disponunt

473 3250 614 3339 digeris„
641 3256 712 3319 tam
741 3270 804 3339 pro
832 3253 973 3338 aestate,
1001 3268 1103 3340 quam
1131 3270 1194 3339 pro
1222 3248 1354 3339 hyeme.
1381 3248 1468 3343 ltem
1496 3248 1629 3321 decima
1647 3247 1837 3337 pecuniclis
1856 3248 1900 3318 ‹le
1920 3249 2029 3317 omni·

472 3372 539 3441 bns
566 3372 660 3459 agris
686 3371 834 3441 solvitur
860 3370 979 3441 abbati
1007 3368 1336 3460 Goprzywniozensi.
1363 3369 1524 3442 Oonfinat
1550 3390 1626 3443 cum
1655 3370 1774 3441 rillis'.
1793 3423 1828 3439 ..

361 3547 365 3559 .
433 3490 438 3511 '
578 3491 792 3580 Fnrsrnrn,
819 3491 992 3581 oppidum,
1019 3493 1054 3563 in
1082 3513 1150 3580 qno
1178 3498 1232 3562 est
1258 3492 1404 3563 eeclesia
1431 3492 1640 3581 parochialis
1668 3491 1801 3581 lignea,
1829 3492 1927 3563 cuius
1953 3493 2030 3562 uni-

474 3634 536 3686 cus
562 3619 615 3683 est
641 3612 787 3683 collator
813 3618 848 3682 et
876 3614 1043 3703 patronus
1070 3614 1178 3685 abbas
1206 3618 1243 3683 et
1269 3618 1458 3685 conventus
1485 3611 1832 3704 anrzywniezensiq
1851 3613 1945 3703 quod
1962 3614 2029 3684 etsi

475 3710 646 3824 quondam
687 3732 792 3804 fuerit
832 3733 984 3822 regium,
1024 3734 1059 3803 in
1100 3738 1228 3805 sortem
1269 3739 1383 3805 tamen
1425 3740 1625 3826 perpetuam
1672 3734 1837 3805 coenobio
1878 3732 2029 3823 Goprzy-
2142 3782 2143 3787 ,

413 3854 416 3858 ’
473 3856 667 3944 wniczensi,
694 3855 777 3927 dato
804 3856 932 3947 oppido
958 3854 980 3925 J
991 3874 1121 3926 assze
1134 3855 1156 3943 lq
1183 3876 1245 3945 per
1272 3856 1573 3930 commutationem
1603 3856 1757 3927 accessit
1784 3854 1825 3925 ln
1852 3876 1922 3945 quo
1949 3863 2029 3947 sunt

378 3990 385 3995 ·
473 3978 565 4048 lanei
591 3977 730 4066 cimice,
761 3982 798 4049 et
825 3976 972 4067 quilibet
997 3976 1104 4049 solvit
1131 3998 1194 4067 pro
1221 3998 1336 4049 annuo
1364 3998 1466 4049 censu
1486 4032 1494 4049 .
1513 4032 1521 4049 .
1541 4032 1574 4048 ..
1602 3964 1690 4049 Item
1717 3998 1760 4049 er
1788 3978 1884 4067 agris
1911 3977 2028 4068 oppidi

474 4099 621 4188 praeisti
649 4099 796 4170 solvitur
822 4099 965 4169 decima
991 4097 1223 4195 Commutatio
1251 4098 1336 4169 haec
1363 4098 1455 4171 lacta
1473 4104 1527 4171 est
1545 4119 1608 4189 per
1626 4098 1915 4171 Helizabetb
1933 4098 2027 4170 Hun-

473 4222 593 4309 gariae
620 4220 776 4311 reginam
808 4221 916 4291 1374.
1502 4280 1508 4289 ,
1713 4280 1716 4285 .

578 4340 836 4430 Immemores,
863 4340 945 4411 villa
971 4341 1036 4411 sub
1063 4340 1230 4430 parochia
1256 4340 1422 4411 ecclesiae
1449 4340 1492 4411 de
1519 4340 1800 4413 Szrzan-czin
1829 4340 1908 4431 sita,
1928 4361 2027 4433 quom

476 4483 551 4533 eum
589 4462 666 4534 aliis
703 4462 814 4551 villis,
841 4462 1002 4533 videlicet
1038 4462 1289 4551 Rzanczin,
1317 4460 1671 4553 Wachnyowlra‚
1698 4462 2028 4551 Stanowiscze,

475 4583 588 4653 nmilia
615 4589 716 4674 parte
743 4582 931 4675 Lubnye
957 4588 994 4654 et
1020 4582 1134 4655 media
1160 4590 1261 4673 parte
1289 4582 1470 4672 Laecae,
1499 4582 1626 4655 Paulus
1644 4582 2028 4655 aliasPasszkotle

476 4703 682 4796 Bogoria
708 4725 798 4775 anno
825 4704 963 4775 Domini
995 4705 1103 4792 1388,
1132 4705 1167 4775 in
1195 4704 1251 4777 die
1279 4702 1425 4777 Sanctae
1453 4703 1669 4795 Helizabeth‚
1687 4703 1950 4777 Graeoviae
1976 4725 2028 4776 co·
2142 4704 2143 4709 ’

476 4845 551 4897 ram
577 4825 777 4916 Hedvigi
799 4826 934 4916 regina
969 4823 1153 4915 Poloniae,
1180 4846 1243 4915 pro
1271 4820 1480 4916 octuaginta
1500 4826 1625 4897 marcis
1652 4825 1801 4899 latorum
1829 4846 2029 4917 genesarum

475 4947 700 5038 Pragensium
729 4946 884 5020 vendidit
911 4952 946 5018 et
972 4947 1171 5037 resignavit.
1200 4948 1238 5017 ln
1267 4966 1335 5039 qna
1362 4948 1571 5037 nuntianti,
1599 4955 1635 5019 et
1662 4948 1809 5037 quilibet
1826 4947 1933 5019 solvit
1952 5003 1960 5017 .
1979 5003 1985 5017 .
2006 5002 2029 5037 .,

364 5116 369 5126 ·
476 5070 558 5139 item
587 5090 661 5159 ova,
688 5069 771 5139 item
797 5068 891 5159 galli,
918 5068 1001 5138 item
1028 5068 1129 5156 casei,
1157 5068 1238 5137 item
1266 5068 1408 5139 decima.
1436 5066 1596 5140 Gonfinat
1613 5089 1690 5139 cum
1720 5068 1811 5141 villis
1831 5122 1837 5137 .
1857 5122 1892 5137 ..

580 5190 756 5280 Bonane,
783 5190 867 5261 villa
901 5188 1135 5279 parochialem
1172 5189 1349 5261 ecclesiam
1386 5190 1518 5261 habens
1546 5190 1580 5261 in
1608 5210 1645 5261 se
1673 5190 1795 5280 sitam,
1822 5190 1922 5280 cuius
1951 5210 2027 5279 pro-

476 5312 609 5403 prietas
636 5312 679 5383 od
707 5311 954 5384 monasterium
991 5308 1318 5400 Ooprzywniczonse
1354 5310 1517 5400 pertinet.
1554 5310 1592 5381 ln
1621 5332 1689 5401 qua
1715 5316 1796 5383 sunt
1822 5310 1915 5383 lanei
1943 5331 2028 5383 cmc-

474 5433 644 5523 tbonales,
671 5437 707 5503 et
733 5432 879 5523 quilibet
905 5452 968 5521 pro
996 5451 1111 5501 aniano
1139 5451 1243 5503 censu
1271 5432 1375 5503 solvit
1394 5486 1404 5501 .
1421 5486 1427 5501 .
1447 5486 1472 5521 .,
1500 5432 1582 5502 item
1611 5432 1731 5521 gallos,
1750 5432 1929 5521 item'ora
1948 5433 2027 5503 item

475 5574 605 5643 caseos,
631 5556 713 5625 item
741 5554 874 5625 decima
901 5549 1100 5624 solvitur..
1120 5551 1306 5625 .Oonlinat
1332 5574 1407 5623 cum
1436 5552 1527 5636 uillis
1548 5606 1554 5622 .
1575 5608 1581 5621 .
1601 5608 1608 5622 .
1626 5551 1790 5642 Obligata
1817 5554 2025 5625 monasterio
2142 5606 2143 5609 ,

477 5696 540 5764 per
567 5675 748 5746 Nicolaum
774 5674 817 5745 de
835 5674 1150 5765 Szkotbuyky,
1170 5694 1286 5745 coram
1305 5673 1555 5745 Vladislao
1583 5673 1733 5745 secundo
1753 5673 1920 5745 Poloniae
1938 5692 2028 5764 rege,
2142 5672 2143 5731 1
