<?xml version="1.0" encoding="UTF-8"?>
<!DOCTYPE html PUBLIC "-//W3C//DTD XHTML 1.0 Transitional//EN"
    "http://www.w3.org/TR/xhtml1/DTD/xhtml1-transitional.dtd">
<html xmlns="http://www.w3.org/1999/xhtml" xml:lang="en" lang="en">
 <head>
  <title>
</title>
<meta http-equiv="Content-Type" content="text/html;charset=utf-8" />
  <meta name='ocr-system' content='tesseract 3.04.00' />
  <meta name='ocr-capabilities' content='ocr_page ocr_carea ocr_par ocr_line ocrx_word'/>
</head>
<body>
  <div class='ocr_page' id='page_1' title='image "./operaomnia00paulgoog_0025.png"; bbox 0 0 4492 6592; ppageno 0'>
   <div class='ocr_carea' id='block_1_1' title="bbox 313 713 509 793">
    <p class='ocr_par' dir='ltr' id='par_1_1' title="bbox 313 713 509 793">
     <span class='ocr_line' id='line_1_1' title="bbox 313 713 509 793; baseline -0.005 0"><span class='ocrx_word' id='word_1_1' title='bbox 313 713 509 793; x_wconf 85' lang='lat'>&#39;10</span> 
     </span>
    </p>
   </div>
   <div class='ocr_carea' id='block_1_2' title="bbox 457 895 2016 1377">
    <p class='ocr_par' dir='ltr' id='par_1_2' title="bbox 457 895 2016 1377">
     <span class='ocr_line' id='line_1_2' title="bbox 562 895 2015 1009; baseline -0.009 -13"><span class='ocrx_word' id='word_1_2' title='bbox 562 925 652 996; x_wconf 87' lang='lat' dir='ltr'>Item</span> <span class='ocrx_word' id='word_1_3' title='bbox 679 924 715 994; x_wconf 90' lang='lat' dir='ltr'>iu</span> <span class='ocrx_word' id='word_1_4' title='bbox 742 921 880 994; x_wconf 89' lang='lat' dir='ltr'>flumine</span> <span class='ocrx_word' id='word_1_5' title='bbox 907 919 1035 1009; x_wconf 79' lang='lat' dir='ltr'>Raba</span> <span class='ocrx_word' id='word_1_6' title='bbox 1060 917 1312 1007; x_wconf 83' lang='lat' dir='ltr'><strong>molendinum,</strong></span> <span class='ocrx_word' id='word_1_7' title='bbox 1337 916 1381 987; x_wconf 89' lang='lat' dir='ltr'>de</span> <span class='ocrx_word' id='word_1_8' title='bbox 1405 937 1473 1006; x_wconf 89' lang='lat' dir='ltr'>quo</span> <span class='ocrx_word' id='word_1_9' title='bbox 1499 937 1565 1006; x_wconf 91' lang='lat' dir='ltr'>pro</span> <span class='ocrx_word' id='word_1_10' title='bbox 1591 895 1804 988; x_wconf 87' lang='lat' dir='ltr'>monasterio</span> <span class='ocrx_word' id='word_1_11' title='bbox 1830 914 1926 984; x_wconf 89' lang='lat' dir='ltr'>duae·</span> <span class='ocrx_word' id='word_1_12' title='bbox 1945 933 2015 984; x_wconf 90' lang='lat' dir='ltr'>rne-</span> 
     </span>
     <span class='ocr_line' id='line_1_3' title="bbox 458 1034 2013 1140; baseline -0.009 -23"><span class='ocrx_word' id='word_1_13' title='bbox 458 1051 581 1134; x_wconf 88' lang='lat' dir='ltr'>tretae,</span> <span class='ocrx_word' id='word_1_14' title='bbox 608 1065 672 1134; x_wconf 91' lang='lat' dir='ltr'>pro</span> <span class='ocrx_word' id='word_1_15' title='bbox 700 1042 868 1114; x_wconf 87' lang='lat' dir='ltr'>molitore.</span> <span class='ocrx_word' id='word_1_16' title='bbox 891 1039 1019 1128; x_wconf 78' lang='lat' dir='ltr'>tartIa3</span> <span class='ocrx_word' id='word_1_17' title='bbox 1046 1044 1082 1110; x_wconf 91' lang='lat' dir='ltr'>et</span> <span class='ocrx_word' id='word_1_18' title='bbox 1113 1035 1247 1110; x_wconf 90' lang='lat' dir='ltr'>decima</span> <span class='ocrx_word' id='word_1_19' title='bbox 1273 1058 1455 1140; x_wconf 82' lang='lat' dir='ltr'>agrorum,</span> <span class='ocrx_word' id='word_1_20' title='bbox 1482 1057 1546 1126; x_wconf 92' lang='lat' dir='ltr'>pro</span> <span class='ocrx_word' id='word_1_21' title='bbox 1573 1035 1795 1109; x_wconf 86' lang='lat' dir='ltr'>monasterio.</span> <span class='ocrx_word' id='word_1_22' title='bbox 1835 1034 1924 1105; x_wconf 84' lang='lat' dir='ltr'>Item</span> <span class='ocrx_word' id='word_1_23' title='bbox 1951 1054 2013 1122; x_wconf 90' lang='lat' dir='ltr'>pro</span> 
     </span>
     <span class='ocr_line' id='line_1_4' title="bbox 459 1151 2016 1251; baseline -0.009 -13"><span class='ocrx_word' id='word_1_24' title='bbox 459 1165 605 1238; x_wconf 89' lang='lat' dir='ltr'>ecclesia</span> <span class='ocrx_word' id='word_1_25' title='bbox 634 1166 669 1234; x_wconf 93' lang='lat' dir='ltr'>in</span> <span class='ocrx_word' id='word_1_26' title='bbox 698 1161 854 1234; x_wconf 84' lang='lat' dir='ltr'>Obelm</span> <span class='ocrx_word' id='word_1_27' title='bbox 891 1160 1037 1251; x_wconf 79' lang='lat' dir='ltr'>quilibet</span> <span class='ocrx_word' id='word_1_28' title='bbox 1062 1163 1204 1232; x_wconf 88' lang='lat' dir='ltr'>tenetur</span> <span class='ocrx_word' id='word_1_29' title='bbox 1230 1157 1274 1230; x_wconf 91' lang='lat' dir='ltr'>de</span> <span class='ocrx_word' id='word_1_30' title='bbox 1300 1157 1402 1242; x_wconf 82' lang='lat' dir='ltr'>laneo</span> <span class='ocrx_word' id='word_1_31' title='bbox 1428 1157 1564 1230; x_wconf 86' lang='lat' dir='ltr'>solvere</span> <span class='ocrx_word' id='word_1_32' title='bbox 1590 1177 1694 1228; x_wconf 90' lang='lat' dir='ltr'>unam</span> <span class='ocrx_word' id='word_1_33' title='bbox 1721 1151 1918 1228; x_wconf 87' lang='lat' dir='ltr'>mensuram</span> <span class='ocrx_word' id='word_1_34' title='bbox 1944 1153 2016 1225; x_wconf 89' lang='lat' dir='ltr'>sili-</span> 
     </span>
     <span class='ocr_line' id='line_1_5' title="bbox 457 1275 2015 1377; baseline -0.008 -19"><span class='ocrx_word' id='word_1_35' title='bbox 457 1287 557 1377; x_wconf 83' lang='lat' dir='ltr'>ginis.</span> <span class='ocrx_word' id='word_1_36' title='bbox 585 1284 745 1356; x_wconf 83' lang='lat' dir='ltr'>Gonfinat</span> <span class='ocrx_word' id='word_1_37' title='bbox 766 1303 841 1354; x_wconf 87' lang='lat' dir='ltr'>curn</span> <span class='ocrx_word' id='word_1_38' title='bbox 861 1279 1235 1372; x_wconf 87' lang='lat' dir='ltr'>Lyaszkowicze,</span> <span class='ocrx_word' id='word_1_39' title='bbox 1263 1276 1643 1366; x_wconf 84' lang='lat' dir='ltr'>Grothknwicze,</span> <span class='ocrx_word' id='word_1_40' title='bbox 1668 1275 2015 1368; x_wconf 79' lang='lat' dir='ltr'>Lysszelranye,</span> 
     </span>
    </p>
   </div>
   <div class='ocr_carea' id='block_1_3' title="bbox 457 1393 2017 2576">
    <p class='ocr_par' dir='ltr' id='par_1_3' title="bbox 457 1393 2016 1615">
     <span class='ocr_line' id='line_1_6' title="bbox 458 1393 2016 1495; baseline -0.006 -18"><span class='ocrx_word' id='word_1_41' title='bbox 458 1407 658 1494; x_wconf 89' lang='lat' dir='ltr'>Szarow‚</span> <span class='ocrx_word' id='word_1_42' title='bbox 685 1404 816 1495; x_wconf 86' lang='lat' dir='ltr'>Klay,</span> <span class='ocrx_word' id='word_1_43' title='bbox 844 1400 1206 1484; x_wconf 76' lang='lat' dir='ltr'>Stanislawicre</span> <span class='ocrx_word' id='word_1_44' title='bbox 1232 1398 1439 1472; x_wconf 82' lang='lat' dir='ltr'>etGhelm</span> <span class='ocrx_word' id='word_1_45' title='bbox 1466 1403 1503 1470; x_wconf 92' lang='lat' dir='ltr'>et</span> <span class='ocrx_word' id='word_1_46' title='bbox 1520 1399 1649 1489; x_wconf 90' lang='lat' dir='ltr'>ubique</span> <span class='ocrx_word' id='word_1_47' title='bbox 1675 1393 1835 1493; x_wconf 52' lang='lat' dir='ltr'>apiacum.</span> <span class='ocrx_word' id='word_1_48' title='bbox 1875 1395 2016 1468; x_wconf 87' lang='lat' dir='ltr'>Donata</span> 
     </span>
     <span class='ocr_line' id='line_1_7' title="bbox 457 1520 1220 1615; baseline -0.01 -17"><span class='ocrx_word' id='word_1_49' title='bbox 457 1526 666 1600; x_wconf 88' lang='lat' dir='ltr'>monasterio</span> <span class='ocrx_word' id='word_1_50' title='bbox 693 1545 757 1615; x_wconf 88' lang='lat' dir='ltr'>per</span> <span class='ocrx_word' id='word_1_51' title='bbox 783 1522 1040 1594; x_wconf 85' lang='lat' dir='ltr'>MIchoram</span> <span class='ocrx_word' id='word_1_52' title='bbox 1066 1520 1220 1592; x_wconf 84' lang='lat' dir='ltr'>militem.</span> 
     </span>
    </p>

    <p class='ocr_par' dir='ltr' id='par_1_4' title="bbox 459 1635 2017 2576">
     <span class='ocr_line' id='line_1_8' title="bbox 564 1635 2016 1731; baseline -0.006 -15"><span class='ocrx_word' id='word_1_53' title='bbox 564 1636 744 1718; x_wconf 74' lang='lat' dir='ltr'>Taberna</span> <span class='ocrx_word' id='word_1_54' title='bbox 774 1648 813 1714; x_wconf 87' lang='lat' dir='ltr'>et</span> <span class='ocrx_word' id='word_1_55' title='bbox 829 1641 1054 1714; x_wconf 84' lang='lat' dir='ltr'>theloneum</span> <span class='ocrx_word' id='word_1_56' title='bbox 1083 1661 1189 1731; x_wconf 91' lang='lat' dir='ltr'>supra</span> <span class='ocrx_word' id='word_1_57' title='bbox 1206 1639 1390 1729; x_wconf 87' lang='lat' dir='ltr'>Rabam,</span> <span class='ocrx_word' id='word_1_58' title='bbox 1417 1639 1482 1710; x_wconf 91' lang='lat' dir='ltr'>sub</span> <span class='ocrx_word' id='word_1_59' title='bbox 1499 1638 1667 1728; x_wconf 90' lang='lat' dir='ltr'>parocbia</span> <span class='ocrx_word' id='word_1_60' title='bbox 1693 1637 1737 1708; x_wconf 92' lang='lat' dir='ltr'>de</span> <span class='ocrx_word' id='word_1_61' title='bbox 1755 1635 1911 1709; x_wconf 86' lang='lat' dir='ltr'>Gholm</span> <span class='ocrx_word' id='word_1_62' title='bbox 1939 1638 2016 1730; x_wconf 86' lang='lat' dir='ltr'>sita,</span> 
     </span>
     <span class='ocr_line' id='line_1_9' title="bbox 461 1757 2017 1856; baseline -0.004 -19"><span class='ocrx_word' id='word_1_63' title='bbox 461 1769 559 1838; x_wconf 91' lang='lat' dir='ltr'>cuius</span> <span class='ocrx_word' id='word_1_64' title='bbox 586 1764 784 1856; x_wconf 80' lang='lat' dir='ltr'>proprietas</span> <span class='ocrx_word' id='word_1_65' title='bbox 811 1761 855 1834; x_wconf 88' lang='lat' dir='ltr'>ad</span> <span class='ocrx_word' id='word_1_66' title='bbox 874 1762 1121 1840; x_wconf 86' lang='lat' dir='ltr'>monasterium</span> <span class='ocrx_word' id='word_1_67' title='bbox 1150 1759 1420 1851; x_wconf 84' lang='lat' dir='ltr'>Myecboviense</span> <span class='ocrx_word' id='word_1_68' title='bbox 1446 1761 1611 1849; x_wconf 81' lang='lat' dir='ltr'>pertinet,</span> <span class='ocrx_word' id='word_1_69' title='bbox 1638 1759 1737 1830; x_wconf 84' lang='lat' dir='ltr'>iuxta</span> <span class='ocrx_word' id='word_1_70' title='bbox 1762 1778 1867 1848; x_wconf 87' lang='lat' dir='ltr'>quam</span> <span class='ocrx_word' id='word_1_71' title='bbox 1892 1757 2017 1831; x_wconf 84' lang='lat' dir='ltr'>fluvius</span> 
     </span>
     <span class='ocr_line' id='line_1_10' title="bbox 459 1878 2017 1976; baseline -0.004 -18"><span class='ocrx_word' id='word_1_72' title='bbox 459 1887 601 1976; x_wconf 90' lang='lat' dir='ltr'>Raba,</span> <span class='ocrx_word' id='word_1_73' title='bbox 637 1886 769 1956; x_wconf 89' lang='lat' dir='ltr'>babens</span> <span class='ocrx_word' id='word_1_74' title='bbox 806 1883 898 1954; x_wconf 89' lang='lat' dir='ltr'>circa</span> <span class='ocrx_word' id='word_1_75' title='bbox 933 1882 1097 1974; x_wconf 89' lang='lat' dir='ltr'>oppidum</span> <span class='ocrx_word' id='word_1_76' title='bbox 1133 1881 1265 1954; x_wconf 87' lang='lat' dir='ltr'>Uszcze</span> <span class='ocrx_word' id='word_1_77' title='bbox 1291 1880 1399 1969; x_wconf 87' lang='lat' dir='ltr'>ostia,</span> <span class='ocrx_word' id='word_1_78' title='bbox 1436 1881 1473 1950; x_wconf 92' lang='lat' dir='ltr'>in</span> <span class='ocrx_word' id='word_1_79' title='bbox 1499 1878 1691 1950; x_wconf 89' lang='lat' dir='ltr'>Wislam</span> <span class='ocrx_word' id='word_1_80' title='bbox 1718 1878 1892 1968; x_wconf 86' lang='lat' dir='ltr'>decurrit,</span> <span class='ocrx_word' id='word_1_81' title='bbox 1920 1879 2017 1952; x_wconf 91' lang='lat' dir='ltr'>cuius</span> 
     </span>
     <span class='ocr_line' id='line_1_11' title="bbox 460 1998 2016 2097; baseline -0.004 -18"><span class='ocrx_word' id='word_1_82' title='bbox 460 2008 579 2079; x_wconf 88' lang='lat' dir='ltr'>alveus</span> <span class='ocrx_word' id='word_1_83' title='bbox 607 2027 709 2097; x_wconf 88' lang='lat' dir='ltr'>quarn</span> <span class='ocrx_word' id='word_1_84' title='bbox 736 2003 951 2095; x_wconf 83' lang='lat' dir='ltr'>frequentius</span> <span class='ocrx_word' id='word_1_85' title='bbox 977 2003 1118 2074; x_wconf 88' lang='lat' dir='ltr'>inflatur</span> <span class='ocrx_word' id='word_1_86' title='bbox 1145 2001 1264 2092; x_wconf 86' lang='lat' dir='ltr'>aquis,</span> <span class='ocrx_word' id='word_1_87' title='bbox 1301 2021 1344 2072; x_wconf 84' lang='lat' dir='ltr'>ex</span> <span class='ocrx_word' id='word_1_88' title='bbox 1371 2000 1519 2091; x_wconf 90' lang='lat' dir='ltr'>Alpibus</span> <span class='ocrx_word' id='word_1_89' title='bbox 1546 1999 1754 2072; x_wconf 88' lang='lat' dir='ltr'>Pannonicis</span> <span class='ocrx_word' id='word_1_90' title='bbox 1781 2004 1818 2071; x_wconf 86' lang='lat' dir='ltr'>at</span> <span class='ocrx_word' id='word_1_91' title='bbox 1842 1998 2016 2072; x_wconf 90' lang='lat' dir='ltr'>Polonicis</span> 
     </span>
     <span class='ocr_line' id='line_1_12' title="bbox 462 2121 2017 2215; baseline -0.004 -17"><span class='ocrx_word' id='word_1_92' title='bbox 462 2127 733 2215; x_wconf 87' lang='lat' dir='ltr'>confluentibus,</span> <span class='ocrx_word' id='word_1_93' title='bbox 761 2145 863 2214; x_wconf 82' lang='lat' dir='ltr'>saepe</span> <span class='ocrx_word' id='word_1_94' title='bbox 891 2121 1077 2195; x_wconf 88' lang='lat' dir='ltr'>invadosus</span> <span class='ocrx_word' id='word_1_95' title='bbox 1113 2129 1150 2193; x_wconf 92' lang='lat' dir='ltr'>et</span> <span class='ocrx_word' id='word_1_96' title='bbox 1175 2121 1389 2212; x_wconf 90' lang='lat' dir='ltr'>periculosus</span> <span class='ocrx_word' id='word_1_97' title='bbox 1416 2125 1471 2192; x_wconf 89' lang='lat' dir='ltr'>est</span> <span class='ocrx_word' id='word_1_98' title='bbox 1495 2121 1778 2210; x_wconf 79' lang='lat' dir='ltr'>transeuntibns3</span> <span class='ocrx_word' id='word_1_99' title='bbox 1803 2126 2017 2212; x_wconf 84' lang='lat' dir='ltr'>quapropter</span> 
     </span>
     <span class='ocr_line' id='line_1_13' title="bbox 462 2241 2014 2337; baseline -0.003 -19"><span class='ocrx_word' id='word_1_100' title='bbox 462 2247 708 2319; x_wconf 82' lang='lat' dir='ltr'>monasterium</span> <span class='ocrx_word' id='word_1_101' title='bbox 743 2244 1010 2337; x_wconf 87' lang='lat' dir='ltr'>Myechoviense</span> <span class='ocrx_word' id='word_1_102' title='bbox 1045 2243 1194 2314; x_wconf 84' lang='lat' dir='ltr'>fabricat</span> <span class='ocrx_word' id='word_1_103' title='bbox 1229 2262 1334 2332; x_wconf 89' lang='lat' dir='ltr'>snper</span> <span class='ocrx_word' id='word_1_104' title='bbox 1369 2242 1467 2314; x_wconf 91' lang='lat' dir='ltr'>illum</span> <span class='ocrx_word' id='word_1_105' title='bbox 1492 2247 1653 2334; x_wconf 88' lang='lat' dir='ltr'>pontem,</span> <span class='ocrx_word' id='word_1_106' title='bbox 1688 2247 1725 2312; x_wconf 91' lang='lat' dir='ltr'>et</span> <span class='ocrx_word' id='word_1_107' title='bbox 1759 2241 1895 2314; x_wconf 89' lang='lat' dir='ltr'>ratione</span> <span class='ocrx_word' id='word_1_108' title='bbox 1921 2242 2014 2332; x_wconf 84' lang='lat' dir='ltr'>illius</span> 
     </span>
     <span class='ocr_line' id='line_1_14' title="bbox 461 2362 2014 2455; baseline -0.002 -17"><span class='ocrx_word' id='word_1_109' title='bbox 461 2369 567 2438; x_wconf 87' lang='lat' dir='ltr'>babet</span> <span class='ocrx_word' id='word_1_110' title='bbox 602 2366 799 2438; x_wconf 89' lang='lat' dir='ltr'>theloneum</span> <span class='ocrx_word' id='word_1_111' title='bbox 827 2365 1000 2455; x_wconf 81' lang='lat' dir='ltr'>pontale,</span> <span class='ocrx_word' id='word_1_112' title='bbox 1022 2370 1058 2442; x_wconf 87' lang='lat' dir='ltr'>et</span> <span class='ocrx_word' id='word_1_113' title='bbox 1084 2369 1226 2434; x_wconf 87' lang='lat' dir='ltr'>tenetur</span> <span class='ocrx_word' id='word_1_114' title='bbox 1253 2362 1399 2452; x_wconf 89' lang='lat' dir='ltr'>quilibet</span> <span class='ocrx_word' id='word_1_115' title='bbox 1425 2415 1567 2433; x_wconf 92' lang='grc'><strong>......</strong></span> <span class='ocrx_word' id='word_1_116' title='bbox 1606 2363 1695 2434; x_wconf 85' lang='lat' dir='ltr'>Item</span> <span class='ocrx_word' id='word_1_117' title='bbox 1728 2363 1877 2434; x_wconf 86' lang='lat' dir='ltr'>taberna</span> <span class='ocrx_word' id='word_1_118' title='bbox 1908 2363 2014 2436; x_wconf 86' lang='lat' dir='ltr'>babet</span> 
     </span>
     <span class='ocr_line' id='line_1_15' title="bbox 463 2482 2016 2576; baseline -0.001 -18"><span class='ocrx_word' id='word_1_119' title='bbox 463 2508 566 2576; x_wconf 84' lang='lat' dir='ltr'>agros</span> <span class='ocrx_word' id='word_1_120' title='bbox 594 2507 637 2557; x_wconf 85' lang='lat' dir='ltr'>ex</span> <span class='ocrx_word' id='word_1_121' title='bbox 655 2491 802 2576; x_wconf 87' lang='lat' dir='ltr'>utraque</span> <span class='ocrx_word' id='word_1_122' title='bbox 829 2484 1105 2574; x_wconf 89' lang='lat' dir='ltr'>parte-fluminis</span> <span class='ocrx_word' id='word_1_123' title='bbox 1132 2482 1301 2574; x_wconf 88' lang='lat' dir='ltr'>Rabae,</span> <span class='ocrx_word' id='word_1_124' title='bbox 1327 2488 1364 2555; x_wconf 89' lang='lat' dir='ltr'>et</span> <span class='ocrx_word' id='word_1_125' title='bbox 1382 2483 1426 2554; x_wconf 95' lang='lat' dir='ltr'>de</span> <span class='ocrx_word' id='word_1_126' title='bbox 1443 2483 1538 2573; x_wconf 80' lang='lat' dir='ltr'>agris</span> <span class='ocrx_word' id='word_1_127' title='bbox 1564 2483 1703 2574; x_wconf 87' lang='lat' dir='ltr'>quidem</span> <span class='ocrx_word' id='word_1_128' title='bbox 1729 2504 1851 2556; x_wconf 87' lang='lat' dir='ltr'>versus</span> <span class='ocrx_word' id='word_1_129' title='bbox 1877 2483 2016 2556; x_wconf 81' lang='lat' dir='ltr'>Boc-b-</span> 
     </span>
    </p>
   </div>
   <div class='ocr_carea' id='block_1_4' title="bbox 339 2587 2015 2697">
    <p class='ocr_par' dir='ltr' id='par_1_5' title="bbox 339 2587 2015 2697">
     <span class='ocr_line' id='line_1_16' title="bbox 339 2587 2015 2697; baseline -0.001 -19"><span class='ocrx_word' id='word_1_130' title='bbox 339 2587 342 2595; x_wconf 40' lang='lat'><strong>¹</strong></span> <span class='ocrx_word' id='word_1_131' title='bbox 460 2629 483 2678; x_wconf 92' lang='lat' dir='ltr'>n</span> <span class='ocrx_word' id='word_1_132' title='bbox 493 2627 608 2697; x_wconf 83' lang='lat' dir='ltr'>yam,</span> <span class='ocrx_word' id='word_1_133' title='bbox 636 2605 740 2676; x_wconf 90' lang='lat' dir='ltr'>solvit</span> <span class='ocrx_word' id='word_1_134' title='bbox 757 2604 924 2676; x_wconf 90' lang='lat' dir='ltr'>decimam</span> <span class='ocrx_word' id='word_1_135' title='bbox 941 2603 1193 2693; x_wconf 84' lang='lat' dir='ltr'>manipularem</span> <span class='ocrx_word' id='word_1_136' title='bbox 1210 2603 1359 2692; x_wconf 92' lang='lat' dir='ltr'>plebano</span> <span class='ocrx_word' id='word_1_137' title='bbox 1377 2604 1413 2674; x_wconf 95' lang='lat' dir='ltr'>in</span> <span class='ocrx_word' id='word_1_138' title='bbox 1432 2603 1605 2694; x_wconf 88' lang='lat' dir='ltr'>Gbelm,</span> <span class='ocrx_word' id='word_1_139' title='bbox 1633 2604 1676 2676; x_wconf 90' lang='lat' dir='ltr'>de</span> <span class='ocrx_word' id='word_1_140' title='bbox 1694 2605 1789 2694; x_wconf 82' lang='lat' dir='ltr'>agris</span> <span class='ocrx_word' id='word_1_141' title='bbox 1806 2624 1891 2676; x_wconf 84' lang='lat' dir='ltr'>vero</span> <span class='ocrx_word' id='word_1_142' title='bbox 1918 2610 2015 2676; x_wconf 88' lang='lat' dir='ltr'>trans</span> 
     </span>
    </p>
   </div>
   <div class='ocr_carea' id='block_1_5' title="bbox 461 2723 2017 2937">
    <p class='ocr_par' dir='ltr' id='par_1_6' title="bbox 461 2723 2017 2937">
     <span class='ocr_line' id='line_1_17' title="bbox 461 2723 2015 2813; baseline 0 -17"><span class='ocrx_word' id='word_1_143' title='bbox 461 2726 629 2797; x_wconf 85' lang='lat' dir='ltr'>Rabam</span> <span class='ocrx_word' id='word_1_144' title='bbox 656 2745 777 2797; x_wconf 89' lang='lat' dir='ltr'>versus</span> <span class='ocrx_word' id='word_1_145' title='bbox 805 2723 990 2796; x_wconf 86' lang='lat' dir='ltr'>Thurek</span> <span class='ocrx_word' id='word_1_146' title='bbox 1023 2724 1207 2795; x_wconf 81' lang='lat' dir='ltr'>tabernam</span> <span class='ocrx_word' id='word_1_147' title='bbox 1234 2723 1328 2813; x_wconf 90' lang='lat' dir='ltr'>sitis,</span> <span class='ocrx_word' id='word_1_148' title='bbox 1364 2724 1469 2796; x_wconf 85' lang='lat' dir='ltr'>solvit</span> <span class='ocrx_word' id='word_1_149' title='bbox 1496 2725 1664 2796; x_wconf 90' lang='lat' dir='ltr'>decimam</span> <span class='ocrx_word' id='word_1_150' title='bbox 1687 2777 1804 2794; x_wconf 91' lang='grc'><strong>.....</strong></span> <span class='ocrx_word' id='word_1_151' title='bbox 1844 2725 1934 2798; x_wconf 89' lang='lat' dir='ltr'>Item</span> <span class='ocrx_word' id='word_1_152' title='bbox 1960 2746 2015 2796; x_wconf 89' lang='lat' dir='ltr'>ra·</span> 
     </span>
     <span class='ocr_line' id='line_1_18' title="bbox 462 2843 2017 2937; baseline -0.001 -19"><span class='ocrx_word' id='word_1_153' title='bbox 462 2847 557 2918; x_wconf 91' lang='lat' dir='ltr'>tione</span> <span class='ocrx_word' id='word_1_154' title='bbox 585 2866 727 2934; x_wconf 88' lang='lat' dir='ltr'>census,</span> <span class='ocrx_word' id='word_1_155' title='bbox 764 2850 800 2915; x_wconf 91' lang='lat' dir='ltr'>et</span> <span class='ocrx_word' id='word_1_156' title='bbox 826 2844 963 2916; x_wconf 88' lang='lat' dir='ltr'>ratione</span> <span class='ocrx_word' id='word_1_157' title='bbox 999 2843 1154 2914; x_wconf 90' lang='lat' dir='ltr'>thelonei</span> <span class='ocrx_word' id='word_1_158' title='bbox 1186 2843 1278 2934; x_wconf 91' lang='lat' dir='ltr'>quod</span> <span class='ocrx_word' id='word_1_159' title='bbox 1315 2844 1480 2935; x_wconf 90' lang='lat' dir='ltr'>areudat,</span> <span class='ocrx_word' id='word_1_160' title='bbox 1515 2845 1620 2917; x_wconf 80' lang='lat' dir='ltr'>solvit</span> <span class='ocrx_word' id='word_1_161' title='bbox 1646 2845 1858 2918; x_wconf 89' lang='lat' dir='ltr'>monasterio</span> <span class='ocrx_word' id='word_1_162' title='bbox 1875 2846 2017 2937; x_wconf 45' lang='lat' dir='ltr'>,upari</span> 
     </span>
    </p>
   </div>
   <div class='ocr_carea' id='block_1_6' title="bbox 315 2963 2015 3060">
    <p class='ocr_par' dir='ltr' id='par_1_7' title="bbox 315 2963 2015 3060">
     <span class='ocr_line' id='line_1_19' title="bbox 315 2963 2015 3060; baseline -0.001 -21"><span class='ocrx_word' id='word_1_163' title='bbox 315 3055 318 3060; x_wconf 22' lang='grc' dir='ltr'>Ι</span> <span class='ocrx_word' id='word_1_164' title='bbox 464 2971 614 3056; x_wconf 89' lang='lat' dir='ltr'>quatuor</span> <span class='ocrx_word' id='word_1_165' title='bbox 640 2985 794 3054; x_wconf 88' lang='lat' dir='ltr'>marcas,</span> <span class='ocrx_word' id='word_1_166' title='bbox 831 2968 866 3034; x_wconf 93' lang='lat' dir='ltr'>et</span> <span class='ocrx_word' id='word_1_167' title='bbox 892 2983 955 3054; x_wconf 90' lang='lat' dir='ltr'>pro</span> <span class='ocrx_word' id='word_1_168' title='bbox 984 2963 1196 3054; x_wconf 77' lang='lat' dir='ltr'>quibuslibet</span> <span class='ocrx_word' id='word_1_169' title='bbox 1223 2969 1371 3053; x_wconf 91' lang='lat' dir='ltr'>quatuor</span> <span class='ocrx_word' id='word_1_170' title='bbox 1397 2965 1611 3054; x_wconf 84' lang='lat' dir='ltr'>temporibus</span> <span class='ocrx_word' id='word_1_171' title='bbox 1638 2985 1700 3037; x_wconf 86' lang='lat' dir='ltr'>sex</span> <span class='ocrx_word' id='word_1_172' title='bbox 1727 2986 1907 3038; x_wconf 85' lang='lat' dir='ltr'>mensuras</span> <span class='ocrx_word' id='word_1_173' title='bbox 1933 2966 2015 3038; x_wconf 87' lang='lat' dir='ltr'>salis</span> 
     </span>
    </p>
   </div>
   <div class='ocr_carea' id='block_1_7' title="bbox 463 3083 2017 3541">
    <p class='ocr_par' dir='ltr' id='par_1_8' title="bbox 464 3083 1678 3174">
     <span class='ocr_line' id='line_1_20' title="bbox 464 3083 1678 3174; baseline -0.002 -16"><span class='ocrx_word' id='word_1_174' title='bbox 464 3086 554 3158; x_wconf 89' lang='lat' dir='ltr'>cocti</span> <span class='ocrx_word' id='word_1_175' title='bbox 572 3085 706 3156; x_wconf 89' lang='lat' dir='ltr'>minuti.</span> <span class='ocrx_word' id='word_1_176' title='bbox 746 3084 886 3156; x_wconf 85' lang='lat' dir='ltr'>Donata</span> <span class='ocrx_word' id='word_1_177' title='bbox 911 3084 1121 3155; x_wconf 89' lang='lat' dir='ltr'>monasterio</span> <span class='ocrx_word' id='word_1_178' title='bbox 1149 3104 1213 3174; x_wconf 90' lang='lat' dir='ltr'>per</span> <span class='ocrx_word' id='word_1_179' title='bbox 1238 3083 1497 3156; x_wconf 87' lang='lat' dir='ltr'>Michoram</span> <span class='ocrx_word' id='word_1_180' title='bbox 1523 3085 1678 3156; x_wconf 89' lang='lat' dir='ltr'>militem.</span> 
     </span>
    </p>

    <p class='ocr_par' dir='ltr' id='par_1_9' title="bbox 463 3204 2017 3541">
     <span class='ocr_line' id='line_1_21' title="bbox 565 3204 2013 3298; baseline 0.003 -22"><span class='ocrx_word' id='word_1_181' title='bbox 565 3205 738 3295; x_wconf 76' lang='lat' dir='ltr'>Taunus,</span> <span class='ocrx_word' id='word_1_182' title='bbox 772 3204 920 3296; x_wconf 88' lang='lat' dir='ltr'>taberna</span> <span class='ocrx_word' id='word_1_183' title='bbox 955 3205 1018 3276; x_wconf 92' lang='lat' dir='ltr'>sub</span> <span class='ocrx_word' id='word_1_184' title='bbox 1046 3205 1212 3294; x_wconf 90' lang='lat' dir='ltr'>parochia</span> <span class='ocrx_word' id='word_1_185' title='bbox 1247 3205 1290 3276; x_wconf 91' lang='lat' dir='ltr'>de</span> <span class='ocrx_word' id='word_1_186' title='bbox 1317 3204 1473 3277; x_wconf 84' lang='lat' dir='ltr'>Gbelm</span> <span class='ocrx_word' id='word_1_187' title='bbox 1499 3206 1585 3296; x_wconf 89' lang='lat' dir='ltr'>sita,</span> <span class='ocrx_word' id='word_1_188' title='bbox 1621 3206 1718 3279; x_wconf 89' lang='lat' dir='ltr'>culus</span> <span class='ocrx_word' id='word_1_189' title='bbox 1745 3207 1943 3298; x_wconf 78' lang='lat' dir='ltr'>proprietas</span> <span class='ocrx_word' id='word_1_190' title='bbox 1969 3209 2013 3280; x_wconf 83' lang='lat' dir='ltr'>ad</span> 
     </span>
     <span class='ocr_line' id='line_1_22' title="bbox 463 3323 2015 3419; baseline 0.002 -21"><span class='ocrx_word' id='word_1_191' title='bbox 463 3325 711 3398; x_wconf 90' lang='lat' dir='ltr'>monasterium</span> <span class='ocrx_word' id='word_1_192' title='bbox 729 3323 998 3418; x_wconf 86' lang='lat' dir='ltr'>Myechoviense</span> <span class='ocrx_word' id='word_1_193' title='bbox 1016 3325 1177 3416; x_wconf 89' lang='lat' dir='ltr'>pertinet</span> <span class='ocrx_word' id='word_1_194' title='bbox 1218 3325 1314 3413; x_wconf 76' lang='lat' dir='ltr'>Quae</span> <span class='ocrx_word' id='word_1_195' title='bbox 1332 3326 1438 3398; x_wconf 87' lang='lat' dir='ltr'>habet</span> <span class='ocrx_word' id='word_1_196' title='bbox 1464 3325 1507 3398; x_wconf 90' lang='lat' dir='ltr'>de</span> <span class='ocrx_word' id='word_1_197' title='bbox 1525 3327 1621 3418; x_wconf 80' lang='lat' dir='ltr'>agris</span> <span class='ocrx_word' id='word_1_198' title='bbox 1639 3327 1718 3419; x_wconf 91' lang='lat' dir='ltr'>plus</span> <span class='ocrx_word' id='word_1_199' title='bbox 1737 3348 1840 3418; x_wconf 89' lang='lat' dir='ltr'>quam</span> <span class='ocrx_word' id='word_1_200' title='bbox 1865 3329 2015 3401; x_wconf 87' lang='lat' dir='ltr'>medium</span> 
     </span>
     <span class='ocr_line' id='line_1_23' title="bbox 465 3444 2017 3541; baseline 0.003 -25"><span class='ocrx_word' id='word_1_201' title='bbox 465 3446 602 3518; x_wconf 89' lang='lat' dir='ltr'>laneum</span> <span class='ocrx_word' id='word_1_202' title='bbox 629 3451 667 3518; x_wconf 91' lang='lat' dir='ltr'>et</span> <span class='ocrx_word' id='word_1_203' title='bbox 684 3451 799 3537; x_wconf 89' lang='lat' dir='ltr'>prata,</span> <span class='ocrx_word' id='word_1_204' title='bbox 827 3449 862 3516; x_wconf 90' lang='lat' dir='ltr'>et</span> <span class='ocrx_word' id='word_1_205' title='bbox 880 3444 984 3518; x_wconf 88' lang='lat' dir='ltr'>solvit</span> <span class='ocrx_word' id='word_1_206' title='bbox 1010 3462 1074 3536; x_wconf 87' lang='lat' dir='ltr'>pro</span> <span class='ocrx_word' id='word_1_207' title='bbox 1093 3465 1199 3518; x_wconf 89' lang='lat' dir='ltr'>censu</span> <span class='ocrx_word' id='word_1_208' title='bbox 1217 3465 1277 3518; x_wconf 88' lang='lat' dir='ltr'>sex</span> <span class='ocrx_word' id='word_1_209' title='bbox 1294 3466 1439 3518; x_wconf 86' lang='lat' dir='ltr'>marcas.</span> <span class='ocrx_word' id='word_1_210' title='bbox 1478 3447 1567 3518; x_wconf 84' lang='lat' dir='ltr'>Item</span> <span class='ocrx_word' id='word_1_211' title='bbox 1584 3469 1655 3519; x_wconf 94' lang='lat' dir='ltr'>non</span> <span class='ocrx_word' id='word_1_212' title='bbox 1672 3448 1774 3520; x_wconf 83' lang='lat' dir='ltr'>solvit</span> <span class='ocrx_word' id='word_1_213' title='bbox 1795 3468 1879 3538; x_wconf 86' lang='lat' dir='ltr'>ova,</span> <span class='ocrx_word' id='word_1_214' title='bbox 1906 3470 2017 3541; x_wconf 90' lang='lat' dir='ltr'>neque</span> 
     </span>
    </p>
   </div>
   <div class='ocr_carea' id='block_1_8' title="bbox 312 3553 2021 3675">
    <p class='ocr_par' dir='ltr' id='par_1_10' title="bbox 312 3553 2021 3675">
     <span class='ocr_line' id='line_1_24' title="bbox 312 3553 2021 3675; baseline -0.001 -35"><span class='ocrx_word' id='word_1_215' title='bbox 312 3606 333 3675; x_wconf 21' lang='lat'>¹·</span> <span class='ocrx_word' id='word_1_216' title='bbox 461 3567 586 3658; x_wconf 83' lang='lat' dir='ltr'>gallos,</span> <span class='ocrx_word' id='word_1_217' title='bbox 612 3587 724 3659; x_wconf 93' lang='lat' dir='ltr'>neque</span> <span class='ocrx_word' id='word_1_218' title='bbox 751 3553 880 3638; x_wconf 89' lang='lat' dir='ltr'>caseos.</span> <span class='ocrx_word' id='word_1_219' title='bbox 919 3566 1008 3640; x_wconf 91' lang='lat' dir='ltr'>Item</span> <span class='ocrx_word' id='word_1_220' title='bbox 1036 3565 1078 3637; x_wconf 91' lang='lat' dir='ltr'>de</span> <span class='ocrx_word' id='word_1_221' title='bbox 1103 3567 1198 3661; x_wconf 76' lang='lat' dir='ltr'>agris</span> <span class='ocrx_word' id='word_1_222' title='bbox 1215 3567 1383 3640; x_wconf 87' lang='lat' dir='ltr'>tabernae</span> <span class='ocrx_word' id='word_1_223' title='bbox 1409 3567 1578 3640; x_wconf 87' lang='lat' dir='ltr'>medietas</span> <span class='ocrx_word' id='word_1_224' title='bbox 1605 3568 1759 3641; x_wconf 85' lang='lat' dir='ltr'>decimae</span> <span class='ocrx_word' id='word_1_225' title='bbox 1785 3570 2021 3661; x_wconf 79' lang='lat' dir='ltr'>manipularis,</span> 
     </span>
    </p>
   </div>
   <div class='ocr_carea' id='block_1_9' title="bbox 459 3685 2016 4384">
    <p class='ocr_par' dir='ltr' id='par_1_11' title="bbox 462 3685 2016 3902">
     <span class='ocr_line' id='line_1_25' title="bbox 465 3685 2016 3792; baseline 0.001 -32"><span class='ocrx_word' id='word_1_226' title='bbox 465 3688 613 3760; x_wconf 88' lang='lat' dir='ltr'>solvitur</span> <span class='ocrx_word' id='word_1_227' title='bbox 630 3709 693 3779; x_wconf 90' lang='lat' dir='ltr'>pro</span> <span class='ocrx_word' id='word_1_228' title='bbox 713 3687 923 3760; x_wconf 87' lang='lat' dir='ltr'>monasterio</span> <span class='ocrx_word' id='word_1_229' title='bbox 942 3685 1215 3780; x_wconf 84' lang='lat' dir='ltr'>Myechoviensi,</span> <span class='ocrx_word' id='word_1_230' title='bbox 1244 3694 1280 3760; x_wconf 93' lang='lat' dir='ltr'>et</span> <span class='ocrx_word' id='word_1_231' title='bbox 1297 3687 1465 3761; x_wconf 89' lang='lat' dir='ltr'>medietas</span> <span class='ocrx_word' id='word_1_232' title='bbox 1483 3709 1548 3780; x_wconf 86' lang='lat' dir='ltr'>pro</span> <span class='ocrx_word' id='word_1_233' title='bbox 1565 3690 1765 3780; x_wconf 90' lang='lat' dir='ltr'>praebenda</span> <span class='ocrx_word' id='word_1_234' title='bbox 1783 3689 2016 3792; x_wconf 79' lang='lat' dir='ltr'>cracoviensi,</span> 
     </span>
     <span class='ocr_line' id='line_1_26' title="bbox 462 3806 964 3902; baseline -0.006 -22"><span class='ocrx_word' id='word_1_235' title='bbox 462 3829 550 3902; x_wconf 89' lang='lat' dir='ltr'>quae</span> <span class='ocrx_word' id='word_1_236' title='bbox 568 3812 713 3880; x_wconf 86' lang='lat' dir='ltr'>vocatur</span> <span class='ocrx_word' id='word_1_237' title='bbox 740 3806 964 3880; x_wconf 83' lang='lat' dir='ltr'>Bodzowska.</span> 
     </span>
    </p>

    <p class='ocr_par' dir='ltr' id='par_1_12' title="bbox 459 3927 2014 4384">
     <span class='ocr_line' id='line_1_27' title="bbox 566 3927 2014 4024; baseline 0.003 -26"><span class='ocrx_word' id='word_1_238' title='bbox 566 3927 685 4020; x_wconf 77' lang='lat' dir='ltr'>Knar,</span> <span class='ocrx_word' id='word_1_239' title='bbox 721 3927 805 3999; x_wconf 88' lang='lat' dir='ltr'>villa</span> <span class='ocrx_word' id='word_1_240' title='bbox 831 3927 929 4020; x_wconf 83' lang='lat' dir='ltr'>regia</span> <span class='ocrx_word' id='word_1_241' title='bbox 955 3928 1019 4002; x_wconf 88' lang='lat' dir='ltr'>sub</span> <span class='ocrx_word' id='word_1_242' title='bbox 1046 3927 1212 4020; x_wconf 86' lang='lat' dir='ltr'>parochIa</span> <span class='ocrx_word' id='word_1_243' title='bbox 1238 3927 1281 4002; x_wconf 92' lang='lat' dir='ltr'>de</span> <span class='ocrx_word' id='word_1_244' title='bbox 1298 3927 1333 4000; x_wconf 92' lang='lat' dir='ltr'>N</span> <span class='ocrx_word' id='word_1_245' title='bbox 1340 3929 1669 4022; x_wconf 86' lang='lat' dir='ltr'>yepolomicze.</span> <span class='ocrx_word' id='word_1_246' title='bbox 1708 3931 1750 4004; x_wconf 94' lang='lat' dir='ltr'>In</span> <span class='ocrx_word' id='word_1_247' title='bbox 1777 3952 1846 4022; x_wconf 91' lang='lat' dir='ltr'>qua</span> <span class='ocrx_word' id='word_1_248' title='bbox 1872 3938 2014 4024; x_wconf 88' lang='lat' dir='ltr'>praeter</span> 
     </span>
     <span class='ocr_line' id='line_1_28' title="bbox 459 4049 2014 4142; baseline 0.005 -23"><span class='ocrx_word' id='word_1_249' title='bbox 459 4049 578 4122; x_wconf 91' lang='lat' dir='ltr'>laneos</span> <span class='ocrx_word' id='word_1_250' title='bbox 605 4051 722 4140; x_wconf 81' lang='lat' dir='ltr'>regios</span> <span class='ocrx_word' id='word_1_251' title='bbox 749 4056 785 4121; x_wconf 89' lang='lat' dir='ltr'>et</span> <span class='ocrx_word' id='word_1_252' title='bbox 804 4055 946 4140; x_wconf 91' lang='lat' dir='ltr'>praeter</span> <span class='ocrx_word' id='word_1_253' title='bbox 972 4050 1155 4122; x_wconf 90' lang='lat' dir='ltr'>tabernam</span> <span class='ocrx_word' id='word_1_254' title='bbox 1181 4050 1332 4141; x_wconf 80' lang='lat' dir='ltr'>regiam,</span> <span class='ocrx_word' id='word_1_255' title='bbox 1359 4049 1403 4122; x_wconf 93' lang='lat' dir='ltr'>de</span> <span class='ocrx_word' id='word_1_256' title='bbox 1421 4071 1566 4142; x_wconf 91' lang='lat' dir='ltr'>quornm</span> <span class='ocrx_word' id='word_1_257' title='bbox 1593 4054 1688 4142; x_wconf 78' lang='lat' dir='ltr'>agris</span> <span class='ocrx_word' id='word_1_258' title='bbox 1716 4052 1864 4124; x_wconf 85' lang='lat' dir='ltr'>solvitur</span> <span class='ocrx_word' id='word_1_259' title='bbox 1882 4053 2014 4140; x_wconf 89' lang='lat' dir='ltr'>decima</span> 
     </span>
     <span class='ocr_line' id='line_1_29' title="bbox 461 4169 2012 4265; baseline 0.004 -25"><span class='ocrx_word' id='word_1_260' title='bbox 461 4170 687 4260; x_wconf 90' lang='lat' dir='ltr'>manipularis</span> <span class='ocrx_word' id='word_1_261' title='bbox 706 4175 742 4242; x_wconf 91' lang='lat' dir='ltr'>et</span> <span class='ocrx_word' id='word_1_262' title='bbox 760 4169 935 4260; x_wconf 88' lang='lat' dir='ltr'>cana‘palis</span> <span class='ocrx_word' id='word_1_263' title='bbox 954 4190 1018 4260; x_wconf 90' lang='lat' dir='ltr'>pro</span> <span class='ocrx_word' id='word_1_264' title='bbox 1037 4169 1237 4260; x_wconf 84' lang='lat' dir='ltr'>praebenda</span> <span class='ocrx_word' id='word_1_265' title='bbox 1254 4169 1494 4262; x_wconf 74' lang='lat' dir='ltr'>Crotoniensi,</span> <span class='ocrx_word' id='word_1_266' title='bbox 1520 4193 1608 4263; x_wconf 90' lang='lat' dir='ltr'>quae</span> <span class='ocrx_word' id='word_1_267' title='bbox 1626 4179 1771 4245; x_wconf 85' lang='lat' dir='ltr'>vocatur</span> <span class='ocrx_word' id='word_1_268' title='bbox 1789 4173 2012 4265; x_wconf 81' lang='lat' dir='ltr'>Bodaowska,</span> 
     </span>
     <span class='ocr_line' id='line_1_30' title="bbox 461 4271 2012 4384; baseline 0.004 -22"><span class='ocrx_word' id='word_1_269' title='bbox 461 4295 542 4362; x_wconf 89' lang='lat' dir='ltr'>sunt</span> <span class='ocrx_word' id='word_1_270' title='bbox 577 4290 627 4372; x_wconf 91' lang='lat' dir='ltr'>ibi</span> <span class='ocrx_word' id='word_1_271' title='bbox 654 4290 741 4362; x_wconf 87' lang='lat' dir='ltr'>dnae</span> <span class='ocrx_word' id='word_1_272' title='bbox 768 4289 987 4361; x_wconf 88' lang='lat' dir='ltr'>hortulaniae</span> <span class='ocrx_word' id='word_1_273' title='bbox 1023 4271 1192 4362; x_wconf 87' lang='lat' dir='ltr'>habentes</span> <span class='ocrx_word' id='word_1_274' title='bbox 1218 4311 1342 4380; x_wconf 82' lang='lat' dir='ltr'>agros,</span> <span class='ocrx_word' id='word_1_275' title='bbox 1374 4313 1519 4382; x_wconf 89' lang='lat' dir='ltr'>quarum</span> <span class='ocrx_word' id='word_1_276' title='bbox 1545 4293 1741 4384; x_wconf 88' lang='lat' dir='ltr'>proprietas</span> <span class='ocrx_word' id='word_1_277' title='bbox 1768 4294 1813 4366; x_wconf 89' lang='lat' dir='ltr'>ad</span> <span class='ocrx_word' id='word_1_278' title='bbox 1839 4302 2012 4368; x_wconf 90' lang='lat' dir='ltr'>monaste-</span> 
     </span>
    </p>
   </div>
   <div class='ocr_carea' id='block_1_10' title="bbox 331 4408 2159 4748">
    <p class='ocr_par' dir='ltr' id='par_1_13' title="bbox 331 4408 2159 4748">
     <span class='ocr_line' id='line_1_31' title="bbox 331 4408 2159 4519; baseline 0.007 -41"><span class='ocrx_word' id='word_1_279' title='bbox 331 4487 335 4498; x_wconf 48' lang='lat'>,</span> <span class='ocrx_word' id='word_1_280' title='bbox 460 4409 551 4480; x_wconf 88' lang='lat' dir='ltr'>rium</span> <span class='ocrx_word' id='word_1_281' title='bbox 577 4408 845 4500; x_wconf 82' lang='lat' dir='ltr'>MyecbovIense</span> <span class='ocrx_word' id='word_1_282' title='bbox 872 4410 1042 4500; x_wconf 88' lang='lat' dir='ltr'>pertinet,</span> <span class='ocrx_word' id='word_1_283' title='bbox 1077 4416 1114 4482; x_wconf 90' lang='lat' dir='ltr'>et</span> <span class='ocrx_word' id='word_1_284' title='bbox 1141 4410 1316 4502; x_wconf 89' lang='lat' dir='ltr'>quaelibet</span> <span class='ocrx_word' id='word_1_285' title='bbox 1353 4411 1458 4484; x_wconf 87' lang='lat' dir='ltr'>solvit</span> <span class='ocrx_word' id='word_1_286' title='bbox 1489 4416 1699 4488; x_wconf 88' lang='lat' dir='ltr'>monasterio</span> <span class='ocrx_word' id='word_1_287' title='bbox 1726 4415 1845 4487; x_wconf 90' lang='lat' dir='ltr'>decem</span> <span class='ocrx_word' id='word_1_288' title='bbox 1871 4423 2012 4507; x_wconf 86' lang='lat' dir='ltr'>scottos,</span> <span class='ocrx_word' id='word_1_289' title='bbox 2158 4506 2159 4519; x_wconf 13' lang='grc' dir='ltr'><strong>ἶ</strong></span> 
     </span>
     <span class='ocr_line' id='line_1_32' title="bbox 461 4529 2012 4630; baseline 0.008 -33"><span class='ocrx_word' id='word_1_290' title='bbox 461 4534 497 4599; x_wconf 88' lang='lat' dir='ltr'>et</span> <span class='ocrx_word' id='word_1_291' title='bbox 513 4549 617 4598; x_wconf 89' lang='lat' dir='ltr'>unam</span> <span class='ocrx_word' id='word_1_292' title='bbox 644 4529 734 4599; x_wconf 89' lang='lat' dir='ltr'>diem</span> <span class='ocrx_word' id='word_1_293' title='bbox 762 4529 923 4620; x_wconf 89' lang='lat' dir='ltr'>pedester</span> <span class='ocrx_word' id='word_1_294' title='bbox 942 4529 977 4600; x_wconf 92' lang='lat' dir='ltr'>in</span> <span class='ocrx_word' id='word_1_295' title='bbox 997 4531 1190 4620; x_wconf 90' lang='lat' dir='ltr'>septimana</span> <span class='ocrx_word' id='word_1_296' title='bbox 1215 4531 1362 4605; x_wconf 90' lang='lat' dir='ltr'>laborat.</span> <span class='ocrx_word' id='word_1_297' title='bbox 1400 4533 1488 4605; x_wconf 89' lang='lat' dir='ltr'>Item</span> <span class='ocrx_word' id='word_1_298' title='bbox 1506 4536 1583 4626; x_wconf 80' lang='lat' dir='ltr'>agri</span> <span class='ocrx_word' id='word_1_299' title='bbox 1609 4536 1887 4608; x_wconf 88' lang='lat' dir='ltr'>hortulaniarum</span> <span class='ocrx_word' id='word_1_300' title='bbox 1912 4559 2012 4630; x_wconf 83' lang='lat' dir='ltr'>prae·</span> 
     </span>
     <span class='ocr_line' id='line_1_33' title="bbox 460 4647 2159 4748; baseline 0.008 -28"><span class='ocrx_word' id='word_1_301' title='bbox 460 4647 610 4720; x_wconf 87' lang='lat' dir='ltr'>latarum</span> <span class='ocrx_word' id='word_1_302' title='bbox 639 4648 777 4720; x_wconf 88' lang='lat' dir='ltr'>solvunt</span> <span class='ocrx_word' id='word_1_303' title='bbox 809 4655 844 4721; x_wconf 91' lang='lat' dir='ltr'>et</span> <span class='ocrx_word' id='word_1_304' title='bbox 872 4649 1261 4724; x_wconf 84' lang='lat' dir='ltr'>conducuntdecimam</span> <span class='ocrx_word' id='word_1_305' title='bbox 1288 4655 1537 4746; x_wconf 85' lang='lat' dir='ltr'>manipularem</span> <span class='ocrx_word' id='word_1_306' title='bbox 1563 4677 1628 4747; x_wconf 91' lang='lat' dir='ltr'>pro</span> <span class='ocrx_word' id='word_1_307' title='bbox 1654 4658 1854 4748; x_wconf 88' lang='lat' dir='ltr'>praebenda</span> <span class='ocrx_word' id='word_1_308' title='bbox 1889 4658 2014 4732; x_wconf 65' lang='lat' dir='ltr'>(traco-</span> <span class='ocrx_word' id='word_1_309' title='bbox 2158 4680 2159 4701; x_wconf 63' lang='lat'>¹</span> 
     </span>
    </p>
   </div>
   <div class='ocr_carea' id='block_1_11' title="bbox 459 4761 1134 4860">
    <p class='ocr_par' dir='ltr' id='par_1_14' title="bbox 459 4761 1134 4860">
     <span class='ocr_line' id='line_1_34' title="bbox 459 4761 1134 4860; baseline 0.006 -19"><span class='ocrx_word' id='word_1_310' title='bbox 459 4769 586 4860; x_wconf 82' lang='lat' dir='ltr'>riensi,</span> <span class='ocrx_word' id='word_1_311' title='bbox 623 4789 711 4860; x_wconf 87' lang='lat' dir='ltr'>quac</span> <span class='ocrx_word' id='word_1_312' title='bbox 738 4777 882 4842; x_wconf 88' lang='lat' dir='ltr'>vocatur</span> <span class='ocrx_word' id='word_1_313' title='bbox 908 4761 1134 4844; x_wconf 83' lang='lat' dir='ltr'>Bodzowska</span> 
     </span>
    </p>
   </div>
   <div class='ocr_carea' id='block_1_12' title="bbox 458 4889 2159 5236">
    <p class='ocr_par' dir='ltr' id='par_1_15' title="bbox 458 4888 2159 5236">
     <span class='ocr_line' id='line_1_35' title="bbox 563 4889 2011 5005; baseline 0.01 -45"><span class='ocrx_word' id='word_1_314' title='bbox 563 4889 801 4982; x_wconf 76' lang='lat' dir='ltr'>Mscznczrn,</span> <span class='ocrx_word' id='word_1_315' title='bbox 829 4891 911 4963; x_wconf 85' lang='lat' dir='ltr'>villa</span> <span class='ocrx_word' id='word_1_316' title='bbox 937 4893 1001 4964; x_wconf 91' lang='lat' dir='ltr'>sub</span> <span class='ocrx_word' id='word_1_317' title='bbox 1028 4894 1194 4984; x_wconf 90' lang='lat' dir='ltr'>parochia</span> <span class='ocrx_word' id='word_1_318' title='bbox 1221 4895 1264 4966; x_wconf 89' lang='lat' dir='ltr'>de</span> <span class='ocrx_word' id='word_1_319' title='bbox 1281 4894 1555 4989; x_wconf 90' lang='lat' dir='ltr'>Pobyednik</span> <span class='ocrx_word' id='word_1_320' title='bbox 1581 4899 1663 4990; x_wconf 91' lang='lat' dir='ltr'>sita,</span> <span class='ocrx_word' id='word_1_321' title='bbox 1690 4899 1797 5005; x_wconf 19' lang='lat' dir='ltr'>cuius.</span> <span class='ocrx_word' id='word_1_322' title='bbox 1814 4902 2011 4993; x_wconf 85' lang='lat' dir='ltr'>proprietas</span> 
     </span>
     <span class='ocr_line' id='line_1_36' title="bbox 460 5012 2012 5129; baseline 0.007 -44"><span class='ocrx_word' id='word_1_323' title='bbox 460 5013 503 5086; x_wconf 90' lang='lat' dir='ltr'>ad</span> <span class='ocrx_word' id='word_1_324' title='bbox 518 5013 766 5084; x_wconf 89' lang='lat' dir='ltr'>monasterium</span> <span class='ocrx_word' id='word_1_325' title='bbox 784 5012 1053 5104; x_wconf 81' lang='lat' dir='ltr'>Myecboviense</span> <span class='ocrx_word' id='word_1_326' title='bbox 1070 5017 1232 5106; x_wconf 90' lang='lat' dir='ltr'>pertinet.</span> <span class='ocrx_word' id='word_1_327' title='bbox 1258 5017 1298 5088; x_wconf 96' lang='lat' dir='ltr'>In</span> <span class='ocrx_word' id='word_1_328' title='bbox 1313 5039 1382 5109; x_wconf 87' lang='lat' dir='ltr'>qua</span> <span class='ocrx_word' id='word_1_329' title='bbox 1394 5024 1476 5091; x_wconf 92' lang='lat' dir='ltr'>sunt</span> <span class='ocrx_word' id='word_1_330' title='bbox 1493 5019 1689 5129; x_wconf 80' lang='lat' dir='ltr'>indIstincti</span> <span class='ocrx_word' id='word_1_331' title='bbox 1704 5022 1797 5094; x_wconf 90' lang='lat' dir='ltr'>lanei</span> <span class='ocrx_word' id='word_1_332' title='bbox 1815 5025 2012 5096; x_wconf 89' lang='lat' dir='ltr'>cmetbona-</span> 
     </span>
     <span class='ocr_line' id='line_1_37' title="bbox 458 5134 2159 5236; baseline 0.008 -30"><span class='ocrx_word' id='word_1_333' title='bbox 458 5135 528 5225; x_wconf 88' lang='lat' dir='ltr'>les,</span> <span class='ocrx_word' id='word_1_334' title='bbox 556 5141 592 5206; x_wconf 87' lang='lat' dir='ltr'>et</span> <span class='ocrx_word' id='word_1_335' title='bbox 611 5134 757 5226; x_wconf 91' lang='lat' dir='ltr'>quilibet</span> <span class='ocrx_word' id='word_1_336' title='bbox 783 5135 888 5207; x_wconf 87' lang='lat' dir='ltr'>solvit</span> <span class='ocrx_word' id='word_1_337' title='bbox 915 5155 1068 5226; x_wconf 90' lang='lat' dir='ltr'>censum,</span> <span class='ocrx_word' id='word_1_338' title='bbox 1105 5135 1166 5209; x_wconf 91' lang='lat' dir='ltr'>sed</span> <span class='ocrx_word' id='word_1_339' title='bbox 1194 5137 1445 5230; x_wconf 88' lang='lat' dir='ltr'>diversimode;</span> <span class='ocrx_word' id='word_1_340' title='bbox 1472 5161 1552 5212; x_wconf 90' lang='lat' dir='ltr'>nam</span> <span class='ocrx_word' id='word_1_341' title='bbox 1579 5142 1688 5233; x_wconf 89' lang='lat' dir='ltr'>aliqui</span> <span class='ocrx_word' id='word_1_342' title='bbox 1713 5165 1776 5234; x_wconf 90' lang='lat' dir='ltr'>per</span> <span class='ocrx_word' id='word_1_343' title='bbox 1802 5165 1877 5235; x_wconf 84' lang='lat' dir='ltr'>sex,</span> <span class='ocrx_word' id='word_1_344' title='bbox 1904 5146 2012 5236; x_wconf 87' lang='lat' dir='ltr'>aliqui</span> <span class='ocrx_word' id='word_1_345' title='bbox 2158 5190 2159 5193; x_wconf 60' lang='lat'><em>=</em></span> 
     </span>
    </p>
   </div>
   <div class='ocr_carea' id='block_1_13' title="bbox 459 5255 2005 5363">
    <p class='ocr_par' dir='ltr' id='par_1_16' title="bbox 459 5255 2005 5363">
     <span class='ocr_line' id='line_1_38' title="bbox 459 5255 2005 5363; baseline 0.009 -39"><span class='ocrx_word' id='word_1_346' title='bbox 459 5255 597 5326; x_wconf 89' lang='lat' dir='ltr'>solvunt</span> <span class='ocrx_word' id='word_1_347' title='bbox 622 5277 685 5346; x_wconf 92' lang='lat' dir='ltr'>per</span> <span class='ocrx_word' id='word_1_348' title='bbox 713 5256 848 5347; x_wconf 88' lang='lat' dir='ltr'>decem,</span> <span class='ocrx_word' id='word_1_349' title='bbox 877 5257 984 5347; x_wconf 91' lang='lat' dir='ltr'>aliqui</span> <span class='ocrx_word' id='word_1_350' title='bbox 1011 5278 1074 5348; x_wconf 90' lang='lat' dir='ltr'>per</span> <span class='ocrx_word' id='word_1_351' title='bbox 1102 5263 1180 5330; x_wconf 92' lang='lat' dir='ltr'>octo</span> <span class='ocrx_word' id='word_1_352' title='bbox 1208 5264 1358 5363; x_wconf 83' lang='lat' dir='ltr'>scottos,</span> <span class='ocrx_word' id='word_1_353' title='bbox 1386 5260 1474 5362; x_wconf 90' lang='lat' dir='ltr'>item</span> <span class='ocrx_word' id='word_1_354' title='bbox 1497 5283 1563 5334; x_wconf 87' lang='lat' dir='ltr'>ova</span> <span class='ocrx_word' id='word_1_355' title='bbox 1594 5263 1757 5356; x_wconf 85' lang='lat' dir='ltr'>triginta,</span> <span class='ocrx_word' id='word_1_356' title='bbox 1785 5265 1869 5336; x_wconf 87' lang='lat' dir='ltr'>item</span> <span class='ocrx_word' id='word_1_357' title='bbox 1893 5266 2005 5356; x_wconf 78' lang='lat' dir='ltr'>gallos</span> 
     </span>
    </p>
   </div>
   <div class='ocr_carea' id='block_1_14' title="bbox 460 5373 2159 5477">
    <p class='ocr_par' dir='ltr' id='par_1_17' title="bbox 460 5373 2159 5477">
     <span class='ocr_line' id='line_1_39' title="bbox 460 5373 2159 5477; baseline 0.009 -33"><span class='ocrx_word' id='word_1_358' title='bbox 460 5373 559 5464; x_wconf 90' lang='lat' dir='ltr'>duos,</span> <span class='ocrx_word' id='word_1_359' title='bbox 596 5375 679 5446; x_wconf 91' lang='lat' dir='ltr'>item</span> <span class='ocrx_word' id='word_1_360' title='bbox 712 5397 832 5450; x_wconf 90' lang='lat' dir='ltr'>caseos</span> <span class='ocrx_word' id='word_1_361' title='bbox 877 5377 983 5468; x_wconf 92' lang='lat' dir='ltr'>duos;</span> <span class='ocrx_word' id='word_1_362' title='bbox 1010 5379 1092 5450; x_wconf 93' lang='lat' dir='ltr'>item</span> <span class='ocrx_word' id='word_1_363' title='bbox 1125 5401 1194 5452; x_wconf 91' lang='lat' dir='ltr'>uon</span> <span class='ocrx_word' id='word_1_364' title='bbox 1229 5379 1361 5453; x_wconf 85' lang='lat' dir='ltr'>faciunt</span> <span class='ocrx_word' id='word_1_365' title='bbox 1391 5381 1525 5472; x_wconf 91' lang='lat' dir='ltr'>aliquos</span> <span class='ocrx_word' id='word_1_366' title='bbox 1564 5377 1703 5457; x_wconf 87' lang='lat' dir='ltr'>labores</span> <span class='ocrx_word' id='word_1_367' title='bbox 1733 5385 1770 5456; x_wconf 93' lang='lat' dir='ltr'>in</span> <span class='ocrx_word' id='word_1_368' title='bbox 1802 5387 2010 5477; x_wconf 85' lang='lat' dir='ltr'>septimana,</span> <span class='ocrx_word' id='word_1_369' title='bbox 2158 5446 2159 5459; x_wconf 70' lang='grc'>,</span> 
     </span>
    </p>
   </div>
   <div class='ocr_carea' id='block_1_15' title="bbox 377 5495 2011 5720">
    <p class='ocr_par' dir='ltr' id='par_1_18' title="bbox 377 5495 2011 5720">
     <span class='ocr_line' id='line_1_40' title="bbox 458 5495 2011 5598; baseline 0.011 -35"><span class='ocrx_word' id='word_1_370' title='bbox 458 5514 571 5584; x_wconf 90' lang='lat' dir='ltr'>neque</span> <span class='ocrx_word' id='word_1_371' title='bbox 619 5495 802 5588; x_wconf 82' lang='lat' dir='ltr'>ducturas3</span> <span class='ocrx_word' id='word_1_372' title='bbox 850 5499 933 5571; x_wconf 90' lang='lat' dir='ltr'>item</span> <span class='ocrx_word' id='word_1_373' title='bbox 974 5522 1111 5597; x_wconf 77' lang='lat' dir='ltr'>osszpep</span> <span class='ocrx_word' id='word_1_374' title='bbox 1153 5501 1309 5592; x_wconf 84' lang='lat' dir='ltr'>solvunt3</span> <span class='ocrx_word' id='word_1_375' title='bbox 1353 5503 1436 5574; x_wconf 90' lang='lat' dir='ltr'>item</span> <span class='ocrx_word' id='word_1_376' title='bbox 1477 5505 1644 5577; x_wconf 88' lang='lat' dir='ltr'>tabernae</span> <span class='ocrx_word' id='word_1_377' title='bbox 1678 5527 1757 5578; x_wconf 89' lang='lat' dir='ltr'>non</span> <span class='ocrx_word' id='word_1_378' title='bbox 1784 5513 1884 5598; x_wconf 93' lang='lat' dir='ltr'>sunt,</span> <span class='ocrx_word' id='word_1_379' title='bbox 1930 5509 2011 5580; x_wconf 88' lang='lat' dir='ltr'>item</span> 
     </span>
     <span class='ocr_line' id='line_1_41' title="bbox 377 5613 2008 5720; baseline 0.011 -36"><span class='ocrx_word' id='word_1_380' title='bbox 377 5690 380 5696; x_wconf 64' lang='grc'><strong>,</strong></span> <span class='ocrx_word' id='word_1_381' title='bbox 456 5613 676 5687; x_wconf 86' lang='lat' dir='ltr'>hortulaniae</span> <span class='ocrx_word' id='word_1_382' title='bbox 711 5639 779 5689; x_wconf 90' lang='lat' dir='ltr'>non</span> <span class='ocrx_word' id='word_1_383' title='bbox 806 5625 904 5711; x_wconf 88' lang='lat' dir='ltr'>sunt,</span> <span class='ocrx_word' id='word_1_384' title='bbox 932 5622 1015 5694; x_wconf 92' lang='lat' dir='ltr'>item</span> <span class='ocrx_word' id='word_1_385' title='bbox 1051 5622 1231 5716; x_wconf 89' lang='lat' dir='ltr'>praedium</span> <span class='ocrx_word' id='word_1_386' title='bbox 1258 5646 1326 5697; x_wconf 89' lang='lat' dir='ltr'>nou</span> <span class='ocrx_word' id='word_1_387' title='bbox 1354 5629 1408 5699; x_wconf 85' lang='lat' dir='ltr'>est</span> <span class='ocrx_word' id='word_1_388' title='bbox 1442 5625 1583 5720; x_wconf 89' lang='lat' dir='ltr'>aliquod</span> <span class='ocrx_word' id='word_1_389' title='bbox 1609 5627 1809 5700; x_wconf 87' lang='lat' dir='ltr'>coenobiale</span> <span class='ocrx_word' id='word_1_390' title='bbox 1835 5629 1871 5700; x_wconf 94' lang='lat' dir='ltr'>in</span> <span class='ocrx_word' id='word_1_391' title='bbox 1889 5629 2008 5704; x_wconf 71' lang='lat' dir='ltr'>mdem</span> 
     </span>
    </p>
   </div>
   <div class='ocr_carea' id='block_1_16' title="bbox 0 0 2250 6592">
    <p class='ocr_par' dir='ltr' id='par_1_19' title="bbox 0 0 2250 6592">
     <span class='ocr_line' id='line_1_42' title="bbox 0 0 2250 6592; baseline 0 1"><span class='ocrx_word' id='word_1_392' title='bbox 0 0 2250 6592; x_wconf 95' lang='lat' dir='ltr'> </span> 
     </span>
    </p>
   </div>
  </div>
 </body>
</html>
