4492 6592
1719 729 1768 800 97

223 929 319 1006 rodes
355 929 550 1002 Stanislaus
594 930 890 1023 Byenyatecz
903 930 984 1022 slry
1020 951 1095 1002 cum
1132 930 1211 1003 aliis
1245 932 1420 1023 pluribus,
1456 933 1533 1026 qui
1552 955 1670 1006 omnes
1707 935 1772 1007 soli

220 1053 333 1126 colunt
369 1072 473 1143 agros
500 1051 643 1142 proprio
671 1054 806 1141 aratro,
842 1055 879 1123 et
905 1051 1045 1124 solvunt
1072 1052 1241 1125 decimam
1267 1053 1515 1144 manipularem
1542 1057 1578 1126 in
1605 1055 1771 1148 Busko,

218 1180 254 1246 66
279 1173 378 1244 66166
404 1173 479 1244 eius
514 1172 728 1244 aestimatur
751 1170 795 1244 ad
821 1175 911 1262 tres,
948 1177 1009 1244 aut
1037 1176 1187 1263 quatuor
1212 1194 1357 1252 marcas.
1397 1175 1486 1246 Item
1514 1181 1597 1281 sunt
1622 1177 1672 1248 ibi
1698 1181 1772 1250 tres
1824 1267 1828 1274 ¹

219 1293 439 1368 hortulaniae
465 1294 633 1366 habentes
661 1313 782 1386 agree,
812 1293 854 1366 de
882 1293 1006 1385 quibus
1034 1293 1182 1366 solvitur
1209 1300 1246 1368 et
1272 1294 1477 1368 conducitur
1502 1297 1636 1369 decima
1661 1299 1774 1370 mani-

218 1415 352 1506 pularis
378 1434 443 1504 pro
471 1413 642 1487 decanatu
669 1413 962 1503 Sandomiriensi3
997 1415 1095 1486 valor
1120 1415 1165 1488 ad
1191 1415 1339 1487 mediam
1366 1436 1527 1488 marcam.

285 1605 291 1618 ,
322 1534 469 1606 Munus
496 1535 693 1622 Kosrnuu,
720 1536 803 1608 villa
829 1536 893 1608 sub
912 1536 1077 1628 parochia
1093 1535 1261 1608 ecclesiae
1286 1535 1331 1608 de
1349 1536 1503 1609 Busko
1528 1537 1607 1610 sita.
1646 1539 1687 1609 In
1706 1560 1774 1630 qua
1803 1565 1806 1570 ·

219 1661 296 1728 suut
323 1655 443 1746 plures
470 1655 610 1728 nobiles·
630 1655 674 1728 de
692 1657 798 1730 armis
826 1711 967 1728 ......
994 1657 1149 1763 colentes
1175 1677 1240 1748 pro
1259 1677 1298 1729 66
1324 1677 1427 1748 agros
1454 1657 1558 1730 villae
1584 1659 1773 1750 praefatae.

217 1777 300 1862 item
332 1781 412 1848 sunt
447 1776 580 1868 aliquot
615 1777 833 1850 hortulaniae
869 1778 1038 1853 habentes
1065 1798 1186 1870 agros,
1214 1777 1258 1850 de
1285 1778 1411 1869 quibus
1438 1780 1598 1852 omuibus
1624 1781 1773 1852 solvitur

217 1897 350 1972 decima
376 1897 602 1990 manipularis
639 1899 675 1971 in
702 1898 875 1988 Busko,
911 1903 947 1972 ct
973 1899 1072 1972 valor
1106 1899 1182 1972 eius
1208 1901 1414 1971 aestimatur
1445 1899 1489 1970 ad
1515 1905 1589 1971 tres
1625 1922 1769 1973 666666.

317 2019 451 2090 116666
476 2018 673 2112 Kosrunr,
701 2019 784 2092 61116
810 2019 875 2094 sub
897 2021 1064 2112 parochia
1091 2020 1258 2094 ecclesiae
1284 2019 1328 2092 de
1351 2020 1504 2092 Busko
1530 2020 1607 2092 6166.
1647 2021 1688 2092 16
1706 2042 1775 2112 qua

218 2146 296 2214 sunt
321 2141 443 2232 plures
470 2122 603 2214 nobiles
629 2141 672 2214 de
690 2141 797 2214 armis
825 2195 966 2212 ......
993 2141 1146 2215 colentes
1172 2161 1236 2232 per
1254 2161 1291 2214 66
1318 2162 1421 2231 agros
1448 2140 1553 2214 611166
1578 2141 1773 2233 praefatam

87 2269 88 2276 '
216 2262 296 2336 item
327 2267 411 2335 sunt
437 2263 570 2354 aliquot
603 2263 822 2336 hortulaniae
849 2262 1019 2336 habentes
1045 2283 1167 2354 agros,
1194 2262 1388 2354 dequibus
1415 2261 1564 2335 solvitur
1591 2262 1774 2336 etcondu-
1855 2262 1859 2267 ’
1974 2253 1986 2268 ‘

216 2385 302 2456 citur
334 2383 468 2456 decima
494 2383 721 2476 manipularis
747 2404 811 2476 pro
838 2385 1049 2474 monasterio
1075 2383 1113 2456 in
1140 2383 1304 2475 Busko,
1330 2387 1367 2456 66
1384 2383 1483 2456 66166
1509 2384 1583 2456 eius
1609 2383 1772 2456 aestima-

216 2512 271 2578 tur
298 2505 347 2578 ad
374 2510 448 2578 tres
474 2525 618 2580 marcas.

317 2620 649 2718 Swrnscnurczu‚
685 2627 768 2698 uilla
803 2626 868 2700 sub
895 2625 1062 2718 parochia
1097 2624 1141 2698 de
1167 2625 1320 2698 Busko
1347 2625 1434 2716 sita,
1465 2625 1563 2698 cuius
1589 2625 1773 2698 haeredes:
1905 2662 1913 2677 ·

217 2748 382 2826 Nicolaus
408 2748 725 2841 Byechousky
752 2747 796 2820 de
822 2747 928 2820 armis
954 2717 1140 2820 Posala
1164 2767 1230 2837 pro
1255 2746 1379 2818 maiori
1404 2751 1521 2838 parte,
1547 2751 1584 2819 66
1601 2744 1774 2838 Georgius

87 2945 88 2948 ,
217 2868 374 2942 Szowa
401 2869 445 2942 de
463 2871 569 2942 armis
595 2869 838 2960 Druszyna
864 2890 929 2960 pro
946 2868 1073 2942 minori
1100 2872 1211 2959 parte.
1250 2869 1292 2940 lu
1310 2889 1379 2958 qua
1396 2871 1478 2938 sunt
1494 2867 1654 2940 undecim
1681 2847 1774 2942 lanei

219 2991 472 3081 66661666166,
499 2996 536 3063 66
554 3009 615 3063 sex
642 2991 861 3064 hortulaniae
886 2991 1057 3064 habentes
1083 3009 1201 3080 agros,
1228 2989 1415 3080 dequibus
1441 2989 1599 3061 omnibus
1626 2989 1775 3062 soluitur

87 3183 88 3188 ,
219 3118 253 3184 66
278 3111 487 3184 conducitur
513 3112 647 3186 decima
673 3112 900 3203 manipudaris
926 3132 991 3203 pro
1010 3111 1183 3184 66666666
1208 3108 1494 3201 Saudomiricnsi‚
1520 3115 1558 3182 ct
1574 3110 1674 3182 valor
1699 3111 1775 3185 6166

87 3317 88 3324 Ν
218 3235 426 3308 aestimatur
453 3235 498 3308 ad
524 3234 643 3322 decem
672 3241 709 3308 66
735 3240 816 3308 octo
841 3254 985 3308 marcas.
1024 3234 1113 3306 Item
1141 3239 1224 3306 sunt
1249 3233 1300 3306 ibi
1325 3233 1502 3324 tabernae,
1529 3231 1592 3306 scd
1616 3232 1775 3305 666166-

219 3357 299 3428 bent
333 3377 451 3448 agros.
491 3356 580 3430 Item
612 3361 694 3430 sunt
729 3357 779 3430 ibi
814 3355 883 3429 duo
916 3354 1060 3447 praedia
1094 3353 1263 3428 militaria
1297 3355 1466 3427 habentos
1501 3374 1625 3445 agros,
1660 3357 1697 3425 et
1732 3353 1776 3426 de
1864 3379 1869 3392 ·

220 3477 380 3552 omuibus
407 3477 554 3550 solvitur
577 3477 710 3550 decima
735 3477 963 3569 manipularis
989 3475 1202 3550 monasterio
1228 3476 1266 3548 in
1291 3475 1456 3548 Busko.
1490 3474 1602 3547 Valor
1627 3474 1674 3546 ad
1692 3496 1776 3566 qua-

87 3643 88 3664 6
218 3603 294 3672 6666
311 3618 461 3672 marcas.

87 3715 88 3740 ¹
313 3720 609 3812 Scznwonzrsz,
636 3721 719 3792 villa
745 3719 880 3794 habens
906 3718 1087 3792 ecclesiam
1113 3717 1264 3810 ligneam
1290 3717 1327 3788 in
1345 3737 1392 3788 66.
1432 3715 1472 3786 Io
1491 3734 1561 3806 qua
1577 3718 1659 3787 sunt
1684 3715 1776 3787 lanei

87 3837 88 3858 ¹
219 3843 464 3933 emethonalcs‚
491 3843 573 3916 item
600 3827 785 3932 tabernae,
811 3839 1146 3930 166616666166166,
1172 3839 1258 3910 item
1275 3859 1380 3909 unum
1407 3836 1587 3926 praedium
1614 3835 1778 3927 militare,

220 3963 259 4036 de
286 3964 415 4055 quibus
442 3964 600 4036 omnibus
627 3963 776 4036 solvitur
802 3969 838 4035 66
856 3961 1061 4064 conducitm
1088 3959 1222 4032 decima
1248 3956 1475 4048 manipularis
1500 3958 1712 4028 monasterio
1738 3957 1775 4028 in
1893 3941 1911 3967 ‘

220 4085 382 4175 Busko,
407 4090 445 4156 66
470 4085 570 4158 valor
596 4085 670 4156 eins
698 4083 905 4156 6666166666
932 4081 976 4154 ad
1003 4135 1145 4152 ......
1252 4157 1256 4164 ,
1864 4083 1870 4092 ·

321 4205 490 4297 (166666,
521 4207 605 4279 uilla
632 4207 696 4280 sub
723 4205 890 4297 parochia
917 4203 960 4276 de
979 4257 1093 4274 .....
1102 4275 1104 4284 q
1120 4201 1199 4276 sita
1238 4202 1367 4291 Inqua
1396 4202 1479 4271 sunt
1504 4198 1596 4270 lanei
1622 4198 1775 4270 6666166-

219 4330 332 4421 noles,
361 4329 446 4402 item
474 4329 658 4418 tabernae,
686 4328 769 4400 item
795 4326 1033 4417 hortulaniae,
1065 4326 1149 4398 item
1175 4323 1355 4415 praedium
1381 4321 1551 4412 militare,
1578 4320 1621 4393 de
1648 4321 1774 4410 quibus

220 4452 382 4524 omnibns
406 4450 554 4524 solvitur
589 4455 626 4522 66
651 4448 856 4522 conducitur
891 4447 1025 4520 decima
1059 4445 1286 4538 manipularis
1312 4443 1521 4516 monasterio
1547 4442 1585 4512 in
1611 4441 1776 4531 Busko,

221 4574 382 4646 6666166
407 4573 482 4646 eius
509 4571 715 4647 aestimatur
741 4571 786 4644 ad
919 4623 954 4640 ..

321 4694 501 4784 smnow,
537 4693 622 4766 uilla
655 4694 719 4767 sub
755 4691 922 4784 parochia
957 4689 1121 4766 ecclesiae
1158 4686 1202 4760 de
1229 4741 1370 4758 ......
1396 4686 1474 4761 sita.
1513 4683 1554 4755 In
1591 4704 1661 4774 qua
1695 4687 1777 4754 sunt

180 4878 185 4887 .
220 4817 319 4908 lanei,
348 4816 536 4908 dequibus
563 4793 711 4888 soluitur
729 4813 863 4886 decima
889 4810 1115 4903 manipularis
1142 4814 1179 4882 et
1195 4807 1381 4899 canapalis.
1420 4805 1511 4878 Item
1529 4810 1585 4877 est
1601 4805 1638 4874 iu
1657 4804 1775 4874 eadem

223 4938 303 5010 61116
329 4938 512 5030 praedium
548 4939 687 5010 unicum
721 4935 890 5026 militare,
926 4935 1009 5006 item
1043 4937 1098 5004 666
1131 4952 1202 5004 666
1235 4930 1401 5020 taberna,
1436 4927 1569 4999 habens
1604 4946 1708 5016 agros
1733 4923 1777 4994 de

223 5079 289 5133 nno
315 5061 438 5151 laneo,
464 5064 501 5132 66
526 5066 598 5132 666
626 5059 670 5132 dc
696 5059 789 5150 agris
816 5055 1071 5149 praedialibus,
1100 5073 1203 5146 quarn
1229 5051 1273 5123 dc
1290 5051 1385 5142 agris
1411 5049 1448 5120 in
1474 5047 1646 5136 Busko,
1673 5044 1777 5116 solui-

223 5187 277 5255 tur
304 5183 441 5256 decima
466 5181 694 5276 manipularis
719 5182 756 5254 in
783 5180 947 5254 Busko.
987 5177 1098 5250 Valor
1124 5176 1199 5247 cius
1226 5172 1271 5244 ad
1295 5177 1371 5244 6666
1398 5190 1544 5242 marcas,

325 5304 547 5377 Snounruur
573 5303 726 5394 Pnavn,
755 5301 838 5374 villa
865 5302 929 5374 sub
947 5297 1112 5402 parochia
1139 5295 1304 5367 ecclesiae
1330 5292 1374 5364 de
1392 5343 1507 5362 .....
1531 5290 1608 5361 sita.
1647 5287 1689 5358 In
1708 5307 1778 5378 qua
1857 5319 1860 5322 ’

224 5431 301 5498 suut
328 5431 479 5518 quatuor
506 5425 655 5517 nobiles,
682 5426 741 5517 qui
760 5444 864 5517 agros
881 5442 945 5515 per
963 5441 1000 5493 66
1019 5420 1157 5507 colunt3
1182 5417 1267 5488 item
1294 5418 1376 5488 sunt
1402 5411 1536 5502 aliquot
1558 5408 1776 5481 hortulaniae

87 5572 101 5644 6·
224 5547 457 5637 praelatorum
484 5548 671 5640 nobilium,
697 5547 866 5620 habentes
894 5563 1014 5635 egros,
1051 5545 1091 5612 66
1117 5539 1161 5611 de
1187 5537 1346 5611 omuibus
1371 5533 1520 5608 solvitur
1545 5531 1681 5604 decima
1706 5550 1779 5602 mo-

87 5689 88 5706 *
224 5670 440 5742 6666661616
468 5669 632 5761 Busko,
660 5673 696 5741 66
722 5669 820 5740 valor
846 5667 921 5740 eius
948 5663 994 5738 ad
1019 5683 1081 5738 sex
1107 5678 1242 5734 marcas
1269 5656 1484 5730 aestimatur.

326 5839 377 5880 lun.
390 5837 541 5881 1666666111.
1585 5802 1621 5851 13
