<?xml version="1.0" encoding="UTF-8"?>
<!DOCTYPE html PUBLIC "-//W3C//DTD XHTML 1.0 Transitional//EN"
    "http://www.w3.org/TR/xhtml1/DTD/xhtml1-transitional.dtd">
<html xmlns="http://www.w3.org/1999/xhtml" xml:lang="en" lang="en">
 <head>
  <title>
</title>
<meta http-equiv="Content-Type" content="text/html;charset=utf-8" />
  <meta name='ocr-system' content='tesseract 3.04.00' />
  <meta name='ocr-capabilities' content='ocr_page ocr_carea ocr_par ocr_line ocrx_word'/>
</head>
<body>
  <div class='ocr_page' id='page_1' title='image "./operaomnia00paulgoog_0240.png"; bbox 0 0 4492 6592; ppageno 0'>
   <div class='ocr_carea' id='block_1_1' title="bbox 1712 765 1785 849">
    <p class='ocr_par' dir='ltr' id='par_1_1' title="bbox 1712 765 1785 849">
     <span class='ocr_line' id='line_1_1' title="bbox 1712 765 1785 849; baseline 0 0"><span class='ocrx_word' id='word_1_1' title='bbox 1712 765 1785 849; x_wconf 78' lang='lat' dir='ltr'>am</span> 
     </span>
    </p>
   </div>
   <div class='ocr_carea' id='block_1_2' title="bbox 82 931 1788 1075">
    <p class='ocr_par' dir='ltr' id='par_1_2' title="bbox 82 931 1788 1075">
     <span class='ocr_line' id='line_1_2' title="bbox 82 931 1788 1075; baseline 0.001 -22"><span class='ocrx_word' id='word_1_2' title='bbox 82 931 84 944; x_wconf 37' lang='grc' dir='ltr'>Ι</span> <span class='ocrx_word' id='word_1_3' title='bbox 221 982 333 1055; x_wconf 84' lang='lat' dir='ltr'>Item</span> <span class='ocrx_word' id='word_1_4' title='bbox 356 989 409 1055; x_wconf 87' lang='lat' dir='ltr'>eat</span> <span class='ocrx_word' id='word_1_5' title='bbox 432 982 485 1063; x_wconf 88' lang='lat' dir='ltr'>ibi</span> <span class='ocrx_word' id='word_1_6' title='bbox 509 982 678 1075; x_wconf 89' lang='lat' dir='ltr'>optimum</span> <span class='ocrx_word' id='word_1_7' title='bbox 713 976 892 1073; x_wconf 87' lang='lat' dir='ltr'>praedium</span> <span class='ocrx_word' id='word_1_8' title='bbox 928 982 1147 1072; x_wconf 72' lang='lat' dir='ltr'>coenobiale,</span> <span class='ocrx_word' id='word_1_9' title='bbox 1182 982 1226 1053; x_wconf 91' lang='lat' dir='ltr'>de</span> <span class='ocrx_word' id='word_1_10' title='bbox 1253 984 1351 1055; x_wconf 90' lang='lat' dir='ltr'>cuius</span> <span class='ocrx_word' id='word_1_11' title='bbox 1382 982 1477 1072; x_wconf 83' lang='lat' dir='ltr'>agris</span> <span class='ocrx_word' id='word_1_12' title='bbox 1513 980 1661 1055; x_wconf 87' lang='lat' dir='ltr'>solvitur</span> <span class='ocrx_word' id='word_1_13' title='bbox 1682 980 1788 1057; x_wconf 81' lang='lat' dir='ltr'>deci·</span> 
     </span>
    </p>
   </div>
   <div class='ocr_carea' id='block_1_3' title="bbox 82 1103 1794 1696">
    <p class='ocr_par' dir='ltr' id='par_1_3' title="bbox 82 1103 1794 1696">
     <span class='ocr_line' id='line_1_3' title="bbox 82 1103 1788 1194; baseline 0.001 -19"><span class='ocrx_word' id='word_1_14' title='bbox 82 1121 84 1158; x_wconf 70' lang='grc'><strong>1</strong></span> <span class='ocrx_word' id='word_1_15' title='bbox 220 1125 294 1175; x_wconf 86' lang='lat' dir='ltr'>ma</span> <span class='ocrx_word' id='word_1_16' title='bbox 336 1104 558 1194; x_wconf 80' lang='lat' dir='ltr'>manipularis</span> <span class='ocrx_word' id='word_1_17' title='bbox 596 1125 661 1194; x_wconf 89' lang='lat' dir='ltr'>pro</span> <span class='ocrx_word' id='word_1_18' title='bbox 695 1104 907 1177; x_wconf 85' lang='lat' dir='ltr'>monasterio</span> <span class='ocrx_word' id='word_1_19' title='bbox 944 1103 1172 1177; x_wconf 84' lang='lat' dir='ltr'>Tbiuczieusi.</span> <span class='ocrx_word' id='word_1_20' title='bbox 1208 1104 1295 1175; x_wconf 84' lang='lat' dir='ltr'><strong>Item</strong></span> <span class='ocrx_word' id='word_1_21' title='bbox 1337 1104 1504 1194; x_wconf 86' lang='lat' dir='ltr'>plebanus</span> <span class='ocrx_word' id='word_1_22' title='bbox 1546 1104 1654 1177; x_wconf 88' lang='lat' dir='ltr'>babet</span> <span class='ocrx_word' id='word_1_23' title='bbox 1688 1124 1788 1194; x_wconf 84' lang='lat' dir='ltr'>prae-</span> 
     </span>
     <span class='ocr_line' id='line_1_4' title="bbox 82 1207 1794 1317; baseline 0.002 -23"><span class='ocrx_word' id='word_1_24' title='bbox 82 1207 84 1266; x_wconf 54' lang='grc' dir='ltr'>ἶ</span> <span class='ocrx_word' id='word_1_25' title='bbox 221 1223 337 1298; x_wconf 88' lang='lat' dir='ltr'>dium</span> <span class='ocrx_word' id='word_1_26' title='bbox 361 1225 487 1299; x_wconf 88' lang='lat' dir='ltr'>bouum</span> <span class='ocrx_word' id='word_1_27' title='bbox 514 1223 673 1315; x_wconf 90' lang='lat' dir='ltr'>speciale.</span> <span class='ocrx_word' id='word_1_28' title='bbox 716 1224 802 1297; x_wconf 84' lang='lat' dir='ltr'>Item</span> <span class='ocrx_word' id='word_1_29' title='bbox 830 1224 874 1297; x_wconf 89' lang='lat' dir='ltr'>de</span> <span class='ocrx_word' id='word_1_30' title='bbox 900 1225 1059 1299; x_wconf 89' lang='lat' dir='ltr'>omuibus</span> <span class='ocrx_word' id='word_1_31' title='bbox 1084 1226 1180 1315; x_wconf 86' lang='lat' dir='ltr'>agris</span> <span class='ocrx_word' id='word_1_32' title='bbox 1216 1222 1361 1297; x_wconf 87' lang='lat' dir='ltr'>soluitur</span> <span class='ocrx_word' id='word_1_33' title='bbox 1396 1224 1531 1297; x_wconf 85' lang='lat' dir='ltr'>decima</span> <span class='ocrx_word' id='word_1_34' title='bbox 1561 1212 1794 1317; x_wconf 42' lang='lat' dir='ltr'>manipularis*</span> 
     </span>
     <span class='ocr_line' id='line_1_5' title="bbox 82 1323 1786 1436; baseline 0.003 -22"><span class='ocrx_word' id='word_1_35' title='bbox 82 1323 84 1404; x_wconf 70' lang='grc' dir='ltr'>Ϊ</span> <span class='ocrx_word' id='word_1_36' title='bbox 221 1366 301 1433; x_wconf 89' lang='lat' dir='ltr'>pro</span> <span class='ocrx_word' id='word_1_37' title='bbox 331 1345 542 1420; x_wconf 84' lang='lat' dir='ltr'>monasterio</span> <span class='ocrx_word' id='word_1_38' title='bbox 569 1344 791 1420; x_wconf 84' lang='lat' dir='ltr'>Tbinozieusi</span> <span class='ocrx_word' id='word_1_39' title='bbox 815 1349 853 1417; x_wconf 89' lang='lat' dir='ltr'>et</span> <span class='ocrx_word' id='word_1_40' title='bbox 878 1346 1056 1436; x_wconf 83' lang='lat' dir='ltr'>canapalis</span> <span class='ocrx_word' id='word_1_41' title='bbox 1082 1345 1303 1435; x_wconf 80' lang='lat' dir='ltr'><strong>conducitur,</strong></span> <span class='ocrx_word' id='word_1_42' title='bbox 1339 1350 1375 1417; x_wconf 89' lang='lat' dir='ltr'>et</span> <span class='ocrx_word' id='word_1_43' title='bbox 1400 1345 1499 1417; x_wconf 87' lang='lat' dir='ltr'>valor</span> <span class='ocrx_word' id='word_1_44' title='bbox 1524 1345 1598 1419; x_wconf 84' lang='lat' dir='ltr'>eius</span> <span class='ocrx_word' id='word_1_45' title='bbox 1626 1346 1786 1419; x_wconf 86' lang='lat' dir='ltr'>aestima-</span> 
     </span>
     <span class='ocr_line' id='line_1_6' title="bbox 82 1464 1787 1567; baseline 0.003 -33"><span class='ocrx_word' id='word_1_46' title='bbox 82 1485 84 1556; x_wconf 68' lang='grc' dir='ltr'><strong><em>ζ</em></strong></span> <span class='ocrx_word' id='word_1_47' title='bbox 220 1470 295 1535; x_wconf 85' lang='lat' dir='ltr'>tur</span> <span class='ocrx_word' id='word_1_48' title='bbox 326 1464 690 1554; x_wconf 67' lang='lat' dir='ltr'>muniminum.</span> <span class='ocrx_word' id='word_1_49' title='bbox 734 1465 824 1537; x_wconf 84' lang='lat' dir='ltr'>Item</span> <span class='ocrx_word' id='word_1_50' title='bbox 849 1465 991 1540; x_wconf 85' lang='lat' dir='ltr'>luerunt</span> <span class='ocrx_word' id='word_1_51' title='bbox 1024 1467 1074 1539; x_wconf 94' lang='lat' dir='ltr'>ibi</span> <span class='ocrx_word' id='word_1_52' title='bbox 1100 1488 1164 1556; x_wconf 91' lang='lat' dir='ltr'>pro</span> <span class='ocrx_word' id='word_1_53' title='bbox 1192 1488 1261 1567; x_wconf 76' lang='lat' dir='ltr'>uua</span> <span class='ocrx_word' id='word_1_54' title='bbox 1287 1466 1432 1539; x_wconf 88' lang='lat' dir='ltr'>ecelesia</span> <span class='ocrx_word' id='word_1_55' title='bbox 1462 1466 1531 1539; x_wconf 91' lang='lat' dir='ltr'>duo</span> <span class='ocrx_word' id='word_1_56' title='bbox 1558 1466 1714 1556; x_wconf 79' lang='lat' dir='ltr'>plebani,</span> <span class='ocrx_word' id='word_1_57' title='bbox 1750 1474 1787 1539; x_wconf 91' lang='lat' dir='ltr'>et</span> 
     </span>
     <span class='ocr_line' id='line_1_7' title="bbox 82 1584 1785 1696; baseline 0.002 -41"><span class='ocrx_word' id='word_1_58' title='bbox 82 1605 84 1696; x_wconf 48' lang='grc' dir='ltr'><strong>ἑ</strong></span> <span class='ocrx_word' id='word_1_59' title='bbox 220 1586 486 1659; x_wconf 77' lang='lat' dir='ltr'>monasterium</span> <span class='ocrx_word' id='word_1_60' title='bbox 513 1584 718 1661; x_wconf 82' lang='lat' dir='ltr'>Tbiucieuse</span> <span class='ocrx_word' id='word_1_61' title='bbox 745 1588 947 1676; x_wconf 76' lang='lat' dir='ltr'>procuravit</span> <span class='ocrx_word' id='word_1_62' title='bbox 981 1608 1086 1659; x_wconf 88' lang='lat' dir='ltr'>unam</span> <span class='ocrx_word' id='word_1_63' title='bbox 1121 1586 1316 1677; x_wconf 86' lang='lat' dir='ltr'>plebauiam</span> <span class='ocrx_word' id='word_1_64' title='bbox 1345 1586 1411 1659; x_wconf 87' lang='lat' dir='ltr'>sibi</span> <span class='ocrx_word' id='word_1_65' title='bbox 1439 1586 1674 1677; x_wconf 86' lang='lat' dir='ltr'>incorporari,</span> <span class='ocrx_word' id='word_1_66' title='bbox 1709 1610 1785 1661; x_wconf 90' lang='lat' dir='ltr'>cum</span> 
     </span>
    </p>
   </div>
   <div class='ocr_carea' id='block_1_4' title="bbox 222 1704 1786 1798">
    <p class='ocr_par' dir='ltr' id='par_1_4' title="bbox 222 1704 1786 1798">
     <span class='ocr_line' id='line_1_8' title="bbox 222 1704 1786 1798; baseline 0.003 -23"><span class='ocrx_word' id='word_1_67' title='bbox 222 1705 396 1777; x_wconf 89' lang='lat' dir='ltr'>omnibus</span> <span class='ocrx_word' id='word_1_68' title='bbox 422 1704 498 1777; x_wconf 87' lang='lat' dir='ltr'>eius</span> <span class='ocrx_word' id='word_1_69' title='bbox 522 1705 704 1796; x_wconf 81' lang='lat' dir='ltr'>fructibus,</span> <span class='ocrx_word' id='word_1_70' title='bbox 730 1712 767 1777; x_wconf 90' lang='lat' dir='ltr'>et</span> <span class='ocrx_word' id='word_1_71' title='bbox 791 1712 890 1779; x_wconf 87' lang='lat' dir='ltr'>tenet</span> <span class='ocrx_word' id='word_1_72' title='bbox 915 1728 976 1779; x_wconf 91' lang='lat' dir='ltr'>eos</span> <span class='ocrx_word' id='word_1_73' title='bbox 994 1726 1105 1798; x_wconf 86' lang='lat' dir='ltr'>usque</span> <span class='ocrx_word' id='word_1_74' title='bbox 1131 1708 1167 1781; x_wconf 91' lang='lat' dir='ltr'>iu</span> <span class='ocrx_word' id='word_1_75' title='bbox 1194 1708 1283 1779; x_wconf 89' lang='lat' dir='ltr'>banc</span> <span class='ocrx_word' id='word_1_76' title='bbox 1309 1706 1401 1783; x_wconf 88' lang='lat' dir='ltr'>diem</span> <span class='ocrx_word' id='word_1_77' title='bbox 1426 1712 1463 1783; x_wconf 90' lang='lat' dir='ltr'>et</span> <span class='ocrx_word' id='word_1_78' title='bbox 1488 1706 1667 1797; x_wconf 82' lang='lat' dir='ltr'>praedium</span> <span class='ocrx_word' id='word_1_79' title='bbox 1686 1729 1786 1781; x_wconf 92' lang='lat' dir='ltr'>suum</span> 
     </span>
    </p>
   </div>
   <div class='ocr_carea' id='block_1_5' title="bbox 82 1826 1786 2039">
    <p class='ocr_par' dir='ltr' id='par_1_5' title="bbox 82 1803 1786 2039">
     <span class='ocr_line' id='line_1_9' title="bbox 221 1826 1786 1920; baseline 0.002 -23.755"><span class='ocrx_word' id='word_1_80' title='bbox 221 1831 268 1897; x_wconf 88' lang='lat' dir='ltr'>et</span> <span class='ocrx_word' id='word_1_81' title='bbox 299 1826 432 1902; x_wconf 82' lang='lat' dir='ltr'>curiam</span> <span class='ocrx_word' id='word_1_82' title='bbox 458 1826 526 1905; x_wconf 82' lang='lat' dir='ltr'>sibi</span> <span class='ocrx_word' id='word_1_83' title='bbox 552 1827 811 1918; x_wconf 72' lang='lat' dir='ltr'>appropriavit,</span> <span class='ocrx_word' id='word_1_84' title='bbox 845 1834 882 1902; x_wconf 87' lang='lat' dir='ltr'>et</span> <span class='ocrx_word' id='word_1_85' title='bbox 908 1828 1015 1899; x_wconf 90' lang='lat' dir='ltr'>babet</span> <span class='ocrx_word' id='word_1_86' title='bbox 1040 1827 1090 1901; x_wconf 92' lang='lat' dir='ltr'>ibi</span> <span class='ocrx_word' id='word_1_87' title='bbox 1116 1827 1364 1901; x_wconf 89' lang='lat' dir='ltr'>monasterium</span> <span class='ocrx_word' id='word_1_88' title='bbox 1406 1827 1573 1917; x_wconf 90' lang='lat' dir='ltr'>optimum</span> <span class='ocrx_word' id='word_1_89' title='bbox 1599 1828 1786 1920; x_wconf 73' lang='lat' dir='ltr'>praedium,</span> 
     </span>
     <span class='ocr_line' id='line_1_10' title="bbox 82 1946 1786 2039; baseline 0.004 -23"><span class='ocrx_word' id='word_1_90' title='bbox 82 1959 83 1964; x_wconf 66' lang='lat'>‘</span> <span class='ocrx_word' id='word_1_91' title='bbox 224 1952 268 2017; x_wconf 91' lang='lat' dir='ltr'>et</span> <span class='ocrx_word' id='word_1_92' title='bbox 301 1947 454 2037; x_wconf 70' lang='lat' dir='ltr'>curiam„</span> <span class='ocrx_word' id='word_1_93' title='bbox 468 1952 504 2028; x_wconf 78' lang='lat' dir='ltr'>et</span> <span class='ocrx_word' id='word_1_94' title='bbox 529 1947 663 2027; x_wconf 80' lang='lat' dir='ltr'>decima</span> <span class='ocrx_word' id='word_1_95' title='bbox 689 1948 791 2022; x_wconf 85' lang='lat' dir='ltr'>uillae</span> <span class='ocrx_word' id='word_1_96' title='bbox 817 1948 926 2029; x_wconf 87' lang='lat' dir='ltr'>totius</span> <span class='ocrx_word' id='word_1_97' title='bbox 952 1948 1152 2039; x_wconf 81' lang='lat' dir='ltr'>pertinebat</span> <span class='ocrx_word' id='word_1_98' title='bbox 1169 1947 1214 2019; x_wconf 89' lang='lat' dir='ltr'>ad</span> <span class='ocrx_word' id='word_1_99' title='bbox 1232 1946 1412 2021; x_wconf 87' lang='lat' dir='ltr'>ecclesiam</span> <span class='ocrx_word' id='word_1_100' title='bbox 1431 1947 1532 2023; x_wconf 81' lang='lat' dir='ltr'>unius</span> <span class='ocrx_word' id='word_1_101' title='bbox 1550 1948 1671 2038; x_wconf 88' lang='lat' dir='ltr'>partis.</span> <span class='ocrx_word' id='word_1_102' title='bbox 1697 1948 1786 2023; x_wconf 86' lang='lat' dir='ltr'>Gon·</span> 
     </span>
    </p>
   </div>
   <div class='ocr_carea' id='block_1_6' title="bbox 223 2066 1789 4096">
    <p class='ocr_par' dir='ltr' id='par_1_6' title="bbox 223 2066 1786 2273">
     <span class='ocr_line' id='line_1_11' title="bbox 223 2066 1786 2161; baseline 0.001 -20"><span class='ocrx_word' id='word_1_103' title='bbox 223 2066 328 2141; x_wconf 78' lang='lat' dir='ltr'>duat</span> <span class='ocrx_word' id='word_1_104' title='bbox 352 2088 428 2145; x_wconf 84' lang='lat' dir='ltr'>cum</span> <span class='ocrx_word' id='word_1_105' title='bbox 454 2066 728 2161; x_wconf 62' lang='lat' dir='ltr'>Medusaei,</span> <span class='ocrx_word' id='word_1_106' title='bbox 766 2069 1067 2161; x_wconf 81' lang='lat' dir='ltr'>Biskupicze,</span> <span class='ocrx_word' id='word_1_107' title='bbox 1102 2068 1250 2143; x_wconf 85' lang='lat' dir='ltr'>Parve</span> <span class='ocrx_word' id='word_1_108' title='bbox 1284 2068 1573 2159; x_wconf 76' lang='lat' dir='ltr'>qupuioue,</span> <span class='ocrx_word' id='word_1_109' title='bbox 1609 2068 1786 2143; x_wconf 87' lang='lat' dir='ltr'>Wrooz-</span> 
     </span>
     <span class='ocr_line' id='line_1_12' title="bbox 224 2173 1709 2273; baseline 0.006 -11"><span class='ocrx_word' id='word_1_110' title='bbox 224 2188 396 2263; x_wconf 71' lang='lat' dir='ltr'>lton-et</span> <span class='ocrx_word' id='word_1_111' title='bbox 420 2188 626 2273; x_wconf 73' lang='lat' dir='ltr'>leuiore.</span> <span class='ocrx_word' id='word_1_112' title='bbox 1702 2173 1709 2181; x_wconf 48' lang='grc'><em>’</em></span> 
     </span>
    </p>

    <p class='ocr_par' dir='ltr' id='par_1_7' title="bbox 224 2308 1788 3734">
     <span class='ocr_line' id='line_1_13' title="bbox 342 2308 1787 2402; baseline -0.003 -15"><span class='ocrx_word' id='word_1_113' title='bbox 342 2309 576 2393; x_wconf 69' lang='lat' dir='ltr'>amusium</span> <span class='ocrx_word' id='word_1_114' title='bbox 600 2309 747 2402; x_wconf 67' lang='lat' dir='ltr'>Panes,</span> <span class='ocrx_word' id='word_1_115' title='bbox 772 2310 855 2389; x_wconf 83' lang='lat' dir='ltr'>uilla</span> <span class='ocrx_word' id='word_1_116' title='bbox 872 2311 938 2383; x_wconf 89' lang='lat' dir='ltr'>sub</span> <span class='ocrx_word' id='word_1_117' title='bbox 955 2310 1123 2401; x_wconf 79' lang='lat' dir='ltr'>parocbia</span> <span class='ocrx_word' id='word_1_118' title='bbox 1139 2310 1305 2385; x_wconf 85' lang='lat' dir='ltr'>eeclesiae</span> <span class='ocrx_word' id='word_1_119' title='bbox 1328 2308 1372 2383; x_wconf 89' lang='lat' dir='ltr'>de</span> <span class='ocrx_word' id='word_1_120' title='bbox 1397 2308 1564 2400; x_wconf 72' lang='lat' dir='ltr'>Magna</span> <span class='ocrx_word' id='word_1_121' title='bbox 1589 2308 1787 2402; x_wconf 78' lang='lat' dir='ltr'>Xangni-</span> 
     </span>
     <span class='ocr_line' id='line_1_14' title="bbox 224 2418 1787 2526; baseline 0.002 -25"><span class='ocrx_word' id='word_1_122' title='bbox 224 2451 288 2515; x_wconf 73' lang='lat' dir='ltr'>cz,</span> <span class='ocrx_word' id='word_1_123' title='bbox 292 2452 319 2506; x_wconf 89' lang='lat' dir='ltr'>e</span> <span class='ocrx_word' id='word_1_124' title='bbox 341 2432 420 2521; x_wconf 88' lang='lat' dir='ltr'>sita,</span> <span class='ocrx_word' id='word_1_125' title='bbox 446 2432 546 2511; x_wconf 80' lang='lat' dir='ltr'>emur</span> <span class='ocrx_word' id='word_1_126' title='bbox 570 2433 768 2526; x_wconf 79' lang='lat' dir='ltr'>proprietas</span> <span class='ocrx_word' id='word_1_127' title='bbox 796 2433 841 2507; x_wconf 87' lang='lat' dir='ltr'>ad</span> <span class='ocrx_word' id='word_1_128' title='bbox 869 2432 1116 2509; x_wconf 80' lang='lat' dir='ltr'>monasterium</span> <span class='ocrx_word' id='word_1_129' title='bbox 1143 2430 1349 2505; x_wconf 83' lang='lat' dir='ltr'>Thiuciense</span> <span class='ocrx_word' id='word_1_130' title='bbox 1374 2418 1540 2521; x_wconf 72' lang='lat' dir='ltr'>peuense?</span> <span class='ocrx_word' id='word_1_131' title='bbox 1561 2430 1602 2505; x_wconf 93' lang='lat' dir='ltr'>In</span> <span class='ocrx_word' id='word_1_132' title='bbox 1621 2444 1690 2522; x_wconf 85' lang='lat' dir='ltr'>qua</span> <span class='ocrx_word' id='word_1_133' title='bbox 1706 2439 1787 2507; x_wconf 89' lang='lat' dir='ltr'>sunt</span> 
     </span>
     <span class='ocr_line' id='line_1_15' title="bbox 227 2552 1786 2645; baseline 0 -20"><span class='ocrx_word' id='word_1_134' title='bbox 227 2573 361 2630; x_wconf 78' lang='lat' dir='ltr'>noveru</span> <span class='ocrx_word' id='word_1_135' title='bbox 387 2553 480 2627; x_wconf 89' lang='lat' dir='ltr'>lanei</span> <span class='ocrx_word' id='word_1_136' title='bbox 505 2553 749 2641; x_wconf 82' lang='lat' dir='ltr'>ometlrouales,</span> <span class='ocrx_word' id='word_1_137' title='bbox 776 2559 813 2626; x_wconf 90' lang='lat' dir='ltr'>et</span> <span class='ocrx_word' id='word_1_138' title='bbox 837 2554 986 2645; x_wconf 82' lang='lat' dir='ltr'>quilibet</span> <span class='ocrx_word' id='word_1_139' title='bbox 1011 2553 1116 2630; x_wconf 84' lang='lat' dir='ltr'>soluit</span> <span class='ocrx_word' id='word_1_140' title='bbox 1134 2572 1199 2643; x_wconf 89' lang='lat' dir='ltr'>pro</span> <span class='ocrx_word' id='word_1_141' title='bbox 1216 2552 1322 2627; x_wconf 78' lang='lat' dir='ltr'>censu</span> <span class='ocrx_word' id='word_1_142' title='bbox 1339 2573 1442 2625; x_wconf 87' lang='lat' dir='ltr'>unam</span> <span class='ocrx_word' id='word_1_143' title='bbox 1461 2572 1678 2643; x_wconf 69' lang='lat' dir='ltr'>serapem,</span> <span class='ocrx_word' id='word_1_144' title='bbox 1703 2555 1786 2626; x_wconf 81' lang='lat' dir='ltr'>item</span> 
     </span>
     <span class='ocr_line' id='line_1_16' title="bbox 229 2674 1787 2765; baseline 0.001 -20"><span class='ocrx_word' id='word_1_145' title='bbox 229 2694 305 2750; x_wconf 82' lang='lat' dir='ltr'>ora</span> <span class='ocrx_word' id='word_1_146' title='bbox 330 2674 486 2765; x_wconf 74' lang='lat' dir='ltr'>triginta,</span> <span class='ocrx_word' id='word_1_147' title='bbox 512 2675 594 2749; x_wconf 88' lang='lat' dir='ltr'>item</span> <span class='ocrx_word' id='word_1_148' title='bbox 621 2676 734 2765; x_wconf 83' lang='lat' dir='ltr'>gallos</span> <span class='ocrx_word' id='word_1_149' title='bbox 758 2675 856 2765; x_wconf 73' lang='lat' dir='ltr'>duos</span> <span class='ocrx_word' id='word_1_150' title='bbox 883 2676 966 2750; x_wconf 83' lang='lat' dir='ltr'>item</span> <span class='ocrx_word' id='word_1_151' title='bbox 993 2694 1114 2750; x_wconf 80' lang='lat' dir='ltr'>caseos</span> <span class='ocrx_word' id='word_1_152' title='bbox 1141 2695 1209 2747; x_wconf 89' lang='lat' dir='ltr'>nou</span> <span class='ocrx_word' id='word_1_153' title='bbox 1236 2674 1387 2764; x_wconf 83' lang='lat' dir='ltr'>solvunt,</span> <span class='ocrx_word' id='word_1_154' title='bbox 1413 2674 1499 2749; x_wconf 89' lang='lat' dir='ltr'>item</span> <span class='ocrx_word' id='word_1_155' title='bbox 1525 2674 1698 2749; x_wconf 88' lang='lat' dir='ltr'>laborant·</span> <span class='ocrx_word' id='word_1_156' title='bbox 1714 2680 1787 2749; x_wconf 84' lang='lat' dir='ltr'>tres</span> 
     </span>
     <span class='ocr_line' id='line_1_17' title="bbox 229 2792 1787 2889; baseline -0.003 -16"><span class='ocrx_word' id='word_1_157' title='bbox 229 2794 314 2873; x_wconf 74' lang='lat' dir='ltr'>dies</span> <span class='ocrx_word' id='word_1_158' title='bbox 339 2796 377 2867; x_wconf 91' lang='lat' dir='ltr'>in</span> <span class='ocrx_word' id='word_1_159' title='bbox 402 2796 598 2885; x_wconf 73' lang='lat' dir='ltr'>septimana</span> <span class='ocrx_word' id='word_1_160' title='bbox 631 2798 773 2887; x_wconf 89' lang='lat' dir='ltr'>propriu</span> <span class='ocrx_word' id='word_1_161' title='bbox 800 2818 905 2877; x_wconf 74' lang='lat' dir='ltr'>curru</span> <span class='ocrx_word' id='word_1_162' title='bbox 939 2801 1002 2873; x_wconf 91' lang='lat' dir='ltr'>aut</span> <span class='ocrx_word' id='word_1_163' title='bbox 1026 2801 1166 2886; x_wconf 64' lang='lat' dir='ltr'>memo,</span> <span class='ocrx_word' id='word_1_164' title='bbox 1201 2796 1285 2869; x_wconf 87' lang='lat' dir='ltr'>item</span> <span class='ocrx_word' id='word_1_165' title='bbox 1307 2792 1493 2889; x_wconf 66' lang='lat' dir='ltr'>muudum</span> <span class='ocrx_word' id='word_1_166' title='bbox 1519 2817 1588 2869; x_wconf 93' lang='lat' dir='ltr'>nou</span> <span class='ocrx_word' id='word_1_167' title='bbox 1614 2796 1787 2887; x_wconf 84' lang='lat' dir='ltr'>laborant3</span> 
     </span>
     <span class='ocr_line' id='line_1_18' title="bbox 230 2915 1787 3010; baseline 0.003 -23"><span class='ocrx_word' id='word_1_168' title='bbox 230 2916 322 2992; x_wconf 86' lang='lat' dir='ltr'>itero</span> <span class='ocrx_word' id='word_1_169' title='bbox 347 2917 515 2995; x_wconf 80' lang='lat' dir='ltr'>tabernae</span> <span class='ocrx_word' id='word_1_170' title='bbox 540 2917 631 2992; x_wconf 87' lang='lat' dir='ltr'>duae</span> <span class='ocrx_word' id='word_1_171' title='bbox 655 2918 828 2993; x_wconf 79' lang='lat' dir='ltr'>babentes</span> <span class='ocrx_word' id='word_1_172' title='bbox 854 2938 958 3009; x_wconf 76' lang='lat' dir='ltr'>agros</span> <span class='ocrx_word' id='word_1_173' title='bbox 985 2924 1023 2995; x_wconf 85' lang='lat' dir='ltr'>et</span> <span class='ocrx_word' id='word_1_174' title='bbox 1049 2917 1226 3008; x_wconf 81' lang='lat' dir='ltr'>quaelibet</span> <span class='ocrx_word' id='word_1_175' title='bbox 1252 2916 1357 2989; x_wconf 84' lang='lat' dir='ltr'>solvit</span> <span class='ocrx_word' id='word_1_176' title='bbox 1392 2915 1479 2989; x_wconf 88' lang='lat' dir='ltr'>duas</span> <span class='ocrx_word' id='word_1_177' title='bbox 1506 2934 1696 3007; x_wconf 68' lang='lat' dir='ltr'>mangenas</span> <span class='ocrx_word' id='word_1_178' title='bbox 1723 2938 1787 3010; x_wconf 91' lang='lat' dir='ltr'>pro</span> 
     </span>
     <span class='ocr_line' id='line_1_19' title="bbox 231 3038 1785 3129; baseline 0.001 -20"><span class='ocrx_word' id='word_1_179' title='bbox 231 3058 354 3127; x_wconf 77' lang='lat' dir='ltr'>cenam</span> <span class='ocrx_word' id='word_1_180' title='bbox 393 3038 478 3111; x_wconf 86' lang='lat' dir='ltr'>item</span> <span class='ocrx_word' id='word_1_181' title='bbox 504 3038 723 3111; x_wconf 87' lang='lat' dir='ltr'>bortulauiae</span> <span class='ocrx_word' id='word_1_182' title='bbox 750 3062 818 3111; x_wconf 91' lang='lat' dir='ltr'>nou</span> <span class='ocrx_word' id='word_1_183' title='bbox 845 3044 945 3128; x_wconf 90' lang='lat' dir='ltr'>sunt,</span> <span class='ocrx_word' id='word_1_184' title='bbox 972 3039 1057 3113; x_wconf 90' lang='lat' dir='ltr'>item</span> <span class='ocrx_word' id='word_1_185' title='bbox 1082 3038 1264 3129; x_wconf 86' lang='lat' dir='ltr'>praedium</span> <span class='ocrx_word' id='word_1_186' title='bbox 1290 3056 1359 3111; x_wconf 86' lang='lat' dir='ltr'>nou</span> <span class='ocrx_word' id='word_1_187' title='bbox 1386 3042 1440 3109; x_wconf 86' lang='lat' dir='ltr'>est</span> <span class='ocrx_word' id='word_1_188' title='bbox 1466 3038 1676 3127; x_wconf 77' lang='lat' dir='ltr'>coenolinle,</span> <span class='ocrx_word' id='word_1_189' title='bbox 1703 3040 1785 3111; x_wconf 89' lang='lat' dir='ltr'>item</span> 
     </span>
     <span class='ocr_line' id='line_1_20' title="bbox 232 3158 1786 3253; baseline 0.003 -24"><span class='ocrx_word' id='word_1_190' title='bbox 232 3181 376 3253; x_wconf 70' lang='lat' dir='ltr'>oasepep</span> <span class='ocrx_word' id='word_1_191' title='bbox 411 3178 488 3239; x_wconf 87' lang='lat' dir='ltr'>nou</span> <span class='ocrx_word' id='word_1_192' title='bbox 507 3159 656 3239; x_wconf 82' lang='lat' dir='ltr'>uoluunt</span> <span class='ocrx_word' id='word_1_193' title='bbox 700 3159 788 3239; x_wconf 76' lang='lat' dir='ltr'>Itum</span> <span class='ocrx_word' id='word_1_194' title='bbox 805 3211 808 3219; x_wconf 80' lang='lat'>-</span> <span class='ocrx_word' id='word_1_195' title='bbox 823 3160 867 3236; x_wconf 87' lang='lat' dir='ltr'>de</span> <span class='ocrx_word' id='word_1_196' title='bbox 893 3160 1053 3239; x_wconf 88' lang='lat' dir='ltr'>omuibus</span> <span class='ocrx_word' id='word_1_197' title='bbox 1087 3160 1183 3249; x_wconf 78' lang='lat' dir='ltr'>agris</span> <span class='ocrx_word' id='word_1_198' title='bbox 1219 3158 1438 3233; x_wconf 87' lang='lat' dir='ltr'>cmetbouu&#39;m</span> <span class='ocrx_word' id='word_1_199' title='bbox 1472 3158 1619 3231; x_wconf 78' lang='lat' dir='ltr'>solvitur</span> <span class='ocrx_word' id='word_1_200' title='bbox 1653 3158 1786 3233; x_wconf 90' lang='lat' dir='ltr'>decima</span> 
     </span>
     <span class='ocr_line' id='line_1_21' title="bbox 234 3278 1787 3371; baseline -0.002 -17"><span class='ocrx_word' id='word_1_201' title='bbox 234 3278 529 3369; x_wconf 74' lang='lat' dir='ltr'>manipularium</span> <span class='ocrx_word' id='word_1_202' title='bbox 554 3280 730 3371; x_wconf 83' lang='lat' dir='ltr'>cauapalis</span> <span class='ocrx_word' id='word_1_203' title='bbox 765 3302 831 3370; x_wconf 90' lang='lat' dir='ltr'>pro</span> <span class='ocrx_word' id='word_1_204' title='bbox 855 3279 1003 3362; x_wconf 83' lang='lat' dir='ltr'>eeclesia</span> <span class='ocrx_word' id='word_1_205' title='bbox 1029 3281 1064 3353; x_wconf 91' lang='lat' dir='ltr'>iu</span> <span class='ocrx_word' id='word_1_206' title='bbox 1091 3280 1376 3371; x_wconf 80' lang='lat' dir='ltr'>Xauguiuze,</span> <span class='ocrx_word' id='word_1_207' title='bbox 1416 3279 1513 3353; x_wconf 88' lang='lat' dir='ltr'>cuius</span> <span class='ocrx_word' id='word_1_208' title='bbox 1540 3280 1641 3353; x_wconf 82' lang='lat' dir='ltr'>valor</span> <span class='ocrx_word' id='word_1_209' title='bbox 1664 3280 1710 3353; x_wconf 89' lang='lat' dir='ltr'>ad</span> <span class='ocrx_word' id='word_1_210' title='bbox 1736 3281 1787 3352; x_wconf 85' lang='lat' dir='ltr'>vi-</span> 
     </span>
     <span class='ocr_line' id='line_1_22' title="bbox 231 3400 1788 3493; baseline 0 -20"><span class='ocrx_word' id='word_1_211' title='bbox 231 3400 326 3489; x_wconf 72' lang='lat' dir='ltr'>ginti</span> <span class='ocrx_word' id='word_1_212' title='bbox 353 3420 498 3491; x_wconf 81' lang='lat' dir='ltr'>marcae,</span> <span class='ocrx_word' id='word_1_213' title='bbox 525 3401 609 3480; x_wconf 85' lang='lat' dir='ltr'>item</span> <span class='ocrx_word' id='word_1_214' title='bbox 636 3401 868 3479; x_wconf 81' lang='lat' dir='ltr'>molendinum</span> <span class='ocrx_word' id='word_1_215' title='bbox 894 3402 1029 3478; x_wconf 86' lang='lat' dir='ltr'>babens</span> <span class='ocrx_word' id='word_1_216' title='bbox 1053 3422 1167 3491; x_wconf 75' lang='lat' dir='ltr'>apros,</span> <span class='ocrx_word' id='word_1_217' title='bbox 1186 3406 1221 3473; x_wconf 88' lang='lat' dir='ltr'>et</span> <span class='ocrx_word' id='word_1_218' title='bbox 1239 3401 1345 3475; x_wconf 87' lang='lat' dir='ltr'>solvit</span> <span class='ocrx_word' id='word_1_219' title='bbox 1370 3400 1537 3475; x_wconf 82' lang='lat' dir='ltr'>tredecim</span> <span class='ocrx_word' id='word_1_220' title='bbox 1564 3417 1697 3473; x_wconf 85' lang='lat' dir='ltr'>martas</span> <span class='ocrx_word' id='word_1_221' title='bbox 1724 3423 1788 3493; x_wconf 91' lang='lat' dir='ltr'>pro</span> 
     </span>
     <span class='ocr_line' id='line_1_23' title="bbox 235 3520 1788 3615; baseline -0.002 -18"><span class='ocrx_word' id='word_1_222' title='bbox 235 3522 461 3603; x_wconf 81' lang='lat' dir='ltr'>monasterio.</span> <span class='ocrx_word' id='word_1_223' title='bbox 486 3520 647 3603; x_wconf 57' lang='lat' dir='ltr'>&amp;uiuat</span> <span class='ocrx_word' id='word_1_224' title='bbox 673 3543 752 3597; x_wconf 86' lang='lat' dir='ltr'>eum</span> <span class='ocrx_word' id='word_1_225' title='bbox 791 3522 1095 3613; x_wconf 79' lang='lat' dir='ltr'>Bisluupicoe,</span> <span class='ocrx_word' id='word_1_226' title='bbox 1136 3522 1382 3611; x_wconf 82' lang='lat' dir='ltr'>Lawsnou,</span> <span class='ocrx_word' id='word_1_227' title='bbox 1422 3522 1712 3615; x_wconf 82' lang='lat' dir='ltr'>Zyalawicze</span> <span class='ocrx_word' id='word_1_228' title='bbox 1751 3528 1788 3595; x_wconf 85' lang='lat' dir='ltr'>et</span> 
     </span>
     <span class='ocr_line' id='line_1_24' title="bbox 235 3625 848 3734; baseline 0.008 -19"><span class='ocrx_word' id='word_1_229' title='bbox 235 3640 403 3733; x_wconf 68' lang='lat' dir='ltr'>magna</span> <span class='ocrx_word' id='word_1_230' title='bbox 428 3642 727 3734; x_wconf 75' lang='lat' dir='ltr'>Zpslawiuze</span> <span class='ocrx_word' id='word_1_231' title='bbox 842 3625 848 3641; x_wconf 48' lang='lat'>⁸</span> 
     </span>
    </p>

    <p class='ocr_par' dir='ltr' id='par_1_8' title="bbox 236 3762 1789 4096">
     <span class='ocr_line' id='line_1_25' title="bbox 341 3762 1788 3857; baseline 0 -22"><span class='ocrx_word' id='word_1_232' title='bbox 341 3762 674 3853; x_wconf 76' lang='lat' dir='ltr'>Ouraruouraca,</span> <span class='ocrx_word' id='word_1_233' title='bbox 707 3763 871 3855; x_wconf 86' lang='lat' dir='ltr'>oppidum</span> <span class='ocrx_word' id='word_1_234' title='bbox 898 3765 934 3840; x_wconf 86' lang='lat' dir='ltr'>iu</span> <span class='ocrx_word' id='word_1_235' title='bbox 962 3786 1032 3857; x_wconf 84' lang='lat' dir='ltr'>quo</span> <span class='ocrx_word' id='word_1_236' title='bbox 1056 3771 1113 3839; x_wconf 83' lang='lat' dir='ltr'>ost</span> <span class='ocrx_word' id='word_1_237' title='bbox 1139 3764 1256 3839; x_wconf 83' lang='lat' dir='ltr'>Sancti</span> <span class='ocrx_word' id='word_1_238' title='bbox 1282 3762 1407 3837; x_wconf 85' lang='lat' dir='ltr'>Jacobi</span> <span class='ocrx_word' id='word_1_239' title='bbox 1434 3762 1594 3853; x_wconf 84' lang='lat' dir='ltr'>Apostoli</span> <span class='ocrx_word' id='word_1_240' title='bbox 1630 3768 1666 3834; x_wconf 88' lang='lat' dir='ltr'>et</span> <span class='ocrx_word' id='word_1_241' title='bbox 1702 3764 1788 3835; x_wconf 86' lang='lat' dir='ltr'>Sau-</span> 
     </span>
     <span class='ocr_line' id='line_1_26' title="bbox 237 3882 1789 3975; baseline -0.001 -18"><span class='ocrx_word' id='word_1_242' title='bbox 237 3890 374 3973; x_wconf 70' lang='lat' dir='ltr'>otouum</span> <span class='ocrx_word' id='word_1_243' title='bbox 391 3883 550 3961; x_wconf 71' lang='lat' dir='ltr'>*Simonis</span> <span class='ocrx_word' id='word_1_244' title='bbox 576 3889 613 3958; x_wconf 89' lang='lat' dir='ltr'>et</span> <span class='ocrx_word' id='word_1_245' title='bbox 638 3883 754 3958; x_wconf 76' lang='lat' dir='ltr'>dudae</span> <span class='ocrx_word' id='word_1_246' title='bbox 778 3884 1027 3975; x_wconf 73' lang='lat' dir='ltr'>Apostolorum</span> <span class='ocrx_word' id='word_1_247' title='bbox 1053 3884 1200 3957; x_wconf 87' lang='lat' dir='ltr'>ecclesia</span> <span class='ocrx_word' id='word_1_248' title='bbox 1226 3888 1378 3972; x_wconf 86' lang='lat' dir='ltr'>murata,</span> <span class='ocrx_word' id='word_1_249' title='bbox 1404 3883 1503 3955; x_wconf 88' lang='lat' dir='ltr'>cuius</span> <span class='ocrx_word' id='word_1_250' title='bbox 1529 3882 1726 3973; x_wconf 86' lang='lat' dir='ltr'>proprietas</span> <span class='ocrx_word' id='word_1_251' title='bbox 1752 3890 1789 3956; x_wconf 90' lang='lat' dir='ltr'>et</span> 
     </span>
     <span class='ocr_line' id='line_1_27' title="bbox 236 4002 1788 4096; baseline 0 -19"><span class='ocrx_word' id='word_1_252' title='bbox 236 4006 501 4096; x_wconf 80' lang='lat' dir='ltr'>iuspatronatus</span> <span class='ocrx_word' id='word_1_253' title='bbox 536 4005 703 4082; x_wconf 88' lang='lat' dir='ltr'>ecclesiae</span> <span class='ocrx_word' id='word_1_254' title='bbox 728 4005 775 4079; x_wconf 87' lang='lat' dir='ltr'>ad</span> <span class='ocrx_word' id='word_1_255' title='bbox 800 4007 1048 4078; x_wconf 80' lang='lat' dir='ltr'>monasterium</span> <span class='ocrx_word' id='word_1_256' title='bbox 1083 4004 1293 4085; x_wconf 80' lang='lat' dir='ltr'>Thinoieuse</span> <span class='ocrx_word' id='word_1_257' title='bbox 1330 4004 1489 4094; x_wconf 83' lang='lat' dir='ltr'>pertinet.</span> <span class='ocrx_word' id='word_1_258' title='bbox 1534 4002 1574 4075; x_wconf 92' lang='lat' dir='ltr'>In</span> <span class='ocrx_word' id='word_1_259' title='bbox 1602 4025 1670 4094; x_wconf 81' lang='lat' dir='ltr'>uuo</span> <span class='ocrx_word' id='word_1_260' title='bbox 1707 4010 1788 4077; x_wconf 88' lang='lat' dir='ltr'>sunt</span> 
     </span>
    </p>
   </div>
   <div class='ocr_carea' id='block_1_7' title="bbox 86 4126 1788 4581">
    <p class='ocr_par' dir='ltr' id='par_1_9' title="bbox 86 4126 1788 4581">
     <span class='ocr_line' id='line_1_28' title="bbox 87 4126 1787 4218; baseline -0.002 -18"><span class='ocrx_word' id='word_1_261' title='bbox 87 4172 88 4175; x_wconf 18' lang='grc' dir='ltr'><strong><em>κ</em></strong></span> <span class='ocrx_word' id='word_1_262' title='bbox 238 4126 389 4206; x_wconf 75' lang='lat' dir='ltr'>sedecim</span> <span class='ocrx_word' id='word_1_263' title='bbox 414 4126 507 4203; x_wconf 86' lang='lat' dir='ltr'>lanei</span> <span class='ocrx_word' id='word_1_264' title='bbox 533 4126 793 4218; x_wconf 78' lang='lat' dir='ltr'>oppidanorum,</span> <span class='ocrx_word' id='word_1_265' title='bbox 820 4133 857 4199; x_wconf 89' lang='lat' dir='ltr'>et</span> <span class='ocrx_word' id='word_1_266' title='bbox 883 4126 1029 4217; x_wconf 84' lang='lat' dir='ltr'>quilibet</span> <span class='ocrx_word' id='word_1_267' title='bbox 1055 4126 1160 4198; x_wconf 86' lang='lat' dir='ltr'>solvit</span> <span class='ocrx_word' id='word_1_268' title='bbox 1186 4146 1250 4215; x_wconf 90' lang='lat' dir='ltr'>pro</span> <span class='ocrx_word' id='word_1_269' title='bbox 1277 4144 1384 4197; x_wconf 88' lang='lat' dir='ltr'>ceusu</span> <span class='ocrx_word' id='word_1_270' title='bbox 1409 4144 1523 4197; x_wconf 88' lang='lat' dir='ltr'>annuo</span> <span class='ocrx_word' id='word_1_271' title='bbox 1538 4178 1733 4214; x_wconf 91' lang='grc'><strong>........</strong></span> <span class='ocrx_word' id='word_1_272' title='bbox 1751 4146 1787 4196; x_wconf 93' lang='lat' dir='ltr'>m</span> 
     </span>
     <span class='ocr_line' id='line_1_29' title="bbox 88 4228 1788 4337; baseline -0.001 -19"><span class='ocrx_word' id='word_1_273' title='bbox 88 4233 90 4252; x_wconf 73' lang='lat'><strong>²</strong></span> <span class='ocrx_word' id='word_1_274' title='bbox 238 4269 372 4328; x_wconf 73' lang='lat' dir='ltr'>samua</span> <span class='ocrx_word' id='word_1_275' title='bbox 397 4247 564 4327; x_wconf 86' lang='lat' dir='ltr'>tredecim</span> <span class='ocrx_word' id='word_1_276' title='bbox 591 4268 725 4326; x_wconf 82' lang='lat' dir='ltr'>marcas</span> <span class='ocrx_word' id='word_1_277' title='bbox 760 4268 840 4327; x_wconf 84' lang='lat' dir='ltr'>cum</span> <span class='ocrx_word' id='word_1_278' title='bbox 872 4246 1007 4336; x_wconf 79' lang='lat' dir='ltr'>media,</span> <span class='ocrx_word' id='word_1_279' title='bbox 1039 4267 1104 4337; x_wconf 86' lang='lat' dir='ltr'>pro</span> <span class='ocrx_word' id='word_1_280' title='bbox 1139 4245 1228 4323; x_wconf 81' lang='lat' dir='ltr'>festo</span> <span class='ocrx_word' id='word_1_281' title='bbox 1264 4244 1382 4322; x_wconf 87' lang='lat' dir='ltr'>Sancti</span> <span class='ocrx_word' id='word_1_282' title='bbox 1407 4228 1574 4335; x_wconf 67' lang='lat' dir='ltr'>Martini,</span> <span class='ocrx_word' id='word_1_283' title='bbox 1612 4244 1697 4319; x_wconf 83' lang='lat' dir='ltr'>item</span> <span class='ocrx_word' id='word_1_284' title='bbox 1723 4267 1788 4337; x_wconf 86' lang='lat' dir='ltr'>pro</span> 
     </span>
     <span class='ocr_line' id='line_1_30' title="bbox 86 4366 1787 4471; baseline -0.001 -31"><span class='ocrx_word' id='word_1_285' title='bbox 86 4387 94 4469; x_wconf 67' lang='lat'>³.</span> <span class='ocrx_word' id='word_1_286' title='bbox 238 4370 421 4441; x_wconf 82' lang='lat' dir='ltr'>exactione</span> <span class='ocrx_word' id='word_1_287' title='bbox 448 4369 553 4442; x_wconf 84' lang='lat' dir='ltr'>solvit</span> <span class='ocrx_word' id='word_1_288' title='bbox 579 4369 743 4461; x_wconf 92' lang='lat' dir='ltr'>oppidum</span> <span class='ocrx_word' id='word_1_289' title='bbox 769 4390 859 4441; x_wconf 91' lang='lat' dir='ltr'>auno</span> <span class='ocrx_word' id='word_1_290' title='bbox 887 4368 1042 4459; x_wconf 87' lang='lat' dir='ltr'>quolibet</span> <span class='ocrx_word' id='word_1_291' title='bbox 1068 4368 1187 4440; x_wconf 89' lang='lat' dir='ltr'>decem</span> <span class='ocrx_word' id='word_1_292' title='bbox 1214 4388 1357 4457; x_wconf 87' lang='lat' dir='ltr'>marcus,</span> <span class='ocrx_word' id='word_1_293' title='bbox 1384 4388 1448 4459; x_wconf 88' lang='lat' dir='ltr'>pre</span> <span class='ocrx_word' id='word_1_294' title='bbox 1465 4366 1692 4471; x_wconf 79' lang='lat' dir='ltr'>lestoSaneti</span> <span class='ocrx_word' id='word_1_295' title='bbox 1710 4367 1787 4439; x_wconf 82' lang='lat' dir='ltr'>Sta·</span> 
     </span>
     <span class='ocr_line' id='line_1_31' title="bbox 87 4488 1786 4581; baseline 0 -21"><span class='ocrx_word' id='word_1_296' title='bbox 87 4525 94 4560; x_wconf 92' lang='lat'>.·</span> <span class='ocrx_word' id='word_1_297' title='bbox 239 4490 342 4569; x_wconf 70' lang='lat' dir='ltr'>uslai</span> <span class='ocrx_word' id='word_1_298' title='bbox 368 4491 404 4566; x_wconf 87' lang='lat' dir='ltr'>io</span> <span class='ocrx_word' id='word_1_299' title='bbox 431 4512 524 4565; x_wconf 86' lang='lat' dir='ltr'>uere.</span> <span class='ocrx_word' id='word_1_300' title='bbox 548 4490 638 4569; x_wconf 84' lang='lat' dir='ltr'>Item</span> <span class='ocrx_word' id='word_1_301' title='bbox 663 4512 782 4565; x_wconf 88' lang='lat' dir='ltr'>omues</span> <span class='ocrx_word' id='word_1_302' title='bbox 808 4489 887 4581; x_wconf 74' lang='lat' dir='ltr'>agri</span> <span class='ocrx_word' id='word_1_303' title='bbox 912 4489 1052 4568; x_wconf 78' lang='lat' dir='ltr'>uoluunt</span> <span class='ocrx_word' id='word_1_304' title='bbox 1069 4494 1106 4563; x_wconf 92' lang='lat' dir='ltr'>et</span> <span class='ocrx_word' id='word_1_305' title='bbox 1122 4488 1318 4565; x_wconf 88' lang='lat' dir='ltr'>conducunt</span> <span class='ocrx_word' id='word_1_306' title='bbox 1345 4488 1518 4563; x_wconf 84' lang='lat' dir='ltr'>decimam</span> <span class='ocrx_word' id='word_1_307' title='bbox 1538 4489 1786 4580; x_wconf 85' lang='lat' dir='ltr'>manipularem</span> 
     </span>
    </p>
   </div>
   <div class='ocr_carea' id='block_1_8' title="bbox 238 4608 1788 4704">
    <p class='ocr_par' dir='ltr' id='par_1_10' title="bbox 238 4608 1788 4704">
     <span class='ocr_line' id='line_1_32' title="bbox 238 4608 1788 4704; baseline -0.001 -19"><span class='ocrx_word' id='word_1_308' title='bbox 238 4612 404 4685; x_wconf 87' lang='lat' dir='ltr'>ecclesiae</span> <span class='ocrx_word' id='word_1_309' title='bbox 430 4619 467 4684; x_wconf 87' lang='lat' dir='ltr'>et</span> <span class='ocrx_word' id='word_1_310' title='bbox 492 4613 638 4704; x_wconf 89' lang='lat' dir='ltr'>plebano</span> <span class='ocrx_word' id='word_1_311' title='bbox 665 4610 793 4685; x_wconf 92' lang='lat' dir='ltr'>ibidem</span> <span class='ocrx_word' id='word_1_312' title='bbox 819 4612 855 4686; x_wconf 92' lang='lat' dir='ltr'>iu</span> <span class='ocrx_word' id='word_1_313' title='bbox 882 4608 1270 4702; x_wconf 82' lang='lat' dir='ltr'>Oppatbowyecn,</span> <span class='ocrx_word' id='word_1_314' title='bbox 1295 4616 1331 4686; x_wconf 84' lang='lat' dir='ltr'>et</span> <span class='ocrx_word' id='word_1_315' title='bbox 1358 4610 1456 4685; x_wconf 77' lang='lat' dir='ltr'>valor</span> <span class='ocrx_word' id='word_1_316' title='bbox 1482 4610 1556 4687; x_wconf 80' lang='lat' dir='ltr'>eim</span> <span class='ocrx_word' id='word_1_317' title='bbox 1583 4611 1788 4687; x_wconf 84' lang='lat' dir='ltr'>aestimatur</span> 
     </span>
    </p>
   </div>
   <div class='ocr_carea' id='block_1_9' title="bbox 87 4720 1787 4856">
    <p class='ocr_par' dir='ltr' id='par_1_11' title="bbox 86 4720 1787 4856">
     <span class='ocr_line' id='line_1_33' title="bbox 87 4720 1787 4856; baseline -0.003 -48.003"><span class='ocrx_word' id='word_1_318' title='bbox 87 4842 91 4856; x_wconf 39' lang='grc' dir='ltr'>Ι</span> <span class='ocrx_word' id='word_1_319' title='bbox 239 4732 284 4803; x_wconf 91' lang='lat' dir='ltr'>ad</span> <span class='ocrx_word' id='word_1_320' title='bbox 302 4732 483 4805; x_wconf 90' lang='lat' dir='ltr'>duodecim</span> <span class='ocrx_word' id='word_1_321' title='bbox 509 4753 654 4804; x_wconf 86' lang='lat' dir='ltr'>marcas.</span> <span class='ocrx_word' id='word_1_322' title='bbox 694 4732 782 4805; x_wconf 90' lang='lat' dir='ltr'>Item</span> <span class='ocrx_word' id='word_1_323' title='bbox 808 4720 977 4824; x_wconf 86' lang='lat' dir='ltr'>plebanus</span> <span class='ocrx_word' id='word_1_324' title='bbox 1004 4732 1110 4804; x_wconf 88' lang='lat' dir='ltr'>babet</span> <span class='ocrx_word' id='word_1_325' title='bbox 1136 4752 1239 4823; x_wconf 83' lang='lat' dir='ltr'>agros</span> <span class='ocrx_word' id='word_1_326' title='bbox 1266 4732 1427 4825; x_wconf 88' lang='lat' dir='ltr'>proprios</span> <span class='ocrx_word' id='word_1_327' title='bbox 1455 4751 1518 4825; x_wconf 88' lang='lat' dir='ltr'>pro</span> <span class='ocrx_word' id='word_1_328' title='bbox 1545 4753 1609 4841; x_wconf 83' lang='lat' dir='ltr'>suo</span> <span class='ocrx_word' id='word_1_329' title='bbox 1636 4732 1787 4824; x_wconf 90' lang='lat' dir='ltr'>praedio.</span> 
     </span>
    </p>
   </div>
   <div class='ocr_carea' id='block_1_10' title="bbox 240 4852 1788 5065">
    <p class='ocr_par' dir='ltr' id='par_1_12' title="bbox 240 4852 1788 5065">
     <span class='ocr_line' id='line_1_34' title="bbox 240 4852 1788 4945; baseline 0 -21"><span class='ocrx_word' id='word_1_330' title='bbox 240 4852 327 4925; x_wconf 88' lang='lat' dir='ltr'>ltem</span> <span class='ocrx_word' id='word_1_331' title='bbox 355 4854 633 4945; x_wconf 76' lang='lat' dir='ltr'>macellaparva</span> <span class='ocrx_word' id='word_1_332' title='bbox 659 4858 815 4926; x_wconf 89' lang='lat' dir='ltr'>sutorum</span> <span class='ocrx_word' id='word_1_333' title='bbox 848 4852 987 4926; x_wconf 87' lang='lat' dir='ltr'>solvunt</span> <span class='ocrx_word' id='word_1_334' title='bbox 1020 4859 1093 4925; x_wconf 89' lang='lat' dir='ltr'>tres</span> <span class='ocrx_word' id='word_1_335' title='bbox 1121 4874 1274 4944; x_wconf 88' lang='lat' dir='ltr'>marcas,</span> <span class='ocrx_word' id='word_1_336' title='bbox 1310 4854 1394 4925; x_wconf 90' lang='lat' dir='ltr'>item</span> <span class='ocrx_word' id='word_1_337' title='bbox 1420 4852 1566 4927; x_wconf 86' lang='lat' dir='ltr'>macella</span> <span class='ocrx_word' id='word_1_338' title='bbox 1592 4852 1788 4925; x_wconf 88' lang='lat' dir='ltr'>carnificum</span> 
     </span>
     <span class='ocr_line' id='line_1_35' title="bbox 240 4972 1788 5065; baseline -0.001 -19"><span class='ocrx_word' id='word_1_339' title='bbox 240 4973 420 5047; x_wconf 75' lang='lat' dir='ltr'>duodecim</span> <span class='ocrx_word' id='word_1_340' title='bbox 454 4974 588 5065; x_wconf 85' lang='lat' dir='ltr'>lapides</span> <span class='ocrx_word' id='word_1_341' title='bbox 614 4974 708 5065; x_wconf 83' lang='lat' dir='ltr'>sepi3</span> <span class='ocrx_word' id='word_1_342' title='bbox 740 4976 825 5047; x_wconf 85' lang='lat' dir='ltr'>item</span> <span class='ocrx_word' id='word_1_343' title='bbox 859 4979 914 5046; x_wconf 88' lang='lat' dir='ltr'>est</span> <span class='ocrx_word' id='word_1_344' title='bbox 948 4972 998 5046; x_wconf 93' lang='lat' dir='ltr'>ibi</span> <span class='ocrx_word' id='word_1_345' title='bbox 1023 4974 1204 5065; x_wconf 88' lang='lat' dir='ltr'>praedium</span> <span class='ocrx_word' id='word_1_346' title='bbox 1240 4972 1441 5046; x_wconf 89' lang='lat' dir='ltr'>coenobiale</span> <span class='ocrx_word' id='word_1_347' title='bbox 1467 4973 1710 5065; x_wconf 87' lang='lat' dir='ltr'>Tbiucziense,</span> <span class='ocrx_word' id='word_1_348' title='bbox 1745 4972 1788 5045; x_wconf 90' lang='lat' dir='ltr'>de</span> 
     </span>
    </p>
   </div>
   <div class='ocr_carea' id='block_1_11' title="bbox 86 5078 1787 5187">
    <p class='ocr_par' dir='ltr' id='par_1_13' title="bbox 86 5078 1787 5187">
     <span class='ocr_line' id='line_1_36' title="bbox 86 5078 1787 5187; baseline -0.001 -21"><span class='ocrx_word' id='word_1_349' title='bbox 86 5109 89 5118; x_wconf 90' lang='lat'>·</span> <span class='ocrx_word' id='word_1_350' title='bbox 239 5096 341 5177; x_wconf 80' lang='lat' dir='ltr'>cuias</span> <span class='ocrx_word' id='word_1_351' title='bbox 360 5097 456 5186; x_wconf 71' lang='lat' dir='ltr'>agris</span> <span class='ocrx_word' id='word_1_352' title='bbox 476 5096 627 5177; x_wconf 75' lang='lat' dir='ltr'>decima</span> <span class='ocrx_word' id='word_1_353' title='bbox 658 5096 883 5187; x_wconf 75' lang='lat' dir='ltr'>nuupnluu</span> <span class='ocrx_word' id='word_1_354' title='bbox 913 5078 978 5186; x_wconf 81' lang='lat' dir='ltr'>pro</span> <span class='ocrx_word' id='word_1_355' title='bbox 1004 5094 1215 5169; x_wconf 85' lang='lat' dir='ltr'>monasterio</span> <span class='ocrx_word' id='word_1_356' title='bbox 1243 5093 1480 5185; x_wconf 79' lang='lat' dir='ltr'>Tbiucuiensi3</span> <span class='ocrx_word' id='word_1_357' title='bbox 1515 5096 1599 5171; x_wconf 82' lang='lat' dir='ltr'>item</span> <span class='ocrx_word' id='word_1_358' title='bbox 1626 5095 1787 5169; x_wconf 87' lang='lat' dir='ltr'>balneum</span> 
     </span>
    </p>
   </div>
   <div class='ocr_carea' id='block_1_12' title="bbox 85 5197 1787 5795">
    <p class='ocr_par' dir='ltr' id='par_1_14' title="bbox 85 5197 1787 5795">
     <span class='ocr_line' id='line_1_37' title="bbox 85 5197 1787 5308; baseline -0.001 -19"><span class='ocrx_word' id='word_1_359' title='bbox 85 5197 89 5216; x_wconf 75' lang='grc'><em>’</em></span> <span class='ocrx_word' id='word_1_360' title='bbox 240 5216 345 5295; x_wconf 83' lang='lat' dir='ltr'>soluit</span> <span class='ocrx_word' id='word_1_361' title='bbox 370 5224 455 5289; x_wconf 88' lang='lat' dir='ltr'>octo</span> <span class='ocrx_word' id='word_1_362' title='bbox 476 5238 630 5306; x_wconf 81' lang='lat' dir='ltr'>marces,</span> <span class='ocrx_word' id='word_1_363' title='bbox 657 5217 745 5297; x_wconf 76' lang='lat' dir='ltr'>drus</span> <span class='ocrx_word' id='word_1_364' title='bbox 769 5236 904 5291; x_wconf 86' lang='lat' dir='ltr'>marcas</span> <span class='ocrx_word' id='word_1_365' title='bbox 930 5238 994 5307; x_wconf 89' lang='lat' dir='ltr'>pro</span> <span class='ocrx_word' id='word_1_366' title='bbox 1020 5216 1233 5308; x_wconf 86' lang='lat' dir='ltr'>quibuslibet</span> <span class='ocrx_word' id='word_1_367' title='bbox 1258 5223 1407 5308; x_wconf 83' lang='lat' dir='ltr'>quatuor</span> <span class='ocrx_word' id='word_1_368' title='bbox 1434 5218 1655 5308; x_wconf 88' lang='lat' dir='ltr'>temporibus.</span> <span class='ocrx_word' id='word_1_369' title='bbox 1699 5218 1787 5291; x_wconf 86' lang='lat' dir='ltr'>Item</span> 
     </span>
     <span class='ocr_line' id='line_1_38' title="bbox 85 5331 1787 5431; baseline 0.002 -23"><span class='ocrx_word' id='word_1_370' title='bbox 85 5331 89 5340; x_wconf 87' lang='lat'>&#39;</span> <span class='ocrx_word' id='word_1_371' title='bbox 239 5338 275 5408; x_wconf 91' lang='lat' dir='ltr'>in</span> <span class='ocrx_word' id='word_1_372' title='bbox 303 5336 423 5410; x_wconf 88' lang='lat' dir='ltr'>eodem</span> <span class='ocrx_word' id='word_1_373' title='bbox 459 5337 586 5427; x_wconf 89' lang='lat' dir='ltr'>oppido</span> <span class='ocrx_word' id='word_1_374' title='bbox 621 5344 676 5410; x_wconf 88' lang='lat' dir='ltr'>est</span> <span class='ocrx_word' id='word_1_375' title='bbox 711 5339 958 5410; x_wconf 88' lang='lat' dir='ltr'>monasterium</span> <span class='ocrx_word' id='word_1_376' title='bbox 993 5338 1140 5410; x_wconf 88' lang='lat' dir='ltr'>fratrum</span> <span class='ocrx_word' id='word_1_377' title='bbox 1167 5338 1471 5427; x_wconf 87' lang='lat' dir='ltr'>Praedicatorum,</span> <span class='ocrx_word' id='word_1_378' title='bbox 1507 5337 1687 5411; x_wconf 80' lang='lat' dir='ltr'>fundatum</span> <span class='ocrx_word' id='word_1_379' title='bbox 1723 5360 1787 5431; x_wconf 87' lang='lat' dir='ltr'>per</span> 
     </span>
     <span class='ocr_line' id='line_1_39' title="bbox 241 5456 1784 5565; baseline 0 -34"><span class='ocrx_word' id='word_1_380' title='bbox 241 5456 451 5537; x_wconf 72' lang='lat' dir='ltr'>uuonan</span> <span class='ocrx_word' id='word_1_381' title='bbox 483 5458 645 5539; x_wconf 72' lang='lat' dir='ltr'>abbam</span> <span class='ocrx_word' id='word_1_382' title='bbox 673 5458 931 5539; x_wconf 66' lang='lat' dir='ltr'>iuueniorem</span> <span class='ocrx_word' id='word_1_383' title='bbox 958 5480 1053 5565; x_wconf 78' lang='lat' dir='ltr'>anuo</span> <span class='ocrx_word' id='word_1_384' title='bbox 1075 5458 1216 5533; x_wconf 90' lang='lat' dir='ltr'>Domini</span> <span class='ocrx_word' id='word_1_385' title='bbox 1245 5459 1353 5533; x_wconf 79' lang='lat'><strong>1283.</strong></span> <span class='ocrx_word' id='word_1_386' title='bbox 1388 5458 1591 5533; x_wconf 86' lang='lat' dir='ltr'>duodecima</span> <span class='ocrx_word' id='word_1_387' title='bbox 1626 5458 1784 5550; x_wconf 82' lang='lat' dir='ltr'>Augusti,</span> 
     </span>
     <span class='ocr_line' id='line_1_40' title="bbox 240 5578 1785 5671; baseline 0.003 -22"><span class='ocrx_word' id='word_1_388' title='bbox 240 5585 277 5651; x_wconf 90' lang='lat' dir='ltr'>et</span> <span class='ocrx_word' id='word_1_389' title='bbox 295 5579 409 5654; x_wconf 83' lang='lat' dir='ltr'>luabet</span> <span class='ocrx_word' id='word_1_390' title='bbox 432 5600 539 5671; x_wconf 79' lang='lat' dir='ltr'>agros</span> <span class='ocrx_word' id='word_1_391' title='bbox 563 5582 743 5671; x_wconf 87' lang='lat' dir='ltr'>proprios,</span> <span class='ocrx_word' id='word_1_392' title='bbox 768 5580 812 5652; x_wconf 91' lang='lat' dir='ltr'>de</span> <span class='ocrx_word' id='word_1_393' title='bbox 838 5580 964 5671; x_wconf 84' lang='lat' dir='ltr'>quibus</span> <span class='ocrx_word' id='word_1_394' title='bbox 990 5579 1078 5651; x_wconf 91' lang='lat' dir='ltr'>nulli</span> <span class='ocrx_word' id='word_1_395' title='bbox 1103 5579 1262 5669; x_wconf 89' lang='lat' dir='ltr'>decimat,</span> <span class='ocrx_word' id='word_1_396' title='bbox 1288 5586 1331 5652; x_wconf 89' lang='lat' dir='ltr'>et·</span> <span class='ocrx_word' id='word_1_397' title='bbox 1352 5578 1505 5670; x_wconf 80' lang='lat' dir='ltr'>uiuelm,</span> <span class='ocrx_word' id='word_1_398' title='bbox 1533 5580 1577 5653; x_wconf 88' lang='lat' dir='ltr'>de</span> <span class='ocrx_word' id='word_1_399' title='bbox 1604 5601 1672 5670; x_wconf 76' lang='lat' dir='ltr'>qula</span> <span class='ocrx_word' id='word_1_400' title='bbox 1698 5580 1785 5653; x_wconf 89' lang='lat' dir='ltr'>nibil</span> 
     </span>
     <span class='ocr_line' id='line_1_41' title="bbox 240 5700 1787 5795; baseline 0 -20"><span class='ocrx_word' id='word_1_401' title='bbox 240 5700 467 5775; x_wconf 72' lang='lat' dir='ltr'>sonulam</span> <span class='ocrx_word' id='word_1_402' title='bbox 494 5703 715 5781; x_wconf 78' lang='lat' dir='ltr'>bortulaniae</span> <span class='ocrx_word' id='word_1_403' title='bbox 740 5707 889 5795; x_wconf 80' lang='lat' dir='ltr'>quatuor</span> <span class='ocrx_word' id='word_1_404' title='bbox 915 5700 1002 5775; x_wconf 90' lang='lat' dir='ltr'>nibil</span> <span class='ocrx_word' id='word_1_405' title='bbox 1027 5701 1176 5792; x_wconf 84' lang='lat' dir='ltr'>solvunt,</span> <span class='ocrx_word' id='word_1_406' title='bbox 1204 5700 1265 5773; x_wconf 85' lang='lat' dir='ltr'>sed</span> <span class='ocrx_word' id='word_1_407' title='bbox 1282 5722 1387 5775; x_wconf 91' lang='lat' dir='ltr'>uuum</span> <span class='ocrx_word' id='word_1_408' title='bbox 1414 5700 1504 5775; x_wconf 75' lang='lat' dir='ltr'>dem</span> <span class='ocrx_word' id='word_1_409' title='bbox 1531 5703 1567 5775; x_wconf 91' lang='lat' dir='ltr'>iu</span> <span class='ocrx_word' id='word_1_410' title='bbox 1594 5702 1787 5793; x_wconf 88' lang='lat' dir='ltr'>septimana</span> 
     </span>
    </p>
   </div>
   <div class='ocr_carea' id='block_1_13' title="bbox 0 0 2262 6592">
    <p class='ocr_par' dir='ltr' id='par_1_15' title="bbox 0 0 2262 6592">
     <span class='ocr_line' id='line_1_42' title="bbox 0 0 2262 6592; baseline 0 0"><span class='ocrx_word' id='word_1_411' title='bbox 0 0 2262 6592; x_wconf 95' lang='lat' dir='ltr'> </span> 
     </span>
    </p>
   </div>
  </div>
 </body>
</html>
