4492 6592
1578 853 1584 863 Ι
1700 747 1772 816 119

222 942 391 1031 odernam
419 944 517 1016 cuius
543 944 730 1018 oblationis
756 965 901 1036 summa,
928 946 1089 1036 quoniam
1116 948 1264 1020 casualis
1279 953 1355 1038 -est,
1380 969 1451 1020 non
1476 949 1656 1039 potestati
1673 950 1775 1040 liqui·

222 1062 304 1134 dum
332 1065 523 1136 aestimari.

329 1181 490 1258 Hortus.
525 1185 614 1258 Item
650 1186 899 1258 monasterium
934 1186 1126 1276 praefatum
1162 1188 1206 1260 dc
1231 1188 1476 1279 Rumpella
1501 1189 1609 1262 babet
1634 1192 1775 1264 bortum

221 1303 423 1394 contiguum
449 1304 566 1380 domui
592 1306 795 1396 coenobiali,
821 1311 858 1380 et
883 1307 1076 1396 pomerium
1102 1307 1139 1378 in
1164 1329 1206 1379 eo
1232 1308 1418 1382 arboribus
1444 1314 1623 1382 censatum
1650 1311 1774 1384 nobili·

222 1423 290 1494 hus
308 1477 316 1494 .
336 1477 344 1494 .
363 1477 398 1494 ..

329 1541 468 1618 Laeua.
495 1545 585 1621 Item
610 1547 704 1618 inter
730 1545 818 1618 duos
844 1547 965 1620 hortos
991 1546 1036 1616 ad
1063 1567 1101 1620 se
1127 1549 1343 1636 pertinentes
1364 1549 1472 1622 babet
1488 1549 1600 1622 locum
1619 1551 1685 1622 sub
1702 1573 1776 1622 mo-

221 1665 380 1736 nasterio
406 1665 529 1755 situm,
557 1686 658 1756 quem
685 1665 832 1740 Wisla
865 1666 990 1738 fluvius
1017 1667 1255 1740 subterraneis
1281 1668 1380 1740 venis
1405 1668 1553 1740 inundat
1578 1675 1614 1740 et
1639 1671 1775 1762 irrigm,

221 1785 281 1874 qui
307 1785 409 1858 ferax
433 1785 596 1876 piscibus,
622 1786 860 1877 aegritudines
886 1786 1039 1878 depellit,
1064 1786 1133 1858 fide
1150 1787 1253 1877 plena
1268 1785 1433 1860 Βαυοῐιιω
1450 1787 1659 1865 Smuhlanm
1677 1792 1776 1864 inro-

222 1906 396 1996 cantibus,
422 1906 608 1978 oculorum.

327 2024 650 2116 Ornmovvvczs,
677 2026 760 2098 villa
786 2027 850 2098 sub
877 2026 1044 2116 parochia
1070 2026 1236 2100 ecclesiae
1261 2028 1306 2098 dc
1324 2025 1418 2118 Gay
1444 2028 1522 2100 sita.
1548 2029 1590 2101 ln
1608 2051 1677 2120 qua
1693 2037 1776 2104 sunt

221 2145 308 2216 certi
338 2147 415 2236 agri
442 2145 487 2218 ad
514 2147 601 2218 duos
626 2146 744 2218 laneos
771 2146 957 2236 aestimati,
985 2147 1119 2236 optima
1144 2153 1249 2237 prata
1274 2148 1461 2237 habentes,
1488 2149 1526 2220 in
1553 2150 1678 2240 quibus
1705 2151 1774 2223 duo

221 2265 327 2338 locati
354 2267 523 2340 sedebant
549 2267 737 2340 muctuarii
763 2287 807 2338 ex
834 2267 987 2357 annquc,
1006 2267 1065 2358 qui
1091 2267 1137 2340 ad
1163 2267 1279 2340 omnia
1304 2268 1448 2342 servitia
1473 2274 1511 2340 et
1527 2266 1722 2344 ministeria
1738 2272 1775 2344 in
1877 2275 1881 2280 ’

222 2387 370 2458 ecclesia
404 2387 528 2460 maiori
564 2386 784 2458 Gracoviensi
819 2387 1030 2475 exhibenda,
1057 2407 1136 2458 cum
1171 2387 1251 2458 aliis
1286 2387 1519 2478 Sanctuariis,
1545 2409 1624 2462 cum
1650 2392 1775 2481 quibus

222 2507 332 2579 eham
360 2507 404 2580 de
431 2507 698 2580 obventionibus
716 2512 752 2578 et
770 2512 917 2598 quaestu
934 2507 1211 2578 sanctuariorum
1238 2508 1495 2598 participabant
1520 2510 1775 2600 obligabantur,

220 2633 256 2700 et
281 2649 389 2702 unam
416 2647 568 2702 marcam
595 2624 702 2700 annui
728 2647 851 2700 census
878 2626 1056 2698 custodiae
1083 2626 1306 2701 Oracoviansi
1331 2627 1468 2700 solvere
1492 2629 1711 2721 tenebantur,
1728 2632 1774 2702 ab

89 2747 91 2814 f
221 2747 383 2822 omnibns
410 2747 488 2820 aliis
514 2747 702 2836 laboribus,
730 2746 1053 2835 contributicnibus,
1080 2745 1263 2836 suffragiis,
1285 2747 1404 2837 dacds,
1423 2745 1630 2842 porodhcm,
1646 2755 1684 2820 et
1700 2751 1777 2841 qui-

89 2873 90 2954 Q
221 2869 425 2958 buscunque
452 2868 605 2958 tributis,
631 2867 817 2940 ordinariis
843 2872 880 2940 et
900 2867 1187 2940 extraordinariis
1204 2868 1308 2940 liberi
1325 2874 1362 2940 et
1378 2869 1539 2959 exempti
1564 2868 1640 2941 Hos
1657 2870 1777 2961 itaque

219 2987 308 3062 duos
345 2989 465 3062 laneos
500 2988 800 3077 censuariorum,
836 3007 912 3060 cnm
944 2987 1102 3060 domibus
1139 2993 1176 3059 et
1212 2989 1340 3078 pratis,
1366 2988 1410 3059 de
1437 3009 1608 3060 murense
1633 2991 1774 3081 speciali

89 3095 91 3138 ³
219 3108 395 3182 Johannis
421 3108 663 3182 Woischik
689 3107 845 3182 custodis
873 3106 1123 3196 Cracoviensis,
1149 3106 1195 3178 ad
1221 3128 1322 3198 quem
1340 3129 1459 3179 eorum
1477 3109 1676 3199 pertinebat
1693 3132 1774 3200 pro-

89 3265 92 3290 >
218 3230 376 3319 pristas,
402 3229 582 3304 Johannes
617 3229 740 3300 Senior
765 3228 1002 3318 Dlugosch
1037 3227 1223 3300 canonicus
1249 3226 1491 3300 Oracoviensis
1517 3249 1610 3302 anno
1634 3231 1776 3302 Domini

89 3337 90 3346 Ξ
225 3351 336 3420 1471.
363 3371 387 3420 a
419 3349 586 3440 praefatis
622 3348 849 3437 sanctuariis,
883 3348 1054 3420 dictorum
1090 3348 1269 3420 laneorum
1296 3348 1522 3438 haeredibus,
1547 3369 1611 3439 pro
1638 3356 1775 3428 centum

89 3459 91 3470 '
219 3471 349 3542 marcis
377 3471 567 3542 communis
593 3469 759 3560 pecuniae
785 3469 822 3540 in
849 3469 1110 3558 amplitudinem
1139 3474 1175 3540 at
1200 3468 1394 3558 proiectum
1411 3471 1546 3558 coemit,
1564 3476 1602 3545 et
1618 3471 1776 3560 praelato

89 3663 90 3690 ξ
220 3591 433 3662 monasterio
460 3591 706 3680 incorporavit,
733 3589 838 3662 salvis
865 3595 983 3662 tamen
1010 3589 1175 3662 oneribus
1201 3589 1368 3662 ecclesiae
1392 3595 1430 3662 et
1456 3590 1633 3663 custodiae
1650 3590 1777 3664 Greco-

219 3712 361 3782 vicnsis.
388 3711 609 3816 Locaverunt
635 3716 752 3782 autem
777 3710 906 3782 fratres
932 3710 976 3780 de
1001 3710 1175 3781 skalka
1200 3710 1236 3780 in
1263 3710 1366 3782 dictis
1392 3711 1527 3782 duobus
1553 3712 1663 3784 laneis
1681 3713 1776 3784 aliud

222 3832 411 3904 secundum
439 3833 606 3922 optimum
633 3830 824 3922 praedium,
850 3850 915 3901 nec
941 3830 1044 3902 alicui
1071 3831 1169 3902 iuxta
1195 3836 1300 3920 atque
1326 3831 1526 3919 sanctuarii,
1553 3833 1676 3921 quiin
1707 3833 1776 3904 illis

89 4001 90 4026 t
218 3953 333 4024 laneis
360 3953 546 4042 perprius
573 3951 779 4041 residebant,
807 3951 947 4022 solvunt
973 3950 1224 4040 manipularem
1251 3951 1429 4040 decimam,
1455 3951 1620 4022 sedeam
1647 3973 1711 4043 pro
1738 3975 1776 4025 se

89 4109 90 4112 π
220 4073 351 4144 tollunt
389 4076 427 4148 et
461 4073 496 4143 in
524 4073 688 4143 horreum
724 4092 823 4142 suum
851 4070 1037 4159 inducunt,
1064 4075 1101 4142 et
1127 4090 1231 4142 unam
1258 4091 1410 4142 marcam
1438 4092 1502 4161 pro
1530 4091 1645 4144 annuo
1672 4093 1777 4145 censu
1912 4101 1916 4106 ·

218 4193 403 4264 custodiae
440 4192 661 4267 cracoviensi
699 4191 857 4281 solvunt3
893 4191 1058 4263 ecclesiae
1085 4210 1168 4262 vero
1195 4189 1418 4263 cracoviensi
1443 4175 1521 4263 octo
1547 4192 1775 4264 hebdomadis

219 4315 301 4386 illos
330 4335 373 4386 ex
401 4313 523 4386 ordine
550 4312 831 4403 contingentibus
857 4312 1076 4402 ministrant;
1102 4312 1213 4384 maior
1239 4317 1354 4384 autem
1377 4333 1459 4404 pars
1477 4313 1581 4386 villae
1598 4313 1777 4406 praefatae

89 4451 91 4456 ·
218 4434 587 4526 Opathkovvicze
613 4433 767 4524 pertinet
793 4433 838 4504 ad
865 4433 1112 4505 monasterium
1140 4433 1394 4526 Thyneczcnse

330 4554 579 4646 stmczsn,
614 4554 778 4645 oppidum
805 4559 941 4626 montes
967 4551 1098 4626 habens
1126 4555 1293 4645 optimos,
1328 4555 1364 4625 in
1392 4578 1459 4646 quo
1487 4557 1577 4628 sales
1604 4557 1641 4628 in
1666 4557 1776 4630 abun·

220 4676 345 4748 dantia
369 4674 591 4764 effodiuntur,
618 4675 750 4748 habens
777 4673 813 4746 in
840 4694 878 4746 se
904 4674 1082 4748 ecclesiam
1111 4676 1356 4766 parochialem,
1383 4677 1481 4750 cuius
1508 4677 1707 4768 proprietas
1732 4679 1778 4750 ad

220 4795 482 4870 serenissimum
510 4795 674 4870 Poloniae
700 4816 818 4886 regem
844 4795 1004 4886 pertinet,
1031 4795 1067 4868 in
1086 4817 1155 4888 quo
1181 4797 1212 4869 si
1239 4798 1316 4888 quis
1343 4799 1496 4890 propriis
1522 4799 1716 4889 sumptibus
1742 4805 1779 4870 et

220 4920 344 5000 labore
371 4939 497 4988 novum
524 4922 674 4990 monmm
701 4917 883 5007 repererit,
910 4915 1018 4989 hahet
1037 4917 1111 5007 ipse
1135 4918 1281 5008 singulis
1298 4919 1525 4992 hebdomadis
1551 4937 1667 4990 unam·
1681 4939 1779 4990 sena-

218 5059 345 5130 genam
372 5038 523 5110 latorum
558 5057 758 5128 grossorum
784 5037 1011 5135 Pragensium
1047 5037 1123 5110 iure
1158 5045 1328 5128 perpetuo
1365 5045 1403 5110 et
1428 5039 1679 5128 haereditario,
1714 5059 1778 5130 per

220 5160 384 5250 zuparios
411 5158 637 5230 Vielicienses
673 5159 804 5250 absque
839 5158 933 5230 omni
959 5158 1180 5234 recusatione
1207 5160 1338 5231 sibiet
1365 5159 1437 5230 suis
1464 5159 1614 5248 posteris
1640 5160 1777 5230 solven-

220 5279 311 5369 dam3
338 5280 398 5372 qui
426 5299 549 5351 census
576 5281 746 5350 communi
773 5279 1006 5370 appellatione
1033 5285 1179 5350 vocatur
1205 5277 1393 5350 borbracbt.
1420 5278 1534 5350 Huius
1560 5279 1678 5368 itaque
1696 5301 1776 5350 cen-
1868 5303 1872 5311 ¹

221 5423 279 5475 sus
310 5400 536 5472 medietatem
564 5399 710 5490 Spithlm
748 5401 791 5472 de
818 5399 1049 5472 Melsthin
1084 5399 1211 5472 nobilis
1246 5399 1418 5472 dedomo
1454 5398 1776 5472 Lelivitarum

222 5545 295 5596 cum
323 5521 518 5608 habuisset,
543 5521 665 5592 habita
691 5527 727 5592 ei
753 5525 900 5612 paterna
927 5520 994 5590 sibi
1021 5519 1238 5590 successione
1265 5519 1442 5608 relictam,
1468 5517 1648 5591 Johannes
1673 5520 1777 5592 Diu-

89 5653 91 5668 '
221 5643 359 5735 gosch
388 5639 509 5712 senior
535 5641 719 5714 mnonicus
737 5640 987 5731 Gracovicnsis,
1015 5640 1159 5712 obtento
1187 5638 1329 5734 speciali
1355 5659 1527 5715 consensu
1553 5640 1778 5718 casimiri
