4492 6592
490 700 563 816 'aaa

487 950 732 1040 Slotbwyn
743 971 775 1039 y,
802 952 838 1018 et
851 968 892 1018 ex
921 947 1082 1037 opposito
1102 945 1196 1016 illins
1214 945 1346 1036 stipitis
1366 949 1461 1015 stant
1479 944 1569 1015 duae
1588 946 1743 1034 arbores,
1763 945 1925 1015 videlieet
1942 942 2046 1016 iawor
2077 1008 2081 1023 .

489 1077 523 1142 et
552 1067 628 1158 aab,
655 1078 691 1141 et
719 1071 755 1140 in
783 1089 851 1158 qua
879 1069 1004 1140 arbore
1031 1073 1085 1138 est
1113 1067 1330 1156 desculptnm
1357 1062 1468 1159 bytom.
1492 1073 1529 1135 et
1556 1087 1660 1154 crnx;
1686 1066 1756 1136 alia
1782 1067 1892 1156 signa,
1911 1067 1940 1142 si
1959 1088 2043 1155 qnae

489 1191 638 1280 inerint,
675 1189 884 1278 omittendo,
911 1191 977 1276 sub
1015 1185 1145 1283 lplyow
1180 1195 1216 1259 et
1251 1209 1352 1260 crnoe
1375 1209 1456 1257 enm
1486 1187 1550 1258 Dei
1578 1165 1754 1258 adiutorio
1782 1188 1874 1277 qnod
1902 1190 2046 1277 qnaeris,

490 1313 654 1384 invenies.
690 1313 777 1384 Item
814 1332 878 1402 per
914 1309 1252 1382 Sezawniczam
1288 1329 1395 1399 snpra
1432 1309 1545 1380 eundo
1573 1330 1695 1380 versus
1722 1306 1933 1398 Gomola,
1958 1311 2046 1379 eirca

495 1429 686 1504 Gomola
713 1434 873 1523 superius
901 1433 1066 1521 invenies,
1094 1432 1154 1503 nbi
1182 1431 1270 1502 duae
1297 1451 1408 1520 aquae
1427 1451 1464 1501 se
1483 1432 1702 1520 conveniunt,
1722 1431 1771 1502 ibi
1790 1431 1946 1520 reperies
1963 1431 2046 1501 duas

492 1553 665 1654 octoubres
691 1561 867 1626 reseratas
895 1554 981 1624 alias
1009 1549 1176 1648 odlcrytla,
1203 1555 1239 1622 in
1267 1554 1392 1642 quibus
1419 1553 1515 1624 nibil
1533 1559 1743 1642 quaeratur3
1770 1553 1831 1622 sed
1850 1554 1945 1622 eirca
1961 1553 2044 1622 istas

492 1675 578 1746 duas
606 1698 714 1766 aquas
742 1677 898 1746 invenies
925 1676 1086 1746 arborem
1114 1674 1200 1745 alias
1224 1667 1312 1768 padi,
1341 1676 1376 1744 in
1403 1675 1472 1744 ista
1499 1674 1633 1763 arbore,
1661 1675 1763 1763 louge
1782 1675 1943 1764 superins
1961 1674 2045 1744 sient

492 1798 560 1868 dno
601 1799 775 1886 homines,
812 1799 947 1887 signum
984 1803 1038 1866 est
1073 1796 1245 1885 sculptum
1282 1816 1382 1883 crux,
1409 1817 1466 1865 ex·
1481 1797 1640 1885 opposito
1668 1797 1768 1896 istius
1795 1796 1937 1867 arboris
1960 1792 2056 1889 pedi,

392 1963 401 1972 -
494 1925 575 1990 sunt
603 1919 691 1990 dnae
718 1920 870 2008 arbores,
897 1919 963 1988 hoe
990 1924 1043 1988 est
1070 1913 1168 2011 lippa
1185 1923 1221 1988 et
1238 1915 1314 2007 bale,
1333 1919 1483 2001 uertioes
1501 1918 1647 1988 istarum
1667 1919 1829 1988 arborum
1849 1923 1932 1988 sunt
1949 1917 2045 1986 simul

493 2040 696 2111 coniunctae
724 2046 759 2110 et
785 2035 1028 2140 oebronlysede,
1056 2044 1092 2109 et
1119 2039 1211 2130 eirea
1238 2040 1325 2109 istas
1353 2039 1442 2110 dnas
1467 2040 1612 2109 arbores
1631 2045 1772 2128 recepto
1791 2039 1927 2126 baculo,
1946 2037 2046 2108 debes
2139 2050 2142 2062 ⁴

492 2181 556 2250 per
582 2168 711 2238 terram
740 2167 884 2249 tangere
912 2179 972 2230 seu
1000 2164 1198 2249 percutere,
1225 2164 1261 2229 et
1287 2160 1347 2233 ubi
1375 2160 1542 2247 sonuerit,
1570 2180 1632 2230 sen
1659 2181 1781 2230 sonum
1809 2159 1966 2248 dederit,
1991 2179 2047 2229 en·

495 2289 578 2352 tnno
607 2283 760 2352 invenies
795 2278 986 2350 ecberhtum
1021 2281 1113 2350 ostio
1141 2280 1184 2352 de
1211 2293 1316 2370 snper
1343 2281 1512 2369 clansam,
1541 2279 1681 2351 Christo
1709 2279 1795 2352 duee
1822 2281 1982 2351 invenies
2006 2279 2048 2349 ad

373 2402 375 2410 '
492 2408 642 2494 quatuor
659 2413 841 2497 atapyenye
859 2402 950 2492 quod
971 2403 1118 2492 qnaeris.
1138 2401 1226 2475 Item
1244 2423 1286 2473 ex
1306 2404 1466 2492 opposito
1485 2402 1524 2471 M
1534 2403 1822 2474 aszkouioze
1844 2409 1882 2473 et
1901 2401 2049 2472 Lantb-

480 2525 601 2618 szko
637 2523 787 2594 babetur
823 2522 1003 2594 Potbok
1041 2523 1200 2613 zlotbp
1227 2543 1291 2612 per
1317 2525 1422 2594 istum
1447 2521 1573 2619 pothale·
1595 2545 1703 2614 snpra
1729 2524 1843 2596 eundo
1870 2525 1916 2594 de
1943 2545 2048 2618 wyrs-

177 2733 181 2740 .
493 2641 653 2740 elowynp
680 2665 789 2736 nsque
816 2645 860 2716 ad
890 2666 1113 2734 owoznraow,
1140 2645 1190 2714 ibi
1216 2645 1371 2716 invenies
1398 2646 1564 2716 mineram
1593 2646 1680 2716 alias
1705 2643 1905 2739 basozperz
1935 2641 2049 2737 zlotty,

242 2753 246 2760 “
347 2765 353 2770 “
494 2771 529 2836 et
556 2787 678 2838 aurum
711 2771 865 2856 eertum,
893 2756 928 2836 et
956 2765 1003 2836 ibi
1031 2765 1183 2856 undique
1210 2766 1272 2840 ubi
1297 2787 1361 2855 per
1378 2787 1552 2856 percussa
1568 2749 1633 2838 'est
1659 2767 1746 2838 alias
1771 2764 1920 2860 praebito
1947 2766 2048 2836 arbor

496 2883 649 2981 lclyaem,
676 2887 832 2958 invenies
860 2887 951 2977 quod
980 2887 1129 2976 qnaeris.
1165 2886 1253 2956 Item
1281 2887 1325 2958 ad
1352 2887 1496 2989 I{nsta
1523 2887 1680 2972 Lanka
1705 2889 1771 2958 sub
1797 2887 2049 2978 Wyssolrye
2141 2936 2142 2947 ,

502 3007 631 3078 ibidem
659 3007 752 3078 eirea
778 3029 937 3102 mornay
964 3013 1046 3078 sunt
1072 3005 1220 3078 sciaena·
1245 3009 1418 3098 antiquae,
1446 3016 1485 3078 et
1511 3008 1558 3080 ibi
1586 3014 1640 3079 est
1665 3005 1773 3104 lyppo
1798 3029 1877 3080 enm
1894 3028 2052 3099 quaeres,
2140 3068 2142 3113 ἐ

498 3129 589 3198 cirea
625 3129 711 3200 istas
743 3150 901 3222 rrroczorp
928 3130 963 3198 in
990 3113 1150 3210 omnibns
1172 3136 1232 3212 est
1258 3131 1364 3218 satin,
1390 3150 1468 3200 enm
1495 3130 1560 3199 Dei
1588 3130 1772 3204 adiutorio.
1808 3130 1898 3200 Item
1925 3129 2048 3200 ibidem

493 3251 530 3320 in
565 3247 708 3320 Pnsta
741 3250 902 3346 Lanka
938 3271 979 3320 ex
1017 3251 1196 3340 opposito,
1235 3252 1294 3320 nbi
1329 3251 1476 3327 ecelesia
1511 3250 1577 3322 init
1611 3272 1716 3341 snper
1742 3256 1864 3342 prato,
1892 3251 1982 3322 alias
2007 3273 2049 3318 aa

493 3366 655 3461 laneam,
682 3375 736 3442 est
761 3367 916 3440 eelraedto
943 3377 1105 3462 cooperta
1131 3371 1306 3463 lapidibus
1332 3373 1419 3442 alias
1446 3369 1543 3460 brito,
1571 3378 1608 3443 et
1633 3373 1678 3444 ab
1705 3373 1849 3444 eoeleste
1865 3368 2049 3468 polluerant,

496 3492 555 3582 qui
583 3490 689 3592 vadit,
716 3490 765 3562 ibi
792 3493 946 3563 invenies
973 3514 1083 3582 grana
1110 3493 1197 3582 anri,
1224 3471 1314 3564 sient
1341 3495 1493 3584 pisarum
1519 3473 1558 3564 et
1575 3494 1721 3566 aliorum
1739 3493 2003 3582 frumentorum,
2019 3499 2051 3562 et

436 3688 439 3696 ,
495 3613 588 3711 circa
616 3611 710 3683 illnm
738 3613 859 3704 locum,
889 3615 946 3685 nbi
973 3615 1119 3684 eeclesia
1145 3613 1221 3705 luit,
1248 3620 1303 3685 est
1320 3613 1484 3704 ababa,
1502 3616 1594 3686 ostio
1612 3616 1847 3687 eeclesiastico
1865 3636 1910 3686 ex
1930 3616 2050 3686 arbore
2139 3630 2142 3644 ·

350 3801 352 3806 .
414 3817 415 3820 ¹
495 3731 581 3803 oziae
617 3731 710 3804 iacto
746 3741 932 3824 oooperta3
967 3737 1015 3806 ibi
1051 3735 1250 3807 invenietur
1287 3757 1409 3808 aurum
1446 3737 1513 3812 iam
1542 3743 1719 3827 paratum,
1746 3737 1834 3808 alias
1862 3757 2049 3831 spaezcmra

496 3852 643 3950 oprtet.
670 3855 801 3930 Ibidem
830 3857 865 3928 in
893 3854 1037 3928 Pusta
1064 3856 1222 3928 Lanka
1247 3854 1368 3951 potlwlc
1385 3855 1559 3952 appoto-712,
1586 3858 1713 3929 ibidem
1732 3866 1815 3929 sunt
1832 3874 2002 3952 amasam,
2019 3858 2050 3927 in

496 3977 621 4068 quibus
656 3974 812 4046 enlroelda
848 3979 1015 4067 babetur,
1042 3983 1077 4048 et
1109 3979 1227 4068 plnres
1261 3977 1452 4069 sabatae,
1479 3980 1513 4050 in
1541 3979 1671 4051 eisdem
1699 3987 1781 4050 snut
1808 3981 1928 4050 omma
1954 3981 2049 4067 bona,

496 4096 635 4168 Christo
662 4097 858 4169 adiuvante.
886 4099 973 4169 Item
1000 4119 1108 4189 prope
1136 4099 1176 4170 M
1185 4121 1288 4170 ussz
1297 4121 1436 4191 ynam,
1463 4101 1555 4172 inter
1573 4101 1674 4172 villas
1692 4100 1731 4171 M
1739 4101 1784 4193 yl
1793 4101 1850 4190 ylr
1878 4106 1916 4172 et
1934 4100 2046 4171 Soza·
2074 4183 2080 4191 Ι

497 4219 625 4308 wnik,
653 4219 783 4290 dicitnr
802 4220 944 4290 multum
965 4221 1043 4292 anri
1062 4241 1147 4292 esse.
1174 4221 1263 4291 Item
1281 4221 1317 4292 in
1335 4221 1578 4313 Stadnyky,
1604 4243 1713 4312 prope
1731 4221 1775 4291 W
1784 4223 1855 4312 pel
1865 4223 2047 4313 yezkam
2083 4204 2086 4209 ’

499 4341 665 4430 magister
701 4340 932 4413 Venozeslans
968 4342 1102 4413 Sol'cz
1129 4342 1183 4413 de
1220 4341 1462 4434 Glywyoze
1489 4345 1728 4415 assentasse
1754 4344 2045 4416 foecundissiman

363 4521 367 4532 .
499 4483 577 4533 anri
605 4483 739 4534 venam.

608 4703 646 4777 ln
677 4705 832 4779 nomine
862 4705 1014 4780 Domini
1053 4705 1191 4780 Amen.
1233 4707 1402 4798 Quoniam
1438 4710 1629 4799 plasmator
1656 4710 1812 4782 homiuis
1832 4710 1951 4800 Dens,
1979 4716 2047 4800 post

406 4891 413 4905 ,
500 4824 709 4900 oreatbnem
747 4829 849 4918 prImi
885 4830 1112 4920 protoplasti,
1150 4829 1268 4901 volens
1304 4837 1343 4901 nt
1377 4851 1533 4922 propago
1569 4833 1709 4902 hnmani
1743 4833 1883 4922 generis
1919 4833 2046 4921 potiora

287 5015 292 5032 ,
379 4977 385 4983 ·
499 4947 681 5039 primordii
718 4950 770 5019 sni
808 4951 958 5020 nancisei
996 4951 1128 5022 valeret
1163 4953 1393 5042 incremento,
1430 4953 1665 5043 praevidendo
1692 4959 1727 5024 et
1753 4952 2044 5043 praedestinando,

260 5079 264 5088 '
500 5071 700 5164 liquidoque
728 5071 1009 5162 praeostendens,
1036 5074 1078 5146 in
1100 5094 1137 5143 se
1156 5074 1355 5146 individuae
1373 5073 1557 5146 Trinitatis
1575 5075 1743 5145 unitatem
1763 5075 1892 5164 legitur
1910 5075 2045 5145 dixisse:

499 5210 567 5264 non
596 5199 649 5262 est
675 5193 803 5264 bonum
830 5195 1003 5266 bominem
1030 5215 1105 5264 esse
1134 5195 1254 5285 solnm,
1272 5195 1446 5266 laniamus
1473 5199 1513 5268 ei·
1531 5196 1742 5268 adiutorium
1771 5197 1883 5266 simile
1911 5197 1988 5285 sibi,
2011 5202 2042 5264 ut

501 5314 566 5384 bae
593 5315 779 5405 sanctione,
808 5315 985 5386 indultove
1013 5315 1169 5406 salutari,
1196 5318 1288 5388 inter
1315 5318 1464 5389 cultores
1491 5318 1572 5389 fidei
1590 5318 1808 5389 orthodoxae
1825 5318 1943 5388 earnis
1962 5317 2043 5387 iden·

361 5449 364 5454 ·
501 5435 595 5525 lituo,
609 5435 731 5524 'probs
758 5437 949 5526 pluralitas,
978 5437 1071 5528 pacis
1098 5437 1345 5528 tranquillitas,
1372 5440 1407 5508 111
1436 5440 1590 5510 uniuersi
1609 5439 1703 5510 orbis
1721 5439 1896 5529 plantario
1915 5439 2043 5510 uberius
2141 5480 2142 5513 1

449 5579 469 5605 ·«
507 5561 696 5646 cresceret,
732 5557 880 5628 Domino
917 5557 1093 5648 irrigante.
1135 5559 1226 5629 Hinc
1261 5567 1333 5648 est,
1361 5560 1453 5650 quod
1481 5583 1543 5630 nos
1571 5561 1823 5638 Boleslans
1850 5561 1918 5631 Dei
1943 5560 2044 5650 gratia

504 5676 574 5746 dux
602 5676 859 5750 cracoviae
895 5685 930 5750 et
966 5679 1293 5752 SandomirIae
1320 5689 1438 5763 notum
1467 5703 1543 5753 esse
1570 5683 1728 5753 volumus
1754 5683 1995 5771 praesentibus
2015 5667 2043 5750 et
