4492 6592
752 605 776 658 Ι

1605 846 1609 851 ἡ
1693 745 1767 815 aaa

164 939 205 1005 et
238 935 426 1025 quilibet
453 939 557 1012 solvit
583 961 688 1012 unum
715 939 886 1012 samonem
913 961 976 1030 pro
1005 962 1130 1031 censu,
1156 942 1304 1033 triginta
1322 966 1398 1035 ova,
1426 947 1513 1018 duos
1538 948 1659 1038 gallos,
1686 971 1771 1040 qna·
1808 916 1815 946 x

161 1059 257 1126 tuor
291 1077 424 1131 coros
460 1081 610 1162 avenae,
647 1066 681 1131 et
708 1067 781 1132 tres
817 1060 965 1150 siliginis
1000 1081 1184 1134 mensurae
1217 1064 1402 1136 confertae.
1446 1067 1535 1138 Item
1570 1061 1770 1142 cme'thones
1821 1092 1825 1101 ·

161 1165 362 1248 laborant
398 1179 573 1270 duplicem
593 1179 778 1274 powobnm
805 1201 869 1270 pro
897 1202 978 1252 vere
1005 1186 1042 1251 et
1068 1182 1200 1273 hyeme.
1228 1183 1315 1255 Item
1342 1192 1398 1256 est
1424 1207 1493 1256 una
1519 1189 1666 1260 taberna
1692 1212 1770 1261 coe-

168 1297 373 1388 nobialiS,
410 1302 542 1372 habeus
570 1323 675 1372 unum
702 1301 840 1372 laneum
868 1321 1030 1391 agrorum
1057 1301 1100 1372 dc
1128 1304 1223 1392 agris
1250 1304 1421 1395 antiquis,
1453 1327 1541 1396 quae
1567 1309 1672 1380 solvit
1697 1331 1771 1381 ruo-

166 1421 354 1490 uasterio
380 1443 452 1511 pro
471 1443 586 1494 censu.
606 1477 613 1492 .
633 1477 640 1491 .
660 1477 667 1492 .
695 1422 781 1493 Item
799 1417 960 1494 'scoltetia
978 1427 1032 1494 est
1049 1423 1085 1494 in
1104 1423 1226 1495 eadem
1253 1424 1345 1515 villa,
1371 1447 1460 1516 quae
1486 1427 1594 1500 habet
1620 1437 1771 1520 quatuor

168 1542 308 1612 laneos
341 1564 424 1632 pro
452 1565 515 1616 suo
543 1527 705 1634 praedio,
741 1545 824 1615 item
861 1544 947 1615 duas
982 1543 1148 1614 tabernas
1184 1545 1352 1616 babentes
1388 1568 1500 1636 agros.
1540 1549 1627 1620 Item
1663 1573 1769 1621 unum

170 1662 449 1764 molendinum
476 1665 608 1736 habens
635 1679 757 1754 agroS,
793 1665 876 1736 item
904 1667 1054 1753 quatuor
1080 1664 1298 1736 hortulauias
1333 1667 1501 1740 babentes
1528 1660 1641 1758 agros.
1681 1671 1769 1742 Item

170 1766 309 1854 omnes
352 1787 442 1874 agri
478 1786 552 1866 sive
587 1780 679 1856 lane'i
720 1785 914 1876 quindecim
958 1785 994 1856 in
1030 1785 1139 1858 cruda
1172 1785 1288 1857 radice
1323 1787 1445 1878 locati,
1490 1790 1630 1862 solvunt
1665 1813 1768 1882 pecn-

173 1905 318 1976 nialem
364 1907 543 1977 decimam
583 1908 744 1997 episcopo
780 1905 1003 1979 cracoviensi
1038 1928 1102 1996 per
1138 1908 1256 1978 decem
1290 1930 1442 1998 grossos.
1484 1911 1572 1982 Item
1603 1912 1770 1984 scultetus

172 2025 218 2096 de
249 2026 338 2098 suis
373 2033 532 2118 quatuor
556 2029 684 2128 laneis,
711 2049 798 2118 quos
825 2028 860 2098 in
888 2027 996 2100 cruda
1023 2027 1140 2100 radice
1166 2029 1374 2119 extirpavit,
1403 2031 1509 2102 solvit
1535 2031 1701 2103 ecclesiae
1727 2034 1765 2102 in

177 2147 314 2218 Boro
328 2171 365 2218 w
411 2149 580 2220 decimam
616 2149 881 2240 manipularem3
925 2148 1127 2239 canapalem
1164 2171 1233 2220 uon
1269 2149 1384 2222 solvit.
1428 2150 1606 2224 Sooltetua
1643 2151 1769 2224 Petrus

163 2268 310 2340 dictus
354 2269 615 2363 Trzyenslry,
654 2270 781 2343 nobilis
818 2271 862 2342 de
900 2270 1001 2342 domo
1038 2269 1286 2361 Nalyancz.
1323 2271 1410 2342 Item
1437 2273 1514 2363 agri
1545 2273 1648 2344 unlus
1679 2273 1771 2344 lanei

181 2391 358 2481 antiqui,
392 2412 495 2482 quem
524 2392 606 2464 colit
632 2391 779 2463 taberna
804 2391 1025 2464 coenobialis.
1053 2391 1141 2462 Item
1158 2392 1235 2481 agri
1254 2391 1400 2463 duarum
1427 2393 1660 2483 tabernarum,
1687 2395 1770 2464 item

185 2517 357 2602 quatuor
390 2513 680 2603 hortulaniarom,
707 2513 789 2584 item
817 2511 1005 2584 molendini
1032 2511 1076 2583 ad
1104 2512 1296 2584 scoltetiam
1324 2514 1579 2603 pertinentium,
1607 2513 1769 2605 quoniam
1880 2599 1883 2612 Ι

188 2633 339 2723 antiqui
373 2639 478 2724 sunt,
504 2639 541 2704 et
567 2628 846 2724 progressionem
873 2633 1004 2704 habent
1030 2633 1271 2723 abantiquis,
1299 2633 1439 2704 solvunt
1465 2633 1633 2705 decimam
1660 2634 1770 2704 mani·
1853 2673 1857 2681 ,

187 2754 389 2844 pularem,
428 2760 464 2826 et
490 2776 552 2845 per
579 2760 728 2846 quatuor
755 2756 894 2845 ierugas
921 2735 1133 2845 canapalem'
1156 2753 1384 2825 scholastriae
1419 2754 1710 2843 Sandomiriensi,
1735 2758 1771 2825 et

190 2881 374 2947 tenentur
404 2876 500 2948 illam
528 2877 654 2948 ducere
682 2870 833 2967 propriis
860 2875 1022 2947 curribus
1049 2876 1084 2945 in
1111 2875 1275 2946 horreum
1302 2874 1551 2948 ascholastico
1578 2873 1770 2964 locandum,

192 3001 230 3068 et
257 2998 373 3070 valor
404 2999 479 3069 eius
506 2999 712 3070 aestimatur
738 2999 782 3069 ad
811 2998 962 3089 quinque
995 3017 1139 3068 marcas.
1176 2994 1336 3068 &uiuat
1363 3017 1440 3066 cum
1467 2995 1560 3066 villis
1581 2994 1771 3066 ¹(losici-

194 3119 376 3208 radow,
408 3119 647 3209 Sczeczin,
674 3120 844 3209 Borovv,
870 3119 1038 3192 Koszin
1065 3122 1101 3188 et
1127 3116 1294 3207 Opoka.
1330 3115 1662 3207 Notandum,·quod
1689 3117 1771 3187 villa

198 3240 370 3332 praefata
399 3243 435 3313 in
462 3241 665 3314 mudatione
702 3241 904 3321 monasterii
940 3238 1241 3328 Zavichostensis,
1275 3238 1342 3309 fuit
1368 3258 1445 3308 cum
1473 3236 1552 3307 aliis
1589 3237 1705 3325 villis,
1733 3238 1771 3307 iu

196 3361 399 3452 privilegio
425 3361 638 3433 hmdationis
656 3383 700 3434 ex
719 3361 856 3433 nomine
874 3359 1068 3450 descriptis,
1096 3359 1308 3430 monasterio
1334 3355 1606 3428 Zawichostensi
1632 3347 1771 3445 donam,

197 3469 237 3552 ‘et
266 3505 341 3554 non
374 3482 617 3555 Mnisszek
644 3481 705 3554 'sed
732 3481 996 3572 Thnczyna,
1022 3484 1167 3570 propter
1193 3477 1351 3565 fluvium,
1379 3477 1439 3567 qui
1465 3477 1565 3548 iuxta
1590 3475 1684 3546 illam
1711 3474 1772 3546 de·
1813 3534 1817 3542 .

203 3605 338 3694 currit,
380 3605 591 3704 vocabatur,
630 3609 753 3694 expost
780 3624 882 3692 vero,
917 3623 993 3672 cum
1021 3605 1166 3692 propter
1200 3597 1441 3670 infestationes
1477 3596 1622 3668 hostiles
1648 3595 1772 3668 finisset

202 3726 351 3814 penitus
372 3726 561 3816 desertata,
588 3731 624 3796 et
643 3727 678 3794 in
698 3724 919 3796 solitudmem
934 3721 1094 3822 redacta,
1122 3719 1232 3808 priori
1258 3719 1396 3788 nomine
1423 3717 1620 3804 obliterato,
1647 3716 1771 3788 Mnis-

207 3848 304 3916 szek
334 3849 458 3919 vocari
485 3851 610 3936 coepta
637 3851 707 3934 est,
734 3866 786 3934 eo,
814 3844 904 3932 quod
932 3842 982 3911 ibi
1000 3839 1227 3910 heremitorio
1245 3837 1394 3925 condito,
1421 3836 1639 3924 beremiccla,
1667 3857 1768 3926 quem

207 3968 335 4058 volgus
364 3965 533 4038 muimzch
559 3966 771 4053 nominabat,
798 3962 1008 4034 morabatur.

314 4088 458 4176 Sason,
486 4086 649 4178 oppidum
676 4085 808 4156 habens
835 4083 872 4154 iu
898 4102 936 4153 se
963 4079 1146 4152 ecclesiam
1171 4077 1420 4168 parochialem,
1446 4075 1562 4166 lapide
1589 4081 1770 4167 muratam,

211 4227 274 4296 per
301 4208 572 4280 Boleslaum
599 4206 821 4279 Pudicnm
857 4204 976 4275 ducem
1005 4200 1216 4273 monasterio
1251 4198 1370 4272 Sancti
1396 4195 1559 4269 Andreae
1593 4181 1769 4287 donatum,

156 4351 159 4354 ·
213 4329 307 4418 quod
335 4329 421 4402 dum
449 4329 545 4400 vicus
571 4333 681 4416 esset,
710 4326 921 4397 Staukon
953 4324 1155 4394 vocabatur.
1195 4320 1235 4390 ln
1262 4341 1331 4408 quo
1357 4323 1440 4389 sunt
1465 4317 1591 4420 viginti
1618 4322 1770 4408 quatuor

218 4447 307 4520 lanei
336 4451 476 4539 civiles,
512 4454 548 4522 et
575 4448 721 4540 quilibet
757 4447 862 4519 solvit
887 4466 951 4536 pro
978 4465 1082 4516 ceusu
1102 4445 1137 4512 .'.
1156 4495 1356 4511 .......
1397 4439 1484 4511 Item
1511 4459 1576 4530 pro
1604 4458 1674 4509 una
1699 4459 1769 4509 me·
1881 4462 1886 4469 ·

218 4568 347 4642 dietme
394 4571 469 4661 agri
515 4565 767 4660 oppidanorum
808 4567 949 4639 solvunt
995 4565 1163 4636 decimam
1207 4561 1456 4651 manipularem
1497 4581 1562 4650 pro
1598 4564 1771 4630 monaste·

157 4731 160 4738 ·
218 4689 269 4760 rio
313 4691 434 4763 Sancti
471 4690 649 4780 Andreae,
685 4694 721 4760 et
758 4688 855 4760 valor
891 4687 936 4759 ad
971 4691 1050 4758 octo
1087 4705 1241 4774 marcas,
1276 4688 1314 4754 et
1343 4687 1425 4753 sunt
1450 4681 1500 4753 ibi
1526 4680 1645 4752 decem
1671 4679 1772 4751 lanei.

220 4809 304 4882 Item
340 4817 423 4886 sunt
448 4813 496 4900 ibi
525 4815 674 4903 quatuor
705 4810 797 4880 lanei
832 4807 1098 4899 oppidanorum,
1134 4807 1194 4896 qui
1221 4805 1383 4896 dicuntur
1418 4798 1539 4897 crolup,
1575 4801 1771 4890 dequibus

222 4929 410 5006 decimatur
454 4933 618 5005 ecclesiae
662 4933 698 5002 in
734 4930 881 5002 Skala.
931 4929 1016 5000 Item
1062 4948 1181 5000 omnes
1225 4927 1321 5018 agri,
1364 4946 1429 5016 pro
1473 4945 1544 4995 una
1586 4921 1771 4992 medietate

224 5049 397 5138 duodecim
435 5042 596 5126 videlicet
626 5053 717 5124 lanei
744 5051 1012 5143 oppidanorum,
1053 5049 1194 5121 solvunt
1219 5055 1257 5120 et
1282 5047 1480 5119 conducunt
1506 5042 1673 5114 decimam
1699 5061 1771 5111 ma·
1829 5061 1838 5071 ·

227 5171 411 5262 nipularem
448 5181 485 5248 et
516 5175 730 5265 canapalem,
750 5195 813 5264 per
849 5177 997 5264 quatuor
1034 5172 1174 5263 icrugas
1209 5188 1273 5258 pro
1299 5167 1502 5258 episcopatu
1537 5161 1781 5251 cracoviensi,

227 5298 260 5362 et
284 5296 379 5370 valor
406 5299 480 5369 eius
506 5296 710 5369 aestimatur
737 5294 781 5366 ad
809 5299 888 5366 octo
914 5314 1059 5365 marcas.
1094 5292 1183 5363 Item
1210 5295 1266 5361 est
1291 5289 1328 5359 in
1355 5286 1475 5359 eodem
1503 5283 1630 5394 oppido
1656 5282 1772 5353 thelo-

230 5433 342 5510 neum,
377 5419 474 5490 cuius
509 5418 705 5509 proprietas
736 5421 774 5488 et
800 5413 978 5506 perceptio
1014 5413 1058 5484 ad
1086 5410 1368 5498 sanctimoniales
1404 5408 1447 5478 de
1473 5406 1601 5477 Sancto
1628 5403 1796 5497 Andrea

231 5539 389 5631 pertinet,
425 5540 516 5630 quod
553 5540 646 5614 dicto
674 5537 841 5610 coenobio
875 5536 1038 5607 donatum
1074 5533 1141 5604 fuit
1166 5551 1229 5623 per
1256 5529 1516 5602 Boleslaum
1552 5525 1770 5598 Pudicnm
1886 5624 1890 5631 .

232 5652 360 5751 ducem,
394 5663 430 5732 iu
467 5662 579 5732 trihus
616 5662 735 5732 stratis
773 5655 1028 5748 recipiendum,
1064 5654 1245 5744 videlicet,
1281 5651 1419 5739 invia,
1456 5669 1545 5741 quae
1581 5647 1678 5718 vadit
1705 5667 1768 5737 per

314 5797 477 5871 'mosoma
486 5829 528 5870 111.
671 5889 679 5900 ¹
879 5882 886 5895 ⁶
1568 5797 1604 5846 ⁴²
