4492 6592
1672 837 1744 917 tbi

215 1053 379 1118 eteorum
415 1043 621 1116 sententiam
659 1043 890 1134 definitivam,
924 1049 1000 1116 tota
1035 1045 1165 1135 absque
1202 1031 1429 1118 diminutione
1463 1044 1661 1118 adiudicata
1695 1053 1749 1118 est

212 1165 411 1256 episcopatui
447 1163 685 1256 cracoviensi,
713 1185 735 1234 a
760 1165 970 1236 monasterio
1007 1163 1154 1236 Sanctae
1191 1163 1312 1238 Crucis
1348 1165 1500 1238 alienata
1535 1166 1747 1257 inutraque

213 1284 294 1356 villa
979 1355 983 1370 ,

304 1403 463 1494 Rooovv,
488 1403 573 1476 villa
599 1404 663 1476 sub
699 1403 865 1494 parochia
898 1402 941 1472 de
968 1401 1170 1493 Wyllrov
1196 1404 1282 1492 sita,
1308 1407 1406 1478 cuius
1433 1405 1558 1478 haeres
1585 1405 1749 1478 Nicolaus

213 1523 496 1614 Kazimirsky
525 1523 567 1594 de
586 1524 692 1594 armis
712 1523 853 1593 Rawa.
893 1521 934 1591 In
953 1541 1021 1612 qna
1039 1527 1121 1594 sunt
1138 1523 1305 1595 tredecim
1324 1545 1400 1598 cum
1418 1525 1531 1597 medio
1549 1526 1641 1596 lanei
1659 1546 1750 1597 cme-

218 1642 375 1732 morales,
395 1648 432 1712 ct
447 1642 489 1713 de
503 1643 663 1714 omnibus
682 1643 830 1712 solvitur
848 1641 980 1712 decima
998 1642 1238 1732 manipularis,
1256 1647 1293 1713 et
1305 1664 1368 1733 pro
1382 1646 1591 1716 monasterio
1605 1643 1751 1718 Sanctae

212 1761 320 1834 Crucis
339 1762 563 1853 conducitur,
590 1769 627 1833 et
644 1762 743 1835 valor
761 1762 835 1832 eius
859 1761 903 1832 ad
922 1760 1038 1832 decem
1057 1782 1201 1834 marcas.
1241 1761 1341 1834 Hanc
1359 1763 1525 1836 decimam
1543 1763 1750 1855 Sbignens

212 1879 387 1954 cardinalis
413 1888 451 1954 et
469 1883 651 1973 episcopus
678 1881 917 1954 cracoviensis
946 1881 1178 1954 contendebat
1205 1903 1281 1956 esse
1307 1903 1390 1954 suae
1416 1904 1575 1974 mensae3
1601 1885 1662 1958 sed
1688 1906 1752 1975 per

126 2005 128 2012 ’
212 2001 367 2091 arbitros,
394 2002 557 2073 videlicet
581 2000 605 2073 J
614 2001 840 2074 aroslaum
867 2001 1065 2091 episcopum
1084 2001 1332 2073 Laodicensem
1359 2008 1396 2074 et
1412 2003 1607 2076 dobannem
1633 2005 1751 2094 pleba-
1817 2026 1820 2033 ’

213 2140 284 2192 num
310 2121 344 2192 in
371 2119 591 2192 Obrazovv
618 2120 799 2192 officialem
826 2119 1158 2210 Saudomiriensem,
1183 2126 1260 2192 tota
1284 2142 1348 2210 pro
1367 2124 1577 2196 monasterio
1604 2123 1752 2196 Sanctae

126 2323 127 2328 Ἰ
211 2238 319 2312 Grucis
337 2240 534 2312 adiudicata
552 2246 623 2328 est;
651 2242 734 2312 item
752 2242 932 2330 tabernae,
959 2240 1043 2312 item
1061 2241 1281 2312 hortulaniae
1307 2261 1376 2313 non
1396 2247 1497 2331 snut;
1523 2244 1607 2316 item
1625 2251 1681 2316 est
1698 2245 1750 2316 ibi

212 2361 338 2430 unicum
356 2361 551 2451 praedium,
579 2360 622 2432 de
640 2362 738 2432 cuins
764 2361 858 2456 agris
885 2359 1033 2432 solvitur
1059 2359 1193 2432 decima
1218 2361 1384 2432 ecclesiae
1411 2363 1446 2433 in
1473 2361 1519 2431 W
1526 2364 1686 2455 ylhovv.

307 2475 467 2552 Osraow
493 2480 652 2571 Muros„
676 2481 759 2551 villa
794 2481 858 2552 sub
884 2481 1050 2570 parochia
1077 2480 1250 2584 ¹ecclesiae
1286 2481 1329 2552 de
1356 2480 1514 2554 Rudno
1541 2484 1609 2556 sita
1645 2505 1752 2575 supra

212 2598 341 2670 invium
376 2599 591 2690 Wyeprz,
635 2596 732 2672 cuius
767 2599 935 2672 haeredes
970 2597 1148 2706 lohannes
1182 2599 1360 2672 Mantnl
1395 2605 1432 2672 et
1465 2601 1671 2676 Macrislans
1706 2605 1750 2675 de

134 2792 136 2800 ,
213 2719 309 2789 armis
335 2717 527 2791 Novius
541 2772 661 2792 ......

306 2837 466 2910 Osvaovv
491 2838 636 2930 Mmoa,
672 2838 836 2930 parochia
871 2839 907 2910 in
934 2837 1162 2927 Koczsho,
1197 2839 1294 2911 cuius
1329 2840 1454 2914 haeres
1487 2839 1753 2914 Mscziszek

215 2957 374 3030 dedomo
402 2959 593 3032 Nowina
610 3012 709 3030 .....

307 3077 573 3168 Wrunmvczn,
601 3079 684 3150 villa
710 3078 774 3148 sub
793 3077 958 3168 parochia
989 3077 1155 3149 ecclesiae
1181 3077 1224 3148 de
1242 3076 1648 3170 Przybyslavvicze
1675 3083 1753 3172 sita,

215 3196 300 3268 cuins
325 3197 493 3282 haeredes
512 3196 706 3269 Stanislaus
733 3203 769 3268 ct
785 3196 913 3270 fratres
932 3197 986 3268 sui
1004 3197 1087 3268 dicti
1114 3195 1346 3270 Stacburh
1355 3221 1388 3290 y.
1428 3198 1525 3271 Haec
1541 3200 1625 3272 villa
1643 3223 1751 3293 quon-

215 3316 285 3388 dam
318 3316 384 3390 fnit
420 3317 463 3388 de
490 3319 704 3409 proprietate
740 3317 942 3389 monasterii
978 3315 1125 3388 Sanctae
1153 3315 1273 3390 Crucis
1295 3316 1434 3392 (lalvi
1468 3318 1666 3411 Montis;
1692 3321 1755 3394 sed

216 3435 411 3509 Mathias
446 3443 531 3509 tunc
564 3438 672 3510 abbas
700 3437 901 3508 monasterii
928 3443 1070 3527 recepta
1096 3437 1180 3508 villa
1210 3435 1575 3529 Goprzyvvanka,
1602 3441 1647 3512 ob
1673 3461 1754 3531 pro-

209 3557 439 3647 pinquitatem
468 3565 505 3628 et
529 3549 742 3630 vicinitatem
769 3557 989 3642 monasterii,
1026 3555 1146 3627 addita
1172 3561 1268 3627 certa
1299 3559 1495 3647 quantitate
1521 3560 1756 3649 pecuniarum,

217 3695 282 3774 eam
308 3697 398 3750 anno
423 3677 565 3750 Domini
596 3678 693 3750 1433
730 3677 912 3766 cambivit,
947 3675 1113 3748 decimam
1149 3682 1265 3746 tamen
1292 3677 1503 3766 praedialem
1535 3679 1602 3750 sibi
1628 3684 1665 3750 et
1690 3701 1755 3751 sno

221 3798 421 3869 monasterio
453 3798 662 3886 reservavit,
698 3804 734 3868 et
761 3797 796 3866 in
823 3797 912 3866 hanc
947 3795 1037 3866 diem
1064 3815 1141 3866 eam
1176 3797 1424 3886 monasterinm
1451 3795 1600 3868 Sanctae
1635 3795 1757 3869 Crucis

219 3917 369 4008 percipit,
389 3918 644 4009 permutatione
663 3937 731 3988 non
751 3917 921 4005 obstante,
939 3917 1035 3986 ouius
1053 3915 1153 3985 valor
1171 3915 1374 3988 aestimatur
1392 3914 1437 3988 ad
1454 3916 1541 3988 duas
1559 3936 1757 4007 sexagenas

311 4035 458 4108 Wsncs
475 4089 724 4107 ..........
1027 4089 1032 4098 -
1282 4056 1286 4062 ·
1724 4051 1728 4058 ’

311 4155 506 4246 Uazsnovv,
534 4156 617 4227 villa
643 4157 707 4226 sub
726 4155 891 4247 parochia
917 4153 1081 4225 ecclesiae
1109 4153 1153 4226 de
1179 4152 1385 4243 Oppolye
1411 4153 1489 4244 sita,
1516 4154 1614 4226 cuins
1632 4155 1756 4228 haeres

220 4271 371 4347 Nicotaus
398 4275 699 4368 Urzelovvsky
736 4275 778 4346 de
805 4275 911 4346 armis
937 4273 1077 4345 Rava.
1117 4273 1159 4343 In
1187 4294 1255 4363 qna
1280 4277 1361 4344 sunt
1387 4280 1520 4364 septem
1546 4274 1639 4346 lanei
1665 4295 1755 4346 cmc-

220 4393 383 4486 tbonales,
412 4395 454 4466 de
481 4396 605 4487 quibus
633 4395 790 4467 omnibus
817 4394 965 4466 solvitur
991 4399 1027 4464 et
1054 4392 1258 4464 conducitur
1283 4392 1416 4464 decima
1441 4393 1668 4484 manipularis
1693 4414 1758 4485 pro

221 4516 419 4586 monasterio
455 4513 601 4586 Sanctae
628 4513 767 4604 OrnoiS,
802 4519 839 4585 et
864 4513 963 4585 valor
989 4514 1063 4584 eius
1099 4513 1303 4584 aestimatur
1333 4513 1378 4583 ad
1404 4533 1467 4584 sex
1492 4534 1647 4603 marcas3
1672 4515 1758 4588 item

221 4633 375 4706 tabernae
402 4657 470 4706 non
498 4642 597 4725 sunt,
629 4655 739 4726 neque
765 4633 999 4722 hortulaniae;
1026 4634 1109 4704 item
1136 4631 1316 4722 praedium
1343 4637 1520 4704 estunam
1546 4634 1696 4704 militare
1723 4635 1760 4706 in

222 4752 329 4824 eadem
355 4755 457 4845 villa,
484 4755 527 4826 de
549 4756 645 4826 cuius
672 4729 766 4845 agris
793 4754 939 4825 solvitur
965 4753 1097 4825 decima
1123 4752 1350 4844 manipularis
1377 4753 1542 4827 ecclesiae
1568 4753 1788 4846 parochiali

151 4869 155 4876 '
223 4870 490 4966 inOppolye.
1315 4873 1321 4880 ’

242 5021 245 5030 ’
314 4992 543 5085 Juaczvczn,
570 5047 818 5066 ..........

316 5111 512 5204 ansovv,
546 5114 630 5186 villa
655 5113 786 5184 habens
818 5114 854 5184 in
881 5132 919 5184 se
946 5111 1127 5184 ecclesiam
1153 5112 1404 5203 parochialem,
1431 5113 1528 5184 cuius
1554 5133 1619 5203 pro
1646 5111 1762 5183 media

225 5237 314 5316 parte
339 5233 462 5306 haeres
497 5231 662 5306 Nicolans
692 5231 997 5323 Kazimirslry
1024 5231 1067 5303 de
1094 5233 1201 5302 armis
1227 5231 1360 5303 Rava
1394 5239 1511 5322 etpro
1534 5231 1763 5322 alteraparte

205 5345 389 5446 ,lohannes
415 5352 754 5448 Drzewyczslry
790 5351 961 5422 dedomo
996 5350 1260 5439 Taurorum.
1298 5350 1339 5420 In
1366 5371 1436 5440 qua
1462 5358 1543 5422 sunt
1569 5331 1650 5422 tres¹
1669 5351 1762 5422 lanei

205 5471 466 5580 'cmetbonalem
502 5473 545 5546 de
573 5473 697 5562 quibus
725 5471 883 5544 omnibus
910 5471 1058 5542 solvitur
1088 5475 1123 5539 et
1150 5469 1354 5540 conducitur
1380 5469 1513 5541 decima
1538 5471 1765 5561 manipularis
1876 5529 1881 5536 .

228 5605 283 5674 pro
307 5593 516 5680 monasterio
552 5589 698 5664 Sanctae
726 5588 864 5676 crucis,
899 5595 935 5661 et
963 5588 1061 5660 valor
1086 5589 1160 5663 eius
1195 5588 1401 5660 aestimatur
1435 5589 1593 5662 adduas
1619 5609 1766 5680 marcas,

228 5703 303 5778 item
327 5708 493 5782 tabernae
520 5711 618 5800 duae,
646 5709 795 5781 sednon
820 5709 950 5780 habent
976 5727 1093 5799 agros3
1119 5709 1203 5778 item
1228 5707 1447 5782 hortulaniae
1474 5731 1543 5782 non
1562 5715 1656 5801 sunt,
1682 5711 1768 5782 item
