4492 6592
1711 752 1785 824 103
1813 747 1818 754 ’

236 945 278 1022 ln
304 968 375 1038 qna
392 969 434 1020 tn
459 953 605 1042 satrapa
625 949 685 1024 ille
702 949 912 1025 Benedictus
938 951 962 1024 J
970 973 1054 1026 axa
1080 953 1228 1044 pruenti
1252 955 1455 1047 monasterii
1480 956 1604 1028 numus
1630 961 1668 1027 et
1692 959 1788 1048 prin-
1838 965 1847 972 ’
1923 1011 1930 1025 ,

236 1067 361 1158 uipalia
397 1069 578 1160 fundator,
613 1091 682 1144 non
717 1071 806 1144 bene
841 1071 926 1146 mibi
961 1073 1099 1146 videtur
1112 1069 1116 1080 '
1129 1075 1299 1166 provisus,
1336 1076 1410 1148 sed-
1426 1077 1463 1149 in
1492 1079 1685 1153 intentione
1714 1082 1790 1154 aui·

235 1189 284 1260 mi
309 1190 385 1279 nui,
411 1190 443 1264 ei
469 1211 589 1264 rernm
615 1192 730 1284 eloqui
756 1193 919 1304 debeam,
953 1192 1154 1285 mutuom,
1195 1195 1311 1268 lrootn
1336 1200 1453 1268 umen
1480 1198 1677 1273 devotionis
1702 1223 1787 1275 auae

232 1309 332 1399 apud
356 1310 663 1386 dementissimum
688 1311 811 1406 omn,
838 1315 894 1398 oni
918 1314 1036 1388 omnia
1060 1315 1243 1388 noenum
1260 1322 1298 1390 et
1314 1319 1514 1409 praesentia
1540 1326 1630 1410 sunt,
1656 1341 1787 1414 nequa
1878 1351 1884 1366 =

235 1445 342 1519 quum
369 1429 554 1508 oariturua.
704 1477 707 1484 Α

340 1548 693 1643 Knnrzauowrczn,
728 1552 811 1625 villa
836 1552 881 1626 ad
908 1553 1044 1628 alveum
1079 1554 1231 1629 duminio
1255 1555 1289 1628 N
1298 1555 1373 1628 ida
1406 1557 1493 1649 aila,
1527 1560 1660 1633 babens
1685 1562 1722 1632 in
1748 1583 1787 1636 ue

228 1670 500 1746 nonrenlnalen
527 1679 563 1746 et
587 1673 821 1776 pernubialern
848 1673 1039 1766 eeclesiam,
1066 1693 1109 1748 ex
1134 1675 1215 1748 ssbo
1241 1669 1358 1768 lepido
1374 1684 1412 1750 et
1428 1679 1572 1770 quadro.
1597 1679 1705 1754 (luins
1722 1682 1787 1755 ibi-

233 1785 315 1864 dem
344 1788 441 1864 iem
469 1799 566 1866 berra
590 1813 655 1884 per
680 1793 703 1866 J
710 1815 798 1866 axa
832 1793 976 1866 militem
1001 1793 1191 1885 fabricata,
1222 1795 1268 1868 ad
1293 1799 1543 1870 monesterium
1568 1798 1717 1874 fratrum
1743 1801 1793 1874 de

233 1905 633 2006 orzyzanowycze
660 1915 857 2006 pertinens,
883 1935 962 1988 onnr
987 1916 1081 1988 omni
1107 1916 1204 2006 inre,
1238 1915 1391 1989 dominio
1415 1923 1454 1989 et
1478 1921 1703 2011 proprietate.
1746 1921 1788 1994 ln

234 2043 305 2122 qua
334 2037 417 2105 sunt
443 2033 568 2125 uiginti
594 2055 718 2108 norem
744 2035 836 2108 lanei
862 2036 1106 2127 emathonalen,
1130 2042 1170 2108 et
1195 2037 1342 2127 quilibet
1365 2038 1472 2110 uoluit
1496 2059 1561 2130 pro
1586 2059 1691 2113 censu
1717 2048 1788 2114 tm-

172 2195 178 2202 ·
233 2148 350 2226 lecim
374 2173 518 2245 gruem
544 2156 684 2230 unualru
709 2137 781 2248 pro
801 2158 1022 2230 monasterio.
1048 2157 1138 2230 Item
1164 2163 1247 2230 snut
1271 2159 1321 2230 ibi
1346 2159 1440 2232 ultra
1464 2159 1639 2252 praefatos
1665 2162 1790 2254 viginti

233 2289 363 2348 notem
389 2275 508 2350 laneoa
534 2277 776 2368 omotlronaloe,
802 2277 862 2350 alii
889 2278 1040 2370 quinque
1065 2278 1159 2351 lanai
1185 2277 1431 2370 ometlronalee,
1457 2286 1495 2352 et
1516 2281 1664 2372 quilibet
1685 2283 1790 2356 solvit
1871 2306 1875 2312 ·

232 2396 449 2470 monmterio
476 2413 540 2490 pro
567 2419 673 2472 aenou
699 2417 805 2474 unum
831 2397 1009 2472 fertonem.
1035 2399 1125 2472 lum
1151 2399 1313 2474 laborant
1337 2401 1480 2492 proprio
1500 2417 1605 2476 curro
1631 2410 1788 2477 autera

233 2521 290 2590 tro
319 2535 428 2590 unum
455 2518 547 2594 diem
582 2520 728 2611 singulis
763 2521 984 2611 septimanis,
1024 2521 1107 2594 item
1135 2541 1241 2592 unam
1265 2519 1358 2593 diurn
1385 2522 1422 2592 iu
1448 2541 1539 2595 anno
1574 2522 1788 2614 taloaatrant,

232 2636 387 2712 alterurn
414 2639 542 2713 robore
567 2641 612 2714 ad
629 2637 887 2715 ‘murmurium
913 2641 1061 2746 ducunt,
1100 2641 1243 2714 tertium
1270 2639 1387 2714 imum
1414 2642 1562 2732 educere
1586 2644 1632 2716 ad
1657 2644 1808 2740 molen·¹
1917 2685 1924 2712 r

227 2755 375 2849 dinam
403 2760 566 2834 videlicet
591 2761 682 2835 diem
708 2761 971 2854 septimannlem
996 2767 1170 2834 tenentur.
1213 2761 1302 2834 Item
1333 2781 1401 2834 ora
1424 2763 1590 2854 triginta,
1617 2764 1661 2836 de
1686 2765 1788 2837 laneo

235 2878 396 2972 aolruot,
418 2882 502 2956 item
530 2903 666 2974 meaos,
693 2883 777 2958 itonr
803 2899 953 2974 oapouee
979 2881 1067 2956 duos
1094 2881 1242 2974 quilibet
1278 2880 1322 2954 de
1348 2883 1449 2956 laneo
1475 2883 1612 2958 uoluere
1650 2890 1791 2959 tenetur

231 3002 434 3092 maulim,
468 3001 552 3076 item
571 3001 775 3098 powudoou,
814 3003 899 3076 item
923 3024 1051 3100 omyop.
1094 3003 1184 3075 Item
1210 3003 1358 3076 taberna
1391 3009 1446 3076 ent
1480 3005 1531 3078 ibi
1556 3025 1628 3082 una
1657 3006 1788 3079 babens

86 3181 87 3190 Ν
235 3141 354 3214 ugron,
381 3141 470 3216 quae
496 3124 601 3200 solvit
619 3125 831 3198 monasterio
855 3145 920 3216 pro
939 3144 1044 3198 censu
1062 3130 1137 3198 tres
1154 3122 1319 3215 fertonea3
1344 3124 1675 3198 itembortnlauiae.
1688 3127 1790 3200 ltem

151 3319 157 3334 ,
234 3243 473 3320 molendinum
500 3251 556 3320 eet
581 3247 618 3320 iu
644 3246 765 3320 eodem
791 3245 937 3318 villain
964 3245 1103 3318 flumine
1130 3243 1266 3336 Nida,
1292 3245 1462 3320 etsolrit
1488 3267 1552 3337 pro
1578 3248 1789 3324 monasterio

235 3365 270 3436 in
296 3363 687 3458 Grzynanouioze
713 3371 881 3442 metretas
908 3385 951 3440 ex
978 3365 1177 3439 molendino
1193 3366 1449 3457 provenientes.
1474 3366 1564 3438 Item
1590 3367 1790 3440 ometbonea

236 3507 357 3560 omnes
386 3485 499 3560 diotae
526 3488 647 3580 villae,
673 3489 756 3562 item
783 3507 902 3562 omnen
928 3485 1191 3577 tabernatorea,
1216 3485 1301 3558 itero
1329 3497 1448 3560 omues
1474 3486 1697 3560 hortulaniae
1722 3487 1791 3559 sol·

86 3693 87 3700 ἵ
236 3615 322 3706 runt
349 3613 388 3680 et
414 3605 627 3684 eonduormt'
646 3610 813 3683 decimum
849 3609 1100 3701 manipularem
1134 3608 1287 3700 propriis
1322 3607 1500 3699 turribus,
1533 3607 1690 3681 dnoendo
1726 3629 1790 3700 pro

86 3729 87 3742 '
238 3729 452 3803 monaterio
484 3730 864 3823 Pyandzyucborionsi‚
900 3731 955 3804 out
991 3730 1035 3804 de
1068 3747 1188 3802 mensa
1220 3728 1412 3821 episcopali
1444 3747 1509 3820 per
1544 3727 1623 3802 Sbi
1630 3749 1791 3820 gneum

238 3839 450 3927 nundinalem
477 3857 513 3924 et
538 3853 737 3946 episcopum
764 3851 1029 3926 Crotoniensem
1047 3849 1091 3924 de
1108 3870 1280 3925 consensu
1304 3849 1551 3942 capitularium
1577 3850 1708 3923 donata
1733 3853 1789 3922 eat

238 3978 273 4044 et
298 3973 402 4046 valor
436 3973 512 4046 eius
548 3973 751 4046 aestimatur
785 3973 830 4046 ad
857 3972 1106 4064 quadraginta,
1133 3969 1319 4064 aliquando
1349 3970 1395 4042 ad
1422 3971 1691 4062 quinquaginta,
1727 3971 1792 4042 ali-

228 4093 380 4184 qnando
407 4094 452 4168 ad
479 4094 661 4186 sexaginta
685 4113 831 4167 morona
858 4094 947 4166 item
973 4091 1141 4166 decimam
1167 4091 1368 4183 oanapalem
1394 4091 1594 4164 tmetbones
1621 4097 1657 4163 et
1674 4092 1792 4164 taber-

239 4221 382 4314 utlores
408 4201 549 4290 solvunt
574 4235 639 4308 pro
665 4215 877 4290 monasterio
905 4213 1218 4307 Pyadnioaorienai,
1244 4213 1392 4305 quilibet
1417 4212 1462 4285 de
1487 4213 1587 4284 laneo
1614 4233 1677 4304 per
1708 4232 1793 4304 qua-
1916 4201 1919 4206 ’

126 4396 132 4409 „
239 4341 319 4410 tuor
347 4337 498 4430 ierngaa.
525 4338 613 4412 lton
631 4344 687 4412 eat
703 4339 739 4412 in
766 4337 888 4412 eadem
914 4336 998 4410 villa
1023 4333 1204 4428 praedium
1231 4333 1430 4408 ooenobiale
1456 4333 1635 4426 optimum,
1660 4333 1796 4406 babens·

87 4459 88 4466 ’
241 4479 344 4551 agros
371 4459 507 4551 uberes,
534 4459 570 4532 ln
596 4465 671 4534 true
697 4479 837 4552 campos
863 4459 1023 4549 divinum,
1049 4457 1093 4530 de
1118 4457 1217 4529 mina
1242 4456 1337 4548 agria
1363 4456 1612 4529 monasterium
1637 4477 1706 4528 non
1725 4455 1794 4528 aol-

242 4581 302 4654 rit.
320 4581 427 4654 alioui
453 4581 620 4656 deoimtm
646 4581 907 4674 manipularem,
935 4579 996 4654 eed
1022 4598 1099 4655 eam
1125 4582 1247 4671 pro'ae
1272 4577 1365 4650 tollit
1391 4581 1428 4651 et
1452 4577 1489 4650 in
1514 4575 1678 4650 borreum
1695 4586 1796 4650 enum

240 4703 383 4776 inlude
409 4702 497 4776 Item
524 4703 632 4779 babet
657 4708 761 4794 prata
787 4703 928 4796 optima
1511 4755 1516 4762 .

292 4877 296 4884 ·
342 4825 607 4920 brummont,
647 4824 731 4898 villa
757 4823 821 4897 aub
848 4823 1013 4916 parocbia
1038 4821 1083 4896 do
1113 4819 1532 4913 Grzyuaanowioae
1566 4819 1657 4907 rita,
1695 4817 1793 4916 ouius

241 4947 438 5038 nuntietur
464 4945 509 5020 ad
536 4947 785 5020 monasterium
819 4947 855 5018 in
882 4941 1299 5037 Grayezonowioze
1332 4942 1496 5034 pertinet
1539 4941 1580 5012 ln
1606 4961 1677 5031 qua
1711 4944 1793 5009 snut

241 5067 392 5160 qninqm
419 5087 496 5141 eum
523 5067 637 5142 medio
663 5069 756 5149 lanei
782 5067 1036 5157 ometbonalea‚
1071 5071 1108 5138 et
1135 5063 1284 5156 quilibet
1309 5062 1415 5136 solvit
1448 5080 1514 5152 pro
1541 5081 1647 5134 oensu
1673 5079 1792 5131 mona
1906 5118 1910 5130 ,

243 5189 347 5262 sterio
374 5188 525 5262 sedecim
550 5203 701 5281 qroaaoa
722 5251 725 5258 .
744 5189 823 5265 Nou
851 5195 1015 5262 tonenmr
1040 5191 1158 5260 antem
1183 5183 1393 5258 adlabores
1419 5183 1572 5274 aliquos,
1608 5199 1720 5271 neque
1747 5177 1793 5251 ad

243 5307 388 5400 amiam
413 5311 498 5384 item
524 5329 593 5384 non
621 5319 681 5386 eat.
701 5311 751 5385 ibi
776 5309 966 5403 praedium,
994 5327 1067 5382 non
1091 5313 1147 5380 est
1171 5306 1332 5396 taberna,
1359 5325 1427 5378 non
1454 5309 1537 5376 sunt
1562 5301 1793 5374 hortulaniae.

243 5430 327 5504 ilem
354 5451 474 5506 omnen
499 5435 576 5525 agri
602 5433 707 5506 villae
732 5431 910 5526 praelatae
937 5430 1077 5504 solvunt
1095 5480 1210 5498 .....

344 5553 509 5647 Currat,
535 5554 620 5630 villa
646 5556 711 5630 rub
737 5555 903 5650 poroolria
927 5551 972 5626 de
997 5549 1256 5645 Ottuynorr
1281 5547 1365 5637 sita,
1401 5545 1498 5618 ouius
1524 5545 1721 5643 proprietas
1748 5542 1794 5624 ud
