4492 6592
475 633 551 705 378

332 882 337 892 1
386 892 390 907 .
476 833 724 910 monasterium
751 826 905 901 notabile
931 822 1135 915 pomarium,
1154 836 1331 889 murorum
1354 811 1487 884 ambitu
1506 809 1766 896 cIrcumdatum
1784 806 1891 876 habet
1908 810 1944 875 et
1959 824 2031 875 mo·

478 956 653 1030 leudinum
680 953 779 1023 iuxta
805 944 1050 1018 monasterium
1077 940 1206 1014 ibidem
1231 938 1402 1025 locatum,
1429 934 1465 1003 in
1493 930 1631 1004 flumine
1658 924 2034 1018 Koprzywniczu,

478 1074 569 1168 quod
607 1075 772 1143 metretas
807 1067 851 1138 de
887 1063 1043 1155 quolibet
1076 1081 1186 1151 grano
1215 1055 1398 1143 solvendo,
1425 1072 1567 1143 magnas
1603 1050 1705 1121 effert
1732 1043 2037 1119 monasteriaco

476 1190 745 1288 przywniczensi
771 1185 1043 1259 commoditates.
1070 1180 1187 1253 Habet
1213 1177 1299 1249 duas
1326 1174 1477 1267 piscinas
1495 1175 1614 1261 bonas,
1636 1170 1679 1243 de
1698 1190 1807 1259 prope
1826 1167 2033 1237 monasteri·

477 1338 535 1387 um
563 1316 599 1385 in
626 1311 764 1383 flumine
791 1304 1150 1397 Goprzyqucza
1176 1299 1272 1387 sitas,
1299 1316 1387 1387 qnae
1415 1295 1576 1365 abbatem
1604 1297 1640 1363 et
1663 1294 1872 1361 conventum
1891 1286 2038 1357 maxime

351 1496 360 1511 ι
477 1437 513 1509 in
549 1433 709 1525 piscibus
741 1430 948 1501 sustentant.
991 1423 1109 1495 Habet
1142 1426 1179 1491 et
1214 1417 1394 1509 praedium
1424 1414 1598 1504 'optimum
1635 1432 1712 1483 cum
1739 1410 1874 1501 pratis,
1902 1407 1942 1477 in
1967 1412 2039 1477 tres

480 1574 620 1644 campos
656 1550 824 1637 divisum,
860 1546 904 1617 de
939 1565 1007 1635 quo
1043 1542 1211 1613 decimam
1246 1536 1495 1627 manipularem
1533 1532 1618 1605 nulli
1646 1530 1779 1620 reddit,
1806 1528 1871 1601 sed
1899 1527 2037 1637 eumin

479 1676 645 1748 horreum
671 1690 771 1742 suum
797 1665 940 1754 inducit

585 1793 739 1864 Boonrn
765 1786 891 1859 Munus
918 1781 1120 1857 suburbium
1149 1778 1268 1870 oppidi
1294 1773 1670 1866 Koprzywnieza,
1698 1772 1733 1843 in
1761 1792 1831 1862 quo
1859 1772 1948 1843 sunt
1965 1774 2041 1839 octo

480 1912 582 2002 lanei,
608 1918 646 1983 et
671 1908 817 2000 quilibet
842 1903 1052 1977 monasterio
1078 1895 1400 1990 Ooprzywniczensi
1428 1894 1533 1965 solvit
1559 1913 1664 1965 unum
1691 1892 1878 1981 fertonem,
1897 1888 2043 1979 triginta

483 2054 561 2123 ova,
588 2032 676 2103 dnos
702 2028 813 2119 gallos
840 2031 878 2098 et
902 2043 1033 2097 caseos.
1059 2021 1148 2098 Item
1175 2020 1313 2091 laborat
1349 2015 1495 2106 quilibet
1521 2014 1665 2105 proprio
1692 2034 1796 2085 curru
1824 2018 1889 2085 aut
1916 2015 2044 2097 aratro

483 2152 621 2225 alesta
648 2149 766 2224 Sancti
800 2144 971 2217 lobannis
1007 2142 1189 2233 Baptistae
1216 2139 1260 2211 ad
1286 2138 1411 2210 festum
1438 2135 1559 2207 Sancti
1584 2134 1767 2206 Michaelis
1794 2133 1885 2205 dnos
1914 2132 2046 2219 dieas

482 2273 573 2345 festo
599 2291 683 2344 vero
709 2266 828 2341 Sancti
853 2262 1046 2351 Michaelis,
1071 2282 1179 2335 unum
1206 2260 1317 2347 diem,
1343 2258 1426 2329 item
1452 2254 1643 2351 pometum,
1670 2256 1752 2327 item
1780 2276 1934 2349 osszyep,
1964 2253 2045 2323 item

383 2429 386 2437 ,
482 2392 652 2465 decimam
678 2386 928 2478 manipularem
956 2384 1098 2456 solvunt
1125 2386 1160 2453 et
1183 2379 1379 2453 conducunt
1395 2397 1460 2469 pro
1480 2376 1692 2459 monastario
1710 2374 2049 2467 Goprzywniczensi,

407 2570 413 2591 ,
484 2518 521 2585 et
546 2511 644 2585 valor
670 2510 746 2581 eius
771 2506 822 2589 ad,
844 2510 923 2578 octo
950 2522 1094 2575 marcus.

589 2630 891 2716 Gormrwmoua
919 2623 1084 2714 oppidum
1110 2619 1381 2693 aGasimiro
1408 2618 1549 2710 ducaet
1567 2617 1763 2689 NIcolao
1791 2617 1923 2688 comite
1943 2615 2045 2689 oolla-

486 2758 578 2839 tum,
606 2749 739 2821 habens
775 2748 811 2817 in
838 2766 877 2816 se
903 2742 1138 2835 parochialem
1174 2740 1353 2813 ecclesiam
1381 2740 1424 2811 de
1451 2745 1553 2831 petra
1580 2744 1768 2828 muratam,
1795 2737 1899 2808 cuius
1927 2737 2047 2807 uniens

487 2876 542 2941 est
577 2868 722 2941 collator
757 2873 793 2937 et
828 2870 997 2955 patronus
1031 2864 1141 2935 abbas
1177 2882 1253 2933 cnm
1291 2866 1483 2949 conventu,
1519 2860 1610 2951 quod
1648 2858 1785 2950 quidem
1813 2857 1985 2949 oppidum
2012 2864 2047 2927 ut

488 3010 595 3079 snpra
621 2987 831 3077 scripsimus,
857 2984 1023 3057 donatum
1050 2989 1106 3054 est
1123 2982 1337 3055 monasterio
1356 2980 1673 3072 Goprzywniczeusi
1691 3000 1755 3071 per
1771 2978 2045 3051 Gasimirnm

490 3109 612 3181 ducem
640 3112 677 3179 et
701 3105 922 3177 monarcham
950 3103 1049 3193 regni
1076 3100 1250 3175 Poloniae.
1275 3102 1331 3204 'In
1359 3122 1426 3191 quo
1454 3105 1536 3173 sunt
1562 3100 1653 3171 lanei
1680 3100 1808 3189 civiles,
1836 3106 1874 3172 et
1903 3100 2044 3190 quilibet

491 3228 597 3299 solvit
623 3248 687 3316 pro
714 3245 819 3299 censu
850 3245 965 3297 annuo
985 3278 992 3293 .
1010 3278 1046 3293 ..
1072 3222 1162 3294 Item
1189 3224 1224 3295 In
1252 3220 1373 3293 eodem
1400 3222 1527 3313 oppido
1555 3228 1637 3293 sunt
1664 3221 1821 3312 macella,
1849 3222 1895 3293 de
1923 3220 2042 3313 quibus

490 3369 555 3438 pro
582 3348 792 3417 monasterio
819 3345 1001 3417 solvuntur
1027 3344 1195 3420 tredecim
1221 3342 1354 3433 lapides
1381 3343 1455 3432 sepi
1482 3344 1630 3433 purgati.
1658 3343 1745 3415 Item
1772 3344 1909 3415 suntin
1928 3342 2041 3414 eodem

492 3466 620 3557 oppido
647 3465 770 3536 domus
795 3465 840 3537 ad
867 3464 1144 3537 aestimationem
1168 3517 1326 3553 .......
1353 3468 1389 3535 et
1416 3463 1591 3554 quaelibet
1618 3463 1740 3535 domus
1767 3460 1797 3535 si
1825 3486 1895 3535 non
1923 3464 2040 3535 braxat

493 3586 695 3674 cervisiam,
723 3584 828 3658 solvit
854 3583 897 3654 de
923 3583 1030 3657 fundo
1065 3591 1101 3655 et
1127 3604 1210 3656 ares
1236 3604 1341 3657 unum
1368 3603 1547 3675 grossum3
1574 3584 1605 3657 si
1633 3604 1715 3657 vero
1742 3585 1949 3657 braxaverIt
1974 3606 2039 3656 cer·

491 3708 625 3797 visiam,
652 3706 756 3777 solvit
782 3705 869 3779 dnos
895 3724 1046 3794 grossos.
1072 3702 1159 3774 Item
1186 3702 1313 3777 artifex
1340 3704 1488 3795 quilibet
1514 3704 1601 3777 duos
1627 3724 1779 3795 grossos.
1811 3705 1902 3777 Item
1930 3726 2040 3779 onmes

492 3828 569 3918 agri
605 3826 725 3899 civiles
760 3826 900 3896 solvunt
935 3822 1103 3897 decimam
1139 3824 1387 3913 manipularem
1424 3846 1488 3915 pro
1522 3826 1653 3915 abbate
1679 3832 1717 3897 et
1743 3826 1958 3899 monasterio
1984 3824 2041 3897 (lo

376 3964 380 3971 ·
494 3946 783 4039 przywniczensi,
809 3952 847 4017 et
872 3949 1035 4035 tenentur
1061 3942 1157 4013 illam
1183 3940 1347 4015 inducero
1372 3946 1408 4017 in
1436 3946 1599 4019 horreum
1626 3946 1763 4019 abbatis
1790 3947 1946 4037 propriis
1971 3968 2039 4017 cur·

494 4069 601 4141 ribus
628 4066 823 4139 Advocatio
849 4086 918 4137 non
945 4070 1009 4152 est,
1035 4063 1102 4134 fuit
1129 4060 1277 4153 quidem,
1305 4064 1366 4135 sed
1393 4072 1550 4157 coempta
1576 4071 1631 4139 est
1656 4072 1693 4138 et
1711 4068 1925 4141 monasterio
1944 4067 2041 4139 innita

495 4190 584 4262 Item
611 4188 763 4261 confluat
790 4208 867 4258 cum
894 4185 974 4258 vills
993 4239 1001 4255 .
1020 4238 1054 4254 ..

599 4309 850 4397 Sauconnam,
878 4304 1041 4397 oppidum
1069 4304 1203 4395 regium
1230 4310 1266 4376 et
1293 4304 1454 4395 capitale,
1483 4306 1615 4379 habens
1641 4309 1676 4381 in
1704 4329 1742 4381 se
1769 4308 1988 4399 collegiatam
2012 4314 2041 4380 et

495 4428 729 4520 parochialem
756 4427 929 4499 ecelesias.
955 4424 995 4495 In
1023 4446 1091 4515 quo
1118 4424 1228 4497 abbas
1255 4430 1291 4495 et
1309 4425 1556 4497 monasterium
1575 4424 1904 4519 Goprzywniczense
1922 4430 2043 4503 habent

496 4552 567 4621 tria
592 4549 738 4621 macella
764 4548 982 4637 carnificum,
1010 4543 1055 4621 ad
1080 4564 1119 4615 se
1146 4566 1222 4617 cum
1251 4545 1344 4617 omni
1371 4545 1447 4617 iure
1473 4552 1509 4617 et
1535 4550 1750 4638 proprietate
1776 4555 1947 4638 perpetuo
1976 4572 2042 4639 spe.-

446 4671 450 4686 '
497 4670 636 4758 etantia,
664 4688 752 4758 quae
779 4668 811 4737 ei
838 4666 990 4741 reddunt
1015 4685 1079 4757 pro
1105 4685 1221 4737 annno
1249 4685 1353 4737 censu
1381 4686 1441 4737 sex
1468 4667 1601 4756 lapides
1629 4668 1702 4758 sepi
1725 4669 1877 4759 purgati,
1896 4675 1934 4741 et
1953 4690 2043 4741 unam

496 4809 703 4880 sexagenam
730 4787 921 4860 communis
948 4786 1123 4876 pecuniae.
1151 4785 1228 4857 Duo
1256 4784 1400 4857 macella
1427 4792 1543 4877 empta
1570 4788 1614 4859 ab
1642 4787 1850 4861 Arnoldo
1878 4787 1922 4860 de
1942 4788 2041 4881 Lyn·

496 4913 697 5000 baczow,
733 4908 943 4981 Mathiae
977 4912 1061 4979 tunc
1095 4906 1214 4981 abbati
1249 4926 1313 4997 pro
1350 4906 1474 4996 viginti
1510 4902 1673 4997 marcis·
1691 4912 1728 4981 et
1753 4908 1822 4983 dno
1858 4908 1904 4981 ab
1929 4910 2044 4982 eoden

496 5030 708 5104 Arnoldo
743 5029 953 5102 monasterio
988 5026 1137 5115 donata,
1164 5026 1251 5099 feria
1287 5031 1384 5099 sexta
1411 5028 1447 5099 in
1475 5028 1531 5099 die
1559 5027 1676 5113 Sancti
1703 5028 1915 5120 sigismundi
1950 5030 2044 5103 1381.

497 5154 584 5224 Item
611 5151 791 5224 lohannes
818 5149 1006 5242 Hynsch
1033 5147 1242 5219 Mathiae
1270 5148 1390 5221 abbati
1417 5168 1522 5221 unum
1550 5149 1732 5221 macellum
1760 5151 1795 5221 in
1823 5148 2042 5225 Sandomi

497 5273 568 5345 ria
594 5294 658 5362 pro
685 5272 835 5345 sedecim
862 5271 988 5343 marcis
1015 5288 1217 5359 grossorum
1244 5275 1281 5341 et
1307 5268 1544 5359 quartensium
1572 5270 1736 5360 vendidit,
1764 5270 1913 5343 sabbato
1940 5272 1976 5343 in
1996 5271 2040 5342 dio

497 5393 643 5467 Sanctae
678 5393 838 5484 Agathae
869 5393 977 5465 1378.
1013 5390 1102 5463 Item
1129 5389 1337 5463 Mathiae
1372 5390 1479 5463 abbas
1507 5412 1529 5461 a
1555 5389 1716 5463 lohanne
1743 5390 1951 5480 Lupardi
1979 5392 2041 5465 cire
2130 5384 2132 5465 l

499 5511 778 5606 Sandomiriensi,
805 5514 944 5590 domum
962 5514 998 5585 in
1017 5511 1311 5587 SandomIria
1337 5512 1372 5583 in
1391 5510 1509 5603 platea
1526 5511 1646 5591 Sancti
1664 5510 1770 5600 Petri,
1790 5532 1898 5602 panes
1916 5512 2043 5587 domum
