4492 6592
423 837 496 916 252

422 1048 600 1140 praedium
636 1050 690 1116 cst
715 1041 764 1115 ibi
791 1063 896 1115 unum
932 1037 1102 1114 Johaunis
1128 1018 1475 1131 Drzewicz’skp
1512 1035 1555 1110 de
1582 1037 1679 1109 cuius
1706 1035 1798 1127 agris
1825 1033 1975 1107 solvitur

424 1168 557 1238 decima
582 1165 807 1254 manipularis
835 1151 998 1234 ecclesiae
1025 1162 1216 1252 parochiali
1242 1163 1278 1230 in
1305 1158 1508 1231 Willrow.

530 1284 761 1373 Mnczrmrs,
797 1283 880 1354 villa
915 1284 978 1354 sub
1014 1283 1182 1372 parochia
1216 1281 1381 1351 ecclesiae
1417 1279 1460 1350 de
1487 1279 1731 1350 Srolromla
1756 1279 1841 1365 sita,
1877 1277 1976 1346 cuius

423 1403 589 1476 haeredes
608 1403 816 1491 Stanislaus,
836 1402 1031 1491 Stephanus
1046 1457 1053 1470 .
1068 1455 1076 1470 .
1091 1456 1120 1470 ..
1158 1402 1197 1470 Iu
1217 1421 1284 1489 qua
1303 1406 1384 1470 sunt
1402 1400 1471 1470 duo
1488 1399 1580 1469 lanei
1599 1397 1850 1485 cmethouales,
1877 1405 1913 1466 et
1932 1396 1975 1464 de

423 1525 581 1595 omuibus
608 1524 754 1616 solvitur
791 1530 827 1592 et
853 1522 1056 1593 conducitur
1090 1522 1223 1592 decima
1248 1519 1473 1610 manipularis
1499 1539 1564 1608 pro
1590 1517 1800 1589 monasterio
1827 1515 1975 1586 Sanctae

378 1634 381 1642 ’
424 1643 561 1732 Crucis,
589 1644 685 1714 cuius
703 1643 802 1713 valor
821 1643 863 1712 ad
884 1643 970 1712 duas
988 1661 1132 1729 marcas,
1159 1642 1242 1711 item
1260 1641 1426 1727 taberna,
1453 1640 1537 1710 item
1555 1639 1758 1734 hortulani,
1772 1639 1856 1707 item
1875 1657 1977 1726 prae-

424 1765 483 1835 dia
508 1765 579 1834 tria
605 1763 789 1851 militaria,
826 1762 867 1831 de
896 1783 1041 1851 quorum
1069 1762 1163 1849 agris
1198 1761 1346 1830 solvitur
1381 1760 1514 1830 decima
1548 1759 1774 1848 manipularis
1808 1755 1976 1827 ecclesiae

423 1884 459 1954 iu
487 1883 779 1972 Srokomlya3
808 1882 889 1951 item
909 1880 952 1950 de
970 1881 1064 1969 agris
1084 1881 1143 1969 qui
1161 1879 1324 1950 dicuutur
1345 1875 1977 1968 ZaploczerersusPodgorze

424 2003 619 2074 decimatur
645 2022 708 2091 pro
735 2002 954 2072 monasterio.

529 2121 754 2194 Ouonrrczn
782 2119 1067 2208 Nosswczmm,
1105 2121 1189 2190 villa
1219 2121 1284 2191 sub
1310 2121 1477 2209 parochia
1511 2120 1676 2190 ecclesiae
1704 2119 1747 2188 de
1772 2116 1977 2206 Wylhow

425 2241 509 2330 sita,
537 2243 633 2315 cuius
660 2240 828 2310 haeredes
855 2238 1105 2330 Pakosius,
1142 2237 1451 2327 Theodricus,
1479 2238 1649 2328 Georgius
1675 2238 1907 2326 Nogawka
1933 2236 1977 2305 de

425 2361 526 2432 domo
555 2415 696 2430 ......
737 2359 777 2429 lu
806 2380 873 2448 qua
901 2365 982 2429 sunt
1009 2359 1100 2430 lanei
1128 2359 1380 2446 cmethonales‚
1408 2360 1594 2448 dequibus
1620 2359 1768 2429 solvitur
1794 2357 1978 2426 et‘condu-

425 2481 516 2552 citur
543 2480 676 2550 decima
702 2479 927 2566 manipularis
954 2498 1018 2566 pro
1037 2480 1249 2548 monasterio
1277 2477 1423 2548 Sanctae
1443 2477 1576 2566 Crucis3
1602 2479 1685 2548 item
1711 2479 1880 2548 tabernae
1908 2496 1978 2545 non

424 2605 506 2670 aunt
531 2619 642 2689 neque
669 2598 906 2686 hortulaniae,
934 2599 1017 2668 item
1035 2598 1179 2687 praedia
1205 2599 1292 2686 tria,
1319 2596 1362 2668 de
1388 2618 1533 2686 quorum
1557 2599 1651 2687 agris
1669 2598 1816 2668 solvitur
1842 2596 1979 2667 decima

424 2707 652 2807 manipularis
679 2737 742 2806 pro
770 2717 914 2787 ecclesia
940 2717 983 2792 in¹
1003 2715 1223 2806 Wylkow,
1251 2719 1334 2787 item
1361 2717 1594 2788 molendinum
1620 2723 1675 2788 est
1701 2717 1759 2787 ibi.

535 2836 761 2909 (iconarum
775 2837 1126 2925 Mnczurowsuua0‚
1145 2835 1228 2906 villa
1241 2837 1355 2927 inqua
1368 2837 1576 2907 esteccleaia
1589 2837 1808 2926 parochialis,
1826 2835 1864 2905 in
1877 2841 1980 2924 parte

426 2957 551 3028 borrae
569 2959 654 3046 sita,
682 2958 779 3028 cuius
797 2958 921 3027 haeres
941 2955 1104 3026 Nicolaus
1123 2955 1471 3047 Maczeyowsky
1490 2952 1533 3026 de
1551 2959 1657 3035 armis
1676 2955 1978 3026 Thanrorum.

425 3076 467 3147 Iu
494 3097 562 3166 qua
589 3084 670 3147 sunt
696 3097 757 3146 sex
783 3076 876 3146 lanei
904 3075 1153 3162 omethonales‚
1180 3081 1216 3144 et
1234 3075 1277 3145 de
1296 3075 1454 3146 omnihus
1482 3077 1630 3147 solvitur
1656 3075 1787 3146 decima
1813 3075 1976 3162 manipu-

424 3195 508 3266 laris
534 3202 572 3266 et
589 3195 791 3267 conducitur
818 3206 880 3284 pro
900 3195 1110 3264 monasterio
1131 3194 1277 3265 Sanctae
1295 3193 1415 3265 Crucis
1442 3194 1576 3268 Calui
1604 3195 1797 3284 Montis,
1826 3201 1862 3264 et
1878 3193 1981 3264 ador

427 3314 472 3385 ad
491 3335 550 3385 sex
570 3303 734 3402 marcas;'
750 3315 832 3385 item
860 3315 1024 3384 tabernae
1052 3315 1149 3403 duae,
1178 3316 1325 3385 sednon
1344 3315 1475 3385 habent
1501 3291 1622 3403 agros}
1649 3316 1730 3385 item
1758 3314 1982 3385 hortulaniae

427 3453 496 3504 uon
523 3440 622 3522 sunt,
657 3435 739 3504 item
763 3433 940 3522 praedium
977 3442 1030 3504 est
1057 3435 1125 3523 ibi,
1161 3435 1204 3505 de
1232 3456 1299 3523 quo
1326 3435 1481 3530 solvitur·
1510 3435 1644 3504 decima
1679 3456 1742 3522 pro
1769 3433 1916 3503 ecclesia
1943 3433 1981 3500 in

431 3549 704 3643 Glodnyoza.

529 3671 749 3764 Paestana,
775 3675 859 3746 villa
877 3674 940 3746 sub
964 3675 1130 3764 parochia
1156 3673 1320 3745 ecclesiae
1348 3675 1391 3745 de
1417 3673 1709 3765 Srokomlya,
1738 3652 1836 3744 cuius
1854 3673 1979 3743 haeres

427 3791 590 3864 Nicolaus
616 3792 880 3884 Jauowslry,
914 3794 956 3864 de
985 3795 1085 3866 domo
1113 3793 1396 3885 Srolromlya.
1437 3795 1476 3865 ln
1504 3816 1573 3884 qua
1598 3801 1680 3866 suut
1705 3795 1797 3865 lanei
1824 3780 1979 3864 cmctho-

430 3913 545 4002 uales,
581 3912 686 3984 etde
714 3915 873 3985 omnihus
901 3915 1047 3985 solvitur
1075 3915 1207 3986 decima
1233 3916 1457 4004 manipularis
1484 3923 1520 3986 et
1538 3916 1743 3987 conducitur
1769 3935 1833 4004 pro
1861 3935 1980 3984 mona-

427 4033 534 4102 sterio
561 4030 708 4103 Sanctae
736 4032 874 4122 (lrucis;
897 4035 985 4105 'item
1011 4035 1198 4125 tabernae,
1225 4037 1308 4105 item
1336 4035 1529 4125 hortulani,
1556 4037 1639 4106 item
1666 4035 1856 4125 praedium.

530 4149 762 4242 Prasmon,
790 4153 874 4224 villa
891 4155 954 4224 sub
973 4155 1140 4242 parochia
1165 4155 1208 4225 de
1227 4155 1377 4244 Ragau
1403 4157 1484 4245 sita,
1512 4157 1607 4227 cuius
1634 4156 1757 4227 haeres
1784 4155 1977 4226 Stanislaus

428 4269 649 4361 dnywosz
676 4272 719 4342 de
746 4273 847 4343 domo
874 4272 1063 4364 Zgraya.
1103 4275 1143 4344 In
1171 4296 1239 4364 qua
1267 4283 1347 4348 sunt
1374 4283 1447 4346 tres
1474 4277 1566 4347 lanei
1593 4277 1845 4364 matitunales,
1874 4284 1911 4345 et
1936 4275 1979 4345 de

431 4391 590 4462 omuibus
618 4391 765 4463 solvitur
800 4392 933 4462 decima
960 4388 1199 4483 manipularis,
1235 4402 1271 4464 et
1298 4396 1500 4466 conducitur
1526 4399 1562 4466 in
1588 4397 1751 4468 horreum
1778 4396 1981 4466 monasterii

429 4506 576 4579 Sanctae
611 4508 750 4600 Crucis,
786 4517 821 4581 et
857 4511 954 4582 valor
990 4513 1064 4582 eius
1100 4512 1258 4584 adduas
1294 4534 1447 4603 marcaa3
1485 4517 1568 4586 item
1594 4517 1759 4587 tabernae
1793 4536 1862 4585 uon
1891 4521 1981 4602 suut,

430 4629 541 4702 neque
567 4611 804 4703 hortulaniae,
833 4616 915 4684 item
944 4615 1123 4703 praedium
1151 4637 1219 4686 non
1246 4624 1300 4687 est
1326 4617 1385 4689 ihi.
1547 4633 1553 4642 ‘

533 4728 687 4802 Uunnzm
714 4730 885 4822 Paruum,
913 4783 1216 4806 ............

533 4849 688 4923 Uannzu
716 4872 933 4945 assuuntur,
962 4909 1183 4927 .........

536 4968 728 5063 Gauranum,
765 4973 847 5046 villa
884 4975 947 5046 sub
984 4976 1150 5065 parochia
1184 4974 1485 5067 de10ppolye,
1520 4978 1618 5049 cuius
1653 4979 1778 5050 haeres
1813 4978 1979 5051 Nicolaus

428 5090 755 5184 Drzewiczsky
782 5094 825 5164 de
852 5093 982 5164 familia
1009 5094 1303 5167 Thanrorum.
1342 5096 1383 5166 Iu
1410 5117 1478 5186 qua
1504 5105 1585 5169 suut
1611 5104 1743 5189 septam
1768 5099 1860 5198 lanei
1887 5119 1978 5171 ome-
2033 5090 2037 5098 ’

428 5209 596 5300 thouales,
624 5217 661 5281 et
679 5211 721 5286 de
740 5213 898 5284 omnibus
926 5213 1071 5284 solvitur
1098 5222 1135 5285 et
1152 5215 1355 5286 conducitur
1377 5214 1511 5287 decima
1536 5217 1760 5306 manipularis
1777 5237 1843 5306 pro
1860 5237 1982 5290 mona·

288 5356 291 5367 ·
429 5331 536 5400 sterio
572 5329 719 5402 Sanctae
755 5331 893 5423 Crucis,
930 5339 966 5404 et
993 5333 1091 5406 valor
1127 5335 1201 5405 eius
1229 5336 1434 5406 aestimatur
1470 5335 1514 5407 ad
1542 5343 1676 5426 septem
1706 5357 1861 5426 marcas;
1897 5339 1982 5409 item

427 5449 575 5520 taberna
609 5472 677 5522 uua
713 5452 844 5525 habens
881 5473 1004 5545 agros,
1049 5455 1133 5525 item
1169 5455 1389 5527 hortulaniae
1424 5455 1513 5527 duae
1548 5457 1717 5529 habentes
1752 5445 1883 5547 agros,
1921 5458 1981 5547 qui

431 5586 549 5639 omues
576 5571 715 5642 solvunt
741 5571 906 5644 decimam
933 5574 1183 5664 manipularem
1214 5575 1250 5644 in
1273 5571 1481 5668 ponddwom
1506 5595 1570 5665 pro
1598 5577 1807 5649 monasterio
1834 5575 1983 5648 Sanctae
